{"gold_per_floor":[109,10,10,10,30,70,102,114,180,192,204,216,253,289,301,434,446,473,499,511,448,460,472,528,540,552,584,631,643,680,707,719,855,867,900,931,963,1000,1012,1024,113,113,113,146,479,494,494,524,524,524,524,524,25,59,59],"floor_reached":55,"playtime":3896,"items_purged":["Defend_B"],"score":850,"play_id":"95295612-11ed-4fee-992c-2b3226bfbd6c","local_time":"20181203084112","is_ascension_mode":false,"campfire_choices":[{"floor":8.0,"key":"REST"},{"floor":10.0,"key":"REST"},{"data":"Go for the Eyes","floor":12.0,"key":"SMITH"},{"data":"Zap","floor":15.0,"key":"SMITH"},{"data":"Dualcast","floor":23.0,"key":"SMITH"},{"data":"Steam Power","floor":25.0,"key":"SMITH"},{"floor":29.0,"key":"REST"},{"data":"Streamline","floor":32.0,"key":"SMITH"},{"data":"Stack","floor":40.0,"key":"SMITH"},{"floor":42.0,"key":"RECALL"},{"floor":47.0,"key":"REST"},{"floor":49.0,"key":"REST"},{"data":"FTL","floor":52.0,"key":"SMITH"}],"neow_cost":"NONE","seed_source_timestamp":465591593851700,"circlet_count":0,"master_deck":["Strike_B","Strike_B","Defend_B","Defend_B","Defend_B","Zap+1","Dualcast+1","Go for the Eyes+1","Hologram","Ball Lightning","Gash","Leap","Tempest","Streamline+1","All For One","Gash","Beam Cell","Steam Power+1","Beam Cell+1","Rebound+1","Conserve Battery+1","Steam+1","Stack+1","Meteor Strike","Turbo","Steam+1","Auto Shields+1","Master of Strategy","Defragment+1","FTL+1","Coolheaded+1","Hologram","Magnetism+1","Defragment+1","Recycle","Redo+1"],"special_seed":0,"relics":["Cracked Core","Oddly Smooth Stone","MawBank","Ancient Tea Set","Question Card","Nuclear Battery","Red Mask","Mango","Torii","Lizard Tail","Toy Ornithopter","Tiny Chest","Frozen Egg 2","Mercury Hourglass","FossilizedHelix","Art of War","Molten Egg 2"],"potions_floor_usage":[54,55],"damage_taken":[{"damage":1.0,"enemies":"Small Slimes","floor":1.0,"turns":4.0},{"damage":0.0,"enemies":"Jaw Worm","floor":5.0,"turns":3.0},{"damage":36.0,"enemies":"Gremlin Nob","floor":6.0,"turns":4.0},{"damage":0.0,"enemies":"2 Louse","floor":7.0,"turns":2.0},{"damage":3.0,"enemies":"Blue Slaver","floor":13.0,"turns":3.0},{"damage":0.0,"enemies":"2 Fungi Beasts","floor":14.0,"turns":2.0},{"damage":12.0,"enemies":"Slime Boss","floor":16.0,"turns":8.0},{"damage":6.0,"enemies":"Shell Parasite","floor":18.0,"turns":3.0},{"damage":18.0,"enemies":"3 Byrds","floor":19.0,"turns":3.0},{"damage":6.0,"enemies":"Masked Bandits","floor":24.0,"turns":3.0},{"damage":3.0,"enemies":"Snake Plant","floor":27.0,"turns":3.0},{"damage":15.0,"enemies":"Slavers","floor":28.0,"turns":5.0},{"damage":0.0,"enemies":"Cultist and Chosen","floor":30.0,"turns":3.0},{"damage":0.0,"enemies":"Snecko","floor":31.0,"turns":4.0},{"damage":0.0,"enemies":"Automaton","floor":33.0,"turns":5.0},{"damage":11.0,"enemies":"Orb Walker","floor":35.0,"turns":3.0},{"damage":2.0,"enemies":"3 Darklings","floor":36.0,"turns":4.0},{"damage":1.0,"enemies":"Maw","floor":37.0,"turns":6.0},{"damage":0.0,"enemies":"4 Shapes","floor":38.0,"turns":6.0},{"damage":44.0,"enemies":"Giant Head","floor":44.0,"turns":9.0},{"damage":10.0,"enemies":"Sphere and 2 Shapes","floor":46.0,"turns":3.0},{"damage":38.0,"enemies":"Reptomancer","floor":48.0,"turns":6.0},{"damage":92.0,"enemies":"Time Eater","floor":50.0,"turns":9.0},{"damage":31,"enemies":"Shield and Spear","floor":54,"turns":4},{"damage":92,"enemies":"The Heart","floor":55,"turns":8}],"seed_played":"-7028419844007392080","potions_obtained":[{"floor":13.0,"key":"Ancient Potion"},{"floor":14.0,"key":"Ancient Potion"},{"floor":16.0,"key":"Fire Potion"},{"floor":19.0,"key":"FocusPotion"},{"floor":24.0,"key":"Swift Potion"},{"floor":30.0,"key":"Fire Potion"},{"floor":35.0,"key":"EssenceOfSteel"},{"floor":36.0,"key":"LiquidBronze"},{"floor":46.0,"key":"Explosive Potion"}],"is_trial":false,"path_per_floor":["M","$","?","?","M","E","M","R","T","R","?","R","M","M","R","B",null,"M","M","?","?","?","R","?","R","T","M","E","R","M","M","R","B",null,"M","M","M","M","?","R","$","R","T","E","?","M","R","E","R","B",null,"R","$","E","B"],"character_chosen":"DEFECT","items_purchased":["Weak Potion","Hologram","Toy Ornithopter","Tiny Chest","Master of Strategy","Frozen Egg 2","Defragment+1","AttackPotion","Art of War","PowerPotion","Magnetism+1","Defragment+1","Recycle"],"campfire_rested":5,"item_purchase_floors":[2,2,41,41,41,41,41,41,53,53,53,53,53],"current_hp_per_floor":[74,74,67,49,49,13,13,35,35,57,54,54,51,51,51,39,75,69,51,51,51,51,51,45,45,59,56,41,67,67,67,67,67,89,78,76,75,75,75,75,75,75,75,41,41,31,57,24,50,12,89,89,89,58,0],"gold":59,"neow_bonus":"RANDOM_COMMON_RELIC","is_prod":false,"is_daily":false,"chose_seed":false,"campfire_upgraded":7,"win_rate":0,"timestamp":1543794072,"path_taken":["M","$","?","?","M","E","M","R","T","R","?","R","M","M","R","BOSS","M","M","?","?","?","R","?","R","T","M","E","R","?","M","R","BOSS","M","?","M","?","?","R","$","R","T","E","?","M","R","E","R","BOSS","R","$","E","BOSS"],"build_version":"2018-11-15","purchased_purges":1,"victory":false,"max_hp_per_floor":[75,75,75,75,75,75,75,75,75,75,75,75,75,75,75,75,75,75,75,75,75,75,75,75,75,89,89,89,89,89,89,89,89,89,89,89,89,89,89,89,89,89,89,89,89,89,89,89,89,89,89,89,89,89,89],"card_choices":[{"not_picked":["Coolheaded","Conserve Battery"],"picked":"Go for the Eyes","floor":1.0},{"not_picked":["Redo","Steam Power"],"picked":"Ball Lightning","floor":5.0},{"not_picked":["Go for the Eyes","Beam Cell"],"picked":"Gash","floor":6.0},{"not_picked":["Genetic Algorithm","White Noise"],"picked":"Leap","floor":7.0},{"not_picked":["Conserve Battery","Coolheaded","Chaos"],"picked":"Tempest","floor":13.0},{"not_picked":["Biased Cognition","Turbo","Melter"],"picked":"Streamline","floor":14.0},{"not_picked":["Hyperbeam","Buffer","Core Surge"],"picked":"All For One","floor":16.0},{"not_picked":["Leap+1","Darkness","Go for the Eyes"],"picked":"Gash","floor":18.0},{"not_picked":["Redo","Rebound","Blizzard"],"picked":"Beam Cell","floor":19.0},{"not_picked":["Self Repair","Rainbow","Coolheaded"],"picked":"Beam Cell+1","floor":24.0},{"not_picked":["Compile Driver","Turbo+1","Cold Snap"],"picked":"Rebound+1","floor":27.0},{"not_picked":["Stack","Hologram","Fission"],"picked":"Conserve Battery+1","floor":28.0},{"not_picked":["Compile Driver+1","Sweeping Beam","Redo+1"],"picked":"Steam+1","floor":30.0},{"not_picked":["Sweeping Beam","Conserve Battery","Darkness"],"picked":"Stack","floor":31.0},{"not_picked":["Rainbow","Echo Form","Hyperbeam"],"picked":"Meteor Strike","floor":33.0},{"not_picked":["Steam","Go for the Eyes+1","Beam Cell"],"picked":"Turbo","floor":35.0},{"not_picked":["Compile Driver+1","Rebound+1","Reprogram"],"picked":"Steam+1","floor":36.0},{"not_picked":["Heatsinks","Hello World+1","Beam Cell"],"picked":"Capacitor+1","floor":37.0},{"not_picked":["Hologram","Ball Lightning","Conserve Battery"],"picked":"Auto Shields+1","floor":38.0},{"not_picked":["Hyperbeam","Recycle+1","Beam Cell"],"picked":"FTL","floor":44.0},{"not_picked":["Glacier","Cold Snap","Rainbow"],"picked":"Coolheaded+1","floor":46.0},{"not_picked":["Aggregate+1","Recycle","Amplify"],"picked":"Hologram","floor":48.0},{"not_picked":["Steam","Defragment+1","Conserve Battery"],"picked":"Redo+1","floor":54}],"player_experience":603476,"relics_obtained":[{"floor":6.0,"key":"MawBank"},{"floor":9.0,"key":"Ancient Tea Set"},{"floor":24.0,"key":"Red Mask"},{"floor":26.0,"key":"Mango"},{"floor":28.0,"key":"Torii"},{"floor":44.0,"key":"Mercury Hourglass"},{"floor":48.0,"key":"FossilizedHelix"},{"floor":54,"key":"Molten Egg 2"}],"event_choices":[{"cards_removed":["Strike_B"],"damage_healed":0.0,"max_hp_gain":0.0,"max_hp_loss":0.0,"gold_gain":0.0,"event_name":"Golden Wing","player_choice":"Card Removal","floor":3.0,"gold_loss":0.0,"damage_taken":7.0},{"damage_healed":0.0,"max_hp_gain":0.0,"max_hp_loss":0.0,"gold_gain":0.0,"event_name":"Golden Idol","player_choice":"Take Damage","floor":4.0,"gold_loss":0.0,"damage_taken":18.0,"relics_obtained":["Golden Idol"]},{"damage_healed":0.0,"max_hp_gain":0.0,"max_hp_loss":0.0,"gold_gain":0.0,"event_name":"Scrap Ooze","player_choice":"Success","floor":11.0,"gold_loss":0.0,"damage_taken":3.0,"relics_obtained":["Question Card"]},{"damage_healed":0.0,"max_hp_gain":0.0,"max_hp_loss":0.0,"gold_gain":0.0,"event_name":"The Library","player_choice":"Read","floor":20.0,"gold_loss":0.0,"damage_taken":0.0,"cards_obtained":["Steam Power"]},{"cards_removed":["Strike_B"],"damage_healed":0.0,"max_hp_gain":0.0,"max_hp_loss":0.0,"gold_gain":0.0,"event_name":"Beggar","player_choice":"Gave Gold","floor":21.0,"gold_loss":75.0,"damage_taken":0.0},{"damage_healed":0.0,"max_hp_gain":0.0,"max_hp_loss":0.0,"gold_gain":0.0,"event_name":"Vampires","player_choice":"Ignored","floor":22.0,"gold_loss":0.0,"damage_taken":0.0},{"damage_healed":0.0,"max_hp_gain":0.0,"max_hp_loss":0.0,"gold_gain":0.0,"event_name":"Masked Bandits","player_choice":"Fought Bandits","floor":24.0,"gold_loss":0.0,"damage_taken":0.0},{"cards_removed":["Capacitor"],"damage_healed":0.0,"max_hp_gain":0.0,"max_hp_loss":0.0,"gold_gain":0.0,"event_name":"Falling","player_choice":"Removed Power","floor":39.0,"gold_loss":0.0,"damage_taken":0.0},{"damage_healed":0.0,"max_hp_gain":0.0,"max_hp_loss":0.0,"gold_gain":333.0,"event_name":"The Moai Head","player_choice":"Gave Idol","floor":45.0,"relics_lost":["Golden Idol"],"gold_loss":0.0,"damage_taken":0.0}],"is_beta":false,"boss_relics":[{"not_picked":["Philosopher\u0027s Stone","Empty Cage"],"picked":"Nuclear Battery"},{"not_picked":["Black Star","Sozu"],"picked":"Lizard Tail"}],"items_purged_floors":[41],"is_endless":false,"potions_floor_spawned":[13,14,16,19,24,30,35,36,46],"killed_by":"The Heart","ascension_level":0}