{"gold_per_floor":[411,586,661,426,426,426,451,451,478,478,513,513,540,559,559,664,664,679,692,692,702,411,411,425,199,226,244,263,281,281,295,295,397,397,417,431,318,318,318,318,350,39,66,66,66,66,80,80,80,80],"floor_reached":51,"playtime":1436,"items_purged":["Doubt","Parasite","Strike_R","Strike_R","Strike_R"],"score":796,"play_id":"eef84103-79f5-4476-9d9d-f0dcfda3aa91","local_time":"20190808233029","is_ascension_mode":false,"campfire_choices":[{"data":"Bash","floor":6.0,"key":"SMITH"},{"floor":8.0,"key":"REST"},{"data":"Defend_R","floor":10.0,"key":"SMITH"},{"data":"Feed","floor":12.0,"key":"SMITH"},{"data":"Infernal Blade","floor":15.0,"key":"SMITH"},{"data":"Inflame","floor":23.0,"key":"SMITH"},{"data":"Feed","floor":30.0,"key":"SMITH"},{"data":"Inflame","floor":32.0,"key":"SMITH"},{"data":"Limit Break","floor":40.0,"key":"SMITH"},{"data":"Whirlwind","floor":44.0,"key":"SMITH"},{"data":"Blind","floor":46,"key":"SMITH"},{"data":"Good Instincts","floor":49,"key":"SMITH"}],"neow_cost":"CURSE","seed_source_timestamp":5850967022273,"circlet_count":0,"master_deck":["Strike_R","Strike_R","Defend_R","Defend_R","Defend_R+1","Bash+1","Whirlwind+1","Shockwave+1","Feed+1","Intimidate","Infernal Blade+1","Feed+1","Inflame+1","Inflame+1","Whirlwind+1","Headbutt","Limit Break+1","Twin Strike","Good Instincts+1","Blind+1"],"special_seed":0,"relics":["Burning Blood","Old Coin","The Courier","Blood Vial","Strawberry","Blue Candle","Busted Crown","Lee\u0027s Waffle","Smiling Mask","Runic Dome","Molten Egg 2","Pen Nib","Lantern","CultistMask"],"potions_floor_usage":[45,47,50],"damage_taken":[{"damage":3.0,"enemies":"Small Slimes","floor":1.0,"turns":4.0},{"damage":35.0,"enemies":"3 Sentries","floor":7.0,"turns":5.0},{"damage":26.0,"enemies":"Lagavulin","floor":11.0,"turns":7.0},{"damage":14.0,"enemies":"3 Sentries","floor":13.0,"turns":3.0},{"damage":2.0,"enemies":"2 Louse","floor":14.0,"turns":4.0},{"damage":54.0,"enemies":"The Guardian","floor":16.0,"turns":11.0},{"damage":8.0,"enemies":"Shell Parasite","floor":18.0,"turns":5.0},{"damage":16.0,"enemies":"2 Thieves","floor":19.0,"turns":4.0},{"damage":33.0,"enemies":"Snecko","floor":21.0,"turns":7.0},{"damage":9.0,"enemies":"3 Cultists","floor":24.0,"turns":5.0},{"damage":6.0,"enemies":"Cultist and Chosen","floor":27.0,"turns":4.0},{"damage":15.0,"enemies":"Snake Plant","floor":28.0,"turns":5.0},{"damage":1.0,"enemies":"Chosen and Byrds","floor":29.0,"turns":4.0},{"damage":13.0,"enemies":"Cultist and Chosen","floor":31.0,"turns":5.0},{"damage":72.0,"enemies":"Collector","floor":33.0,"turns":8.0},{"damage":10.0,"enemies":"Orb Walker","floor":35.0,"turns":3.0},{"damage":44.0,"enemies":"3 Shapes","floor":36.0,"turns":4.0},{"damage":36.0,"enemies":"Nemesis","floor":41.0,"turns":7.0},{"damage":0,"enemies":"Reptomancer","floor":45,"turns":1},{"damage":7,"enemies":"3 Darklings","floor":47,"turns":3},{"damage":137,"enemies":"Awakened One","floor":50,"turns":10}],"seed_played":"-7938649109024613195","potions_obtained":[{"floor":11.0,"key":"BloodPotion"},{"floor":13.0,"key":"FearPotion"},{"floor":18.0,"key":"SteroidPotion"},{"floor":19.0,"key":"Weak Potion"},{"floor":24.0,"key":"SkillPotion"},{"floor":29.0,"key":"SneckoOil"},{"floor":35.0,"key":"SpeedPotion"},{"floor":36.0,"key":"BloodPotion"},{"floor":41.0,"key":"SneckoOil"}],"is_trial":false,"path_per_floor":["M","?","?","$","?","R","E","R","T","R","E","R","E","M","R","B",null,"M","M","?","M","$","R","M","$","T","M","M","M","R","M","R","B",null,"M","M","$","?","?","R","E","$","T","R","E","R","M","?","R","B",null],"character_chosen":"IRONCLAD","items_purchased":["Whirlwind","Shockwave","Inflame","Lee\u0027s Waffle","Inflame","Whirlwind","BloodPotion","Pen Nib","SmokeBomb","LiquidBronze"],"campfire_rested":1,"item_purchase_floors":[4,4,22,22,25,25,37,42,42,42],"current_hp_per_floor":[80,80,69,69,53,53,24,48,48,48,37,37,52,62,62,16,91,93,89,89,68,107,107,107,107,107,116,111,125,125,128,128,64,135,135,103,103,93,93,93,100,100,100,100,108,108,147,147,147,20],"gold":80,"neow_bonus":"ONE_RARE_RELIC","is_prod":false,"is_daily":false,"chose_seed":false,"campfire_upgraded":11,"win_rate":0,"timestamp":1565328629,"path_taken":["M","?","?","$","?","R","E","R","T","R","E","R","E","M","R","BOSS","M","M","?","M","$","R","M","$","T","M","M","M","R","M","R","BOSS","M","M","$","?","?","R","E","$","T","R","E","R","M","?","R","BOSS"],"build_version":"2019-07-17","purchased_purges":5,"victory":true,"max_hp_per_floor":[80,80,80,80,80,80,80,80,80,80,87,87,87,91,91,91,91,95,99,99,103,107,107,110,110,110,117,120,127,127,135,135,135,135,139,143,143,143,143,143,143,143,143,143,143,143,147,147,147,151],"card_choices":[{"not_picked":["Perfected Strike","Fire Breathing","Armaments"],"picked":"SKIP","floor":1.0},{"not_picked":["Perfected Strike","Clash","Clothesline"],"picked":"SKIP","floor":7.0},{"not_picked":["Cleave","Heavy Blade"],"picked":"Feed","floor":11.0},{"not_picked":["Pommel Strike","Heavy Blade"],"picked":"Intimidate","floor":13.0},{"not_picked":["Body Slam","Pommel Strike"],"picked":"Infernal Blade","floor":14.0},{"not_picked":["Fiend Fire","Exhume"],"picked":"Feed","floor":16.0},{"not_picked":["Wild Strike"],"picked":"SKIP","floor":18.0},{"not_picked":["Rupture"],"picked":"SKIP","floor":19.0},{"not_picked":["Body Slam+1"],"picked":"SKIP","floor":21.0},{"not_picked":["Battle Trance"],"picked":"SKIP","floor":24.0},{"not_picked":["Metallicize"],"picked":"SKIP","floor":27.0},{"not_picked":["Flex"],"picked":"SKIP","floor":28.0},{"not_picked":["Headbutt"],"picked":"SKIP","floor":29.0},{"not_picked":[],"picked":"Headbutt","floor":29.0},{"not_picked":["Havoc"],"picked":"SKIP","floor":31.0},{"not_picked":[],"picked":"Limit Break","floor":33.0},{"not_picked":["Twin Strike"],"picked":"SKIP","floor":35.0},{"not_picked":[],"picked":"Twin Strike","floor":35.0},{"not_picked":["Spot Weakness"],"picked":"SKIP","floor":36.0},{"not_picked":[],"picked":"Good Instincts","floor":38.0},{"not_picked":[],"picked":"Blind","floor":38.0},{"not_picked":["Clash+1"],"picked":"SKIP","floor":41.0},{"not_picked":["Thunderclap+1"],"picked":"SKIP","floor":47}],"player_experience":1664155,"relics_obtained":[{"floor":7.0,"key":"The Courier"},{"floor":9.0,"key":"Blood Vial"},{"floor":11.0,"key":"Strawberry"},{"floor":13.0,"key":"Blue Candle"},{"floor":26.0,"key":"Smiling Mask"},{"floor":41.0,"key":"Molten Egg 2"},{"floor":43.0,"key":"Lantern"}],"event_choices":[{"damage_healed":0.0,"max_hp_gain":0.0,"max_hp_loss":0.0,"gold_gain":175.0,"event_name":"Liars Game","player_choice":"AGREE","floor":2.0,"gold_loss":0.0,"damage_taken":0.0,"cards_obtained":["Doubt"]},{"damage_healed":0.0,"max_hp_gain":0.0,"max_hp_loss":0.0,"gold_gain":75.0,"event_name":"World of Goop","player_choice":"Gather Gold","floor":3.0,"gold_loss":0.0,"damage_taken":11.0},{"damage_healed":0.0,"max_hp_gain":0.0,"max_hp_loss":0.0,"gold_gain":0.0,"event_name":"Shining Light","player_choice":"Entered Light","floor":5.0,"gold_loss":0.0,"damage_taken":16.0,"cards_upgraded":["Whirlwind","Shockwave"]},{"damage_healed":0.0,"max_hp_gain":0.0,"max_hp_loss":0.0,"gold_gain":0.0,"event_name":"Ghosts","player_choice":"Ignored","floor":20.0,"gold_loss":0.0,"damage_taken":0.0},{"damage_healed":0.0,"max_hp_gain":0.0,"max_hp_loss":0.0,"gold_gain":0.0,"event_name":"SensoryStone","player_choice":"Memory 3","floor":38.0,"gold_loss":0.0,"damage_taken":10.0},{"cards_removed":["Defend_R"],"damage_healed":0.0,"max_hp_gain":0.0,"max_hp_loss":0.0,"gold_gain":0.0,"event_name":"Falling","player_choice":"Removed Skill","floor":39.0,"gold_loss":0.0,"damage_taken":0.0},{"damage_healed":0,"gold_gain":0,"player_choice":"Trade","damage_taken":0,"relics_obtained":["CultistMask"],"max_hp_gain":0,"max_hp_loss":0,"event_name":"FaceTrader","floor":48,"gold_loss":0}],"is_beta":false,"boss_relics":[{"not_picked":["Fusion Hammer","White Beast Statue"],"picked":"Busted Crown"},{"not_picked":["Black Star","Snecko Eye"],"picked":"Runic Dome"}],"items_purged_floors":[4,22,25,37,42],"is_endless":false,"potions_floor_spawned":[11,13,18,19,24,29,35,36,41],"ascension_level":0}