{"gold_per_floor":[117,189,20,20,35,35,66,66,66,96,96,112,112,123,123,222,222,232,232,232,60,71,71,91,101,101,101,16,16,16,31,31,133,133,150,1149,1149,1159,124,124,124],"floor_reached":41,"playtime":1079,"items_purged":["Strike_B","Strike_B+1","Normality"],"score":437,"play_id":"5d035d13-76c6-4bfe-ada5-e74b8bcda40e","local_time":"20190811025011","is_ascension_mode":false,"campfire_choices":[{"data":"Zap","floor":6.0,"key":"SMITH"},{"data":"Dualcast","floor":8.0,"key":"SMITH"},{"data":"Hello World","floor":15.0,"key":"SMITH"},{"data":"Defragment","floor":23.0,"key":"SMITH"},{"data":"Machine Learning","floor":27,"key":"SMITH"},{"data":"Doom and Gloom","floor":30,"key":"SMITH"},{"floor":32,"key":"REST"},{"data":"Mayhem","floor":40,"key":"SMITH"}],"neow_cost":"NONE","seed_source_timestamp":0,"circlet_count":0,"master_deck":["Strike_B+1","Strike_B+1","Defend_B+1","Defend_B+1","Defend_B+1","Defend_B+1","Zap+1","Dualcast+1","Doom and Gloom+1","Good Instincts","Hello World+1","Conserve Battery","Machine Learning+1","Go for the Eyes","Self Repair","Machine Learning+1","Defragment+1","Hello World+1","Biased Cognition","Doom and Gloom+1","Normality","Ball Lightning","Defragment+1","White Noise","Mayhem+1"],"special_seed":0,"relics":["Cracked Core","NeowsBlessing","Lantern","Thread and Needle","Odd Mushroom","Philosopher\u0027s Stone","Meat on the Bone","Smiling Mask","Runic Dome","Prayer Wheel","Centennial Puzzle","Sling"],"potions_floor_usage":[33],"damage_taken":[{"damage":0.0,"enemies":"Small Slimes","floor":1.0,"turns":1.0},{"damage":0.0,"enemies":"2 Louse","floor":5.0,"turns":1.0},{"damage":0.0,"enemies":"Gremlin Nob","floor":7.0,"turns":1.0},{"damage":0.0,"enemies":"The Mushroom Lair","floor":10.0,"turns":3.0},{"damage":2.0,"enemies":"Jaw Worm","floor":12.0,"turns":3.0},{"damage":0.0,"enemies":"Large Slime","floor":14.0,"turns":4.0},{"damage":11.0,"enemies":"Slime Boss","floor":16.0,"turns":8.0},{"damage":8.0,"enemies":"Chosen","floor":18.0,"turns":4.0},{"damage":2.0,"enemies":"Shell Parasite","floor":22.0,"turns":4.0},{"damage":11,"enemies":"Chosen and Byrds","floor":24,"turns":6},{"damage":12,"enemies":"Snake Plant","floor":25,"turns":5},{"damage":23,"enemies":"Centurion and Healer","floor":31,"turns":5},{"damage":25,"enemies":"Automaton","floor":33,"turns":8},{"damage":19,"enemies":"3 Shapes","floor":35,"turns":4},{"damage":43,"enemies":"Orb Walker","floor":38,"turns":6},{"damage":21,"enemies":"Giant Head","floor":41,"turns":4}],"seed_played":"-7254400951320893099","potions_obtained":[{"floor":7.0,"key":"FearPotion"},{"floor":12.0,"key":"Block Potion"},{"floor":24,"key":"Strength Potion"},{"floor":33,"key":"GamblersBrew"}],"is_trial":false,"path_per_floor":["M","?","$","?","M","R","E","R","T","?","?","M","?","M","R","B",null,"M","?","?","$","M","R","M","M","T","R","?","$","R","M","R","B",null,"M","?","?","M","$","R","E"],"character_chosen":"DEFECT","items_purchased":["Good Instincts","Defragment","Block Potion","Prayer Wheel","Centennial Puzzle","Sling","SpeedPotion","White Noise","Mayhem"],"campfire_rested":1,"item_purchase_floors":[3,21,39,39,39,39,39,39,39],"current_hp_per_floor":[75,75,75,80,80,80,80,80,80,80,80,78,62,62,62,58,80,79,79,79,79,80,80,76,71,71,71,71,71,71,55,79,54,80,68,68,68,44,44,44,23],"gold":124,"neow_bonus":"THREE_ENEMY_KILL","is_prod":false,"is_daily":false,"chose_seed":false,"campfire_upgraded":7,"win_rate":0,"timestamp":1565513411,"path_taken":["M","?","$","?","?","R","E","R","T","?","?","M","?","M","R","BOSS","M","?","?","$","M","R","M","M","T","R","?","$","R","M","R","BOSS","M","?","?","M","$","R","E"],"build_version":"2019-07-17","purchased_purges":3,"victory":false,"max_hp_per_floor":[75,75,75,80,80,80,80,80,80,80,80,80,80,80,80,80,80,80,80,80,80,80,80,80,80,80,80,80,80,80,80,80,80,80,80,80,80,80,80,80,80],"card_choices":[{"not_picked":["Hologram","Stack"],"picked":"Doom and Gloom","floor":1.0},{"not_picked":["Go for the Eyes","Streamline"],"picked":"Hello World","floor":5.0},{"not_picked":["Turbo","Double Energy"],"picked":"Conserve Battery","floor":7.0},{"not_picked":["Melter","Conserve Battery"],"picked":"Machine Learning","floor":10.0},{"not_picked":["Coolheaded","Steam"],"picked":"Go for the Eyes","floor":12.0},{"not_picked":["Aggregate","Barrage"],"picked":"Self Repair","floor":14.0},{"not_picked":["Core Surge","Amplify"],"picked":"Machine Learning","floor":16.0},{"not_picked":["Genetic Algorithm","Compile Driver+1","Static Discharge+1"],"picked":"SKIP","floor":18.0},{"not_picked":["Streamline","Cold Snap","Conserve Battery"],"picked":"SKIP","floor":22.0},{"not_picked":["Barrage+1","Auto Shields+1","Streamline"],"picked":"SKIP","floor":24},{"not_picked":["Static Discharge","Gash+1","Redo"],"picked":"SKIP","floor":25},{"not_picked":["Rebound+1","Echo Form"],"picked":"Hello World+1","floor":31},{"not_picked":["All For One","Fission"],"picked":"Biased Cognition","floor":33},{"not_picked":["Go for the Eyes","Storm"],"picked":"Doom and Gloom+1","floor":35},{"not_picked":["Leap+1","Lockon"],"picked":"Defragment+1","floor":38}],"player_experience":1665591,"relics_obtained":[{"floor":7.0,"key":"Lantern"},{"floor":9.0,"key":"Thread and Needle"},{"floor":10.0,"key":"Odd Mushroom"},{"floor":26,"key":"Meat on the Bone"}],"event_choices":[{"damage_healed":0.0,"max_hp_gain":0.0,"max_hp_loss":0.0,"gold_gain":72.0,"event_name":"Golden Wing","player_choice":"Gained Gold","floor":2.0,"gold_loss":0.0,"damage_taken":0.0},{"damage_healed":0.0,"max_hp_gain":5.0,"max_hp_loss":0.0,"gold_gain":0.0,"event_name":"Big Fish","player_choice":"Donut","floor":4.0,"gold_loss":0.0,"damage_taken":0.0},{"damage_healed":0.0,"max_hp_gain":0.0,"max_hp_loss":0.0,"gold_gain":0.0,"event_name":"Mushrooms","player_choice":"Fought Mushrooms","floor":10.0,"gold_loss":0.0,"damage_taken":0.0},{"damage_healed":0.0,"max_hp_gain":0.0,"max_hp_loss":0.0,"gold_gain":0.0,"event_name":"Living Wall","player_choice":"Grow","floor":11.0,"gold_loss":0.0,"damage_taken":0.0,"cards_upgraded":["Machine Learning"]},{"damage_healed":0.0,"max_hp_gain":0.0,"max_hp_loss":0.0,"gold_gain":0.0,"event_name":"Shining Light","player_choice":"Entered Light","floor":13.0,"gold_loss":0.0,"damage_taken":16.0,"cards_upgraded":["Defend_B","Strike_B"]},{"damage_healed":0.0,"max_hp_gain":0.0,"max_hp_loss":0.0,"gold_gain":0.0,"event_name":"Back to Basics","player_choice":"Simplicity","floor":19.0,"gold_loss":0.0,"damage_taken":0.0,"cards_upgraded":["Strike_B","Strike_B","Defend_B","Defend_B","Defend_B"]},{"damage_healed":0.0,"max_hp_gain":0.0,"max_hp_loss":0.0,"gold_gain":0.0,"event_name":"Vampires","player_choice":"Ignored","floor":20.0,"gold_loss":0.0,"damage_taken":0.0},{"damage_healed":0,"gold_gain":0,"player_choice":"Obtained Relic","damage_taken":0,"relics_obtained":["Smiling Mask"],"max_hp_gain":0,"max_hp_loss":0,"event_name":"Addict","floor":28,"gold_loss":85},{"damage_healed":0,"gold_gain":999,"player_choice":"Gold","damage_taken":0,"max_hp_gain":0,"max_hp_loss":0,"event_name":"MindBloom","floor":36,"gold_loss":0,"cards_obtained":["Normality","Normality"]},{"damage_healed":0,"gold_gain":0,"player_choice":"1 cards matched","damage_taken":0,"max_hp_gain":0,"max_hp_loss":0,"event_name":"Match and Keep!","floor":37,"gold_loss":0,"cards_obtained":["Ball Lightning"]}],"is_beta":false,"boss_relics":[{"not_picked":["White Beast Statue","Eternal Feather"],"picked":"Philosopher\u0027s Stone"},{"not_picked":["Velvet Choker","Empty Cage"],"picked":"Runic Dome"}],"items_purged_floors":[3,21,39],"is_endless":false,"potions_floor_spawned":[7,12,24,33],"killed_by":"Giant Head","ascension_level":0}