{"gold_per_floor":[119,133,133,26,26,57,57,89,116,116,191,241,252,252,252,328,328,346,346,191,208,208,208],"floor_reached":23,"playtime":1045,"items_purged":["Writhe"],"score":405,"play_id":"f63fa3ef-c731-4f34-a1cd-12763cba4320","local_time":"20190807034526","is_ascension_mode":true,"campfire_choices":[{"floor":7,"key":"REST"},{"floor":10,"key":"REST"},{"floor":15,"key":"REST"}],"neow_cost":"PERCENT_DAMAGE","seed_source_timestamp":353871669197700,"circlet_count":0,"master_deck":["AscendersBane","Defend_G","Defend_G","Defend_G","Defend_G","Defend_G","Survivor+1","Neutralize","Unload","Finisher+1","Footwork","Riddle With Holes","Panacea","Footwork","Dagger Throw+1","Noxious Fumes","Backflip","Burst","Predator","Bite","Bite","Bite","Bite","Bite"],"relics":["Ring of the Snake","PreservedInsect","Art of War","Ice Cream","Whetstone","Letter Opener","Busted Crown","Snake Skull"],"potions_floor_usage":[6,16,16],"damage_taken":[{"damage":3,"enemies":"Jaw Worm","floor":1,"turns":4},{"damage":0,"enemies":"Small Slimes","floor":2,"turns":3},{"damage":35,"enemies":"3 Sentries","floor":6,"turns":8},{"damage":12,"enemies":"Gremlin Nob","floor":8,"turns":4},{"damage":0,"enemies":"Cultist","floor":13,"turns":3},{"damage":12,"enemies":"The Guardian","floor":16,"turns":14},{"damage":12,"enemies":"Chosen","floor":18,"turns":6},{"damage":4,"enemies":"Spheric Guardian","floor":21,"turns":6},{"damage":53,"enemies":"Slavers","floor":23,"turns":4}],"seed_played":"1340909492650863696","potions_obtained":[{"floor":1,"key":"Poison Potion"},{"floor":6,"key":"SpeedPotion"},{"floor":8,"key":"Swift Potion"}],"is_trial":false,"path_per_floor":["M","M","?","$","?","E","R","E","T","R","T","?","M","?","R","B",null,"M","?","$","M","?","E"],"character_chosen":"THE_SILENT","items_purchased":["Panacea","Predator"],"campfire_rested":3,"item_purchase_floors":[4,20],"current_hp_per_floor":[41,41,36,36,36,1,20,8,8,27,27,27,27,7,26,14,53,41,41,41,37,37,0],"gold":208,"neow_bonus":"TRANSFORM_TWO_CARDS","is_prod":false,"is_daily":false,"chose_seed":false,"campfire_upgraded":0,"win_rate":0,"timestamp":1565117126,"path_taken":["M","M","?","$","?","E","R","E","T","R","?","?","?","?","R","BOSS","M","?","$","M","?","E"],"build_version":"2019-07-17","purchased_purges":1,"victory":false,"max_hp_per_floor":[66,66,66,66,66,66,66,66,66,66,66,66,66,66,66,66,66,66,66,66,66,46,46],"card_choices":[{"not_picked":["Flechettes","Accuracy"],"picked":"Footwork","floor":1},{"not_picked":["Outmaneuver","Deadly Poison"],"picked":"Riddle With Holes","floor":2},{"not_picked":["Expertise","Deflect"],"picked":"Dagger Throw","floor":6},{"not_picked":["Prepared","Caltrops"],"picked":"Noxious Fumes","floor":8},{"not_picked":["Blade Dance","Predator"],"picked":"Backflip","floor":13},{"not_picked":["Envenom","Corpse Explosion"],"picked":"Burst","floor":16},{"not_picked":["Setup"],"picked":"SKIP","floor":18},{"not_picked":["Endless Agony"],"picked":"SKIP","floor":21}],"player_experience":606215,"relics_obtained":[{"floor":6,"key":"Art of War"},{"floor":8,"key":"Ice Cream"},{"floor":9,"key":"Whetstone"},{"floor":11,"key":"Letter Opener"}],"event_choices":[{"damage_healed":0,"gold_gain":0,"player_choice":"Success","damage_taken":5,"relics_obtained":["PreservedInsect"],"max_hp_gain":0,"max_hp_loss":0,"event_name":"Scrap Ooze","floor":3,"gold_loss":0},{"damage_healed":0,"gold_gain":0,"cards_transformed":["Strike_G"],"player_choice":"Change","damage_taken":0,"max_hp_gain":0,"max_hp_loss":0,"event_name":"Living Wall","floor":5,"gold_loss":0,"cards_obtained":["Footwork"]},{"damage_healed":0,"gold_gain":50,"player_choice":"Pray","damage_taken":0,"max_hp_gain":0,"max_hp_loss":0,"event_name":"Golden Shrine","floor":12,"gold_loss":0},{"damage_healed":0,"gold_gain":0,"player_choice":"Entered Light","damage_taken":20,"max_hp_gain":0,"max_hp_loss":0,"event_name":"Shining Light","floor":14,"gold_loss":0,"cards_upgraded":["Survivor","Dagger Throw"]},{"damage_healed":0,"gold_gain":0,"player_choice":"Opened","damage_taken":0,"relics_obtained":["Snake Skull"],"max_hp_gain":0,"max_hp_loss":0,"event_name":"The Mausoleum","floor":19,"gold_loss":0,"cards_obtained":["Writhe"]},{"damage_healed":0,"gold_gain":0,"player_choice":"Became a vampire","damage_taken":0,"max_hp_gain":0,"max_hp_loss":20,"event_name":"Vampires","floor":22,"gold_loss":0,"cards_obtained":["Bite","Bite","Bite","Bite","Bite"]}],"is_beta":false,"boss_relics":[{"not_picked":["White Beast Statue","Lizard Tail"],"picked":"Busted Crown"}],"items_purged_floors":[20],"is_endless":false,"potions_floor_spawned":[1,6,8],"killed_by":"Slavers","ascension_level":19}