{"gold_per_floor":[11,11,25,25,35,68,68,68,68,88,88,103,121,121,121,199,199,219,233,233,244,244,244,259,277,302,312,326,344,344,344,344,421,421,436,31,31,31,31,61,4,4,79,97,0,0,0,16,16,16],"floor_reached":50,"playtime":3817,"items_purged":["Defend_B"],"score":1267,"play_id":"03f3e056-a3d8-4016-bf24-5b0dc98c3a66","local_time":"20190824064516","is_ascension_mode":true,"campfire_choices":[{"floor":8,"key":"REST"},{"data":"Reinforced Body","floor":11,"key":"SMITH"},{"data":"Go for the Eyes","floor":15,"key":"SMITH"},{"data":"Creative AI","floor":23,"key":"SMITH"},{"data":"Defragment","floor":30,"key":"SMITH"},{"floor":32,"key":"REST"},{"floor":42,"key":"REST"},{"floor":46,"key":"REST"},{"floor":49,"key":"REST"}],"neow_cost":"NO_GOLD","seed_source_timestamp":256668058214200,"circlet_count":0,"master_deck":["AscendersBane","Strike_B+1","Defend_B","Defend_B","Zap+1","Dualcast+1","Rebound","Reinforced Body+1","Self Repair","Rebound","Turbo+1","Go for the Eyes+1","Conserve Battery+1","Reinforced Body+1","Electrodynamics","Hologram+1","Hologram+1","Reinforced Body+1","Creative AI+1","Defragment+1","Capacitor+1","Auto Shields+1","Hologram+1","Fission+1","Beam Cell+1","Stack+1","Go for the Eyes+1","Leap+1","Defragment","Coolheaded+1","Master of Strategy+1","Blind+1","Panache","Cold Snap+1","Chill+1","Cold Snap+1"],"special_seed":0,"relics":["Cracked Core","Matryoshka","Toxic Egg 2","Anchor","Velvet Choker","DataDisk","Lantern","Molten Egg 2","Astrolabe","Sundial","The Courier","Red Mask"],"potions_floor_usage":[16,18,19,28,33,33],"damage_taken":[{"damage":1,"enemies":"Cultist","floor":1,"turns":3},{"damage":7,"enemies":"Small Slimes","floor":3,"turns":3},{"damage":7,"enemies":"Jaw Worm","floor":5,"turns":2},{"damage":28,"enemies":"3 Sentries","floor":6,"turns":7},{"damage":3,"enemies":"Blue Slaver","floor":10,"turns":3},{"damage":7,"enemies":"Exordium Wildlife","floor":12,"turns":4},{"damage":0,"enemies":"Gremlin Gang","floor":13,"turns":5},{"damage":10,"enemies":"The Guardian","floor":16,"turns":15},{"damage":5,"enemies":"Shell Parasite","floor":18,"turns":6},{"damage":0,"enemies":"3 Byrds","floor":19,"turns":5},{"damage":3,"enemies":"3 Cultists","floor":21,"turns":5},{"damage":3,"enemies":"Snecko","floor":24,"turns":6},{"damage":23,"enemies":"Snake Plant","floor":25,"turns":7},{"damage":27,"enemies":"Shelled Parasite and Fungi","floor":27,"turns":9},{"damage":42,"enemies":"3 Cultists","floor":28,"turns":8},{"damage":0,"enemies":"Snecko","floor":29,"turns":5},{"damage":32,"enemies":"Collector","floor":33,"turns":11},{"damage":22,"enemies":"Orb Walker","floor":35,"turns":7},{"damage":37,"enemies":"Reptomancer","floor":40,"turns":8},{"damage":18,"enemies":"3 Darklings","floor":44,"turns":5},{"damage":0,"enemies":"Jaw Worm Horde","floor":48,"turns":7},{"damage":78,"enemies":"Donu and Deca","floor":50,"turns":17}],"seed_played":"-8811070973318206182","potions_obtained":[{"floor":5,"key":"Poison Potion"},{"floor":10,"key":"Ancient Potion"},{"floor":16,"key":"Swift Potion"},{"floor":24,"key":"Strength Potion"},{"floor":27,"key":"Regen Potion"},{"floor":28,"key":"Strength Potion"},{"floor":40,"key":"Explosive Potion"}],"is_trial":false,"path_per_floor":["M","?","M","?","M","E","?","R","T","M","R","M","M","?","R","B",null,"M","M","?","M","?","R","M","M","T","M","M","M","R","T","R","B",null,"M","$","?","?","$","E","$","R","T","M","?","R","?","M","R","B"],"character_chosen":"DEFECT","items_purchased":["Defragment","Coolheaded+1","Master of Strategy+1","Cold Snap+1"],"campfire_rested":5,"item_purchase_floors":[36,36,36,41],"current_hp_per_floor":[77,77,70,44,37,9,2,27,27,31,31,31,38,38,38,35,73,75,82,82,85,85,85,85,62,62,42,22,29,29,29,54,29,71,56,56,56,51,51,14,14,38,38,20,20,44,44,51,75,0],"gold":16,"neow_bonus":"TWENTY_PERCENT_HP_BONUS","is_prod":false,"is_daily":false,"chose_seed":false,"campfire_upgraded":4,"win_rate":0,"timestamp":1566596716,"path_taken":["M","?","M","?","M","E","?","R","T","M","R","?","M","?","R","BOSS","M","?","?","?","?","R","M","?","T","?","M","M","R","?","R","BOSS","M","$","?","?","$","E","?","R","T","?","?","R","?","M","R","BOSS"],"build_version":"2019-07-17","purchased_purges":1,"victory":false,"max_hp_per_floor":[85,85,85,85,85,85,85,85,85,85,85,85,85,85,85,85,85,85,85,85,85,85,85,85,85,85,85,85,85,85,85,85,85,85,85,85,81,81,81,81,81,81,81,81,81,81,81,81,81,81],"card_choices":[{"not_picked":["Beam Cell","Heatsinks"],"picked":"Rebound","floor":1},{"not_picked":["Capacitor","Scrape"],"picked":"Redo","floor":3},{"not_picked":["Gash","Ball Lightning"],"picked":"Reinforced Body","floor":5},{"not_picked":["Go for the Eyes","Undo"],"picked":"Self Repair","floor":6},{"not_picked":["Force Field+1","Thunder Strike"],"picked":"Rebound","floor":10},{"not_picked":["Stack+1","Static Discharge"],"picked":"Turbo+1","floor":12},{"not_picked":["Gash","Hello World"],"picked":"Go for the Eyes","floor":13},{"not_picked":["Machine Learning","Echo Form"],"picked":"Electrodynamics","floor":16},{"not_picked":["Gash+1","Sweeping Beam+1"],"picked":"Hologram+1","floor":18},{"not_picked":["Cold Snap+1","Gash"],"picked":"Hologram+1","floor":19},{"not_picked":["Skim+1","Storm+1"],"picked":"Creative AI","floor":21},{"not_picked":["Blizzard","Aggregate+1"],"picked":"Defragment","floor":24},{"not_picked":["Go for the Eyes","FTL","Steam+1"],"picked":"SKIP","floor":25},{"not_picked":["Rebound","Blizzard"],"picked":"Capacitor+1","floor":27},{"not_picked":["Redo+1","Cold Snap+1"],"picked":"Auto Shields+1","floor":28},{"not_picked":["Rebound","Turbo+1"],"picked":"Hologram+1","floor":29},{"not_picked":["Buffer","Creative AI"],"picked":"Fission+1","floor":33},{"not_picked":["Beam Cell+1","Sweeping Beam+1"],"picked":"Leap+1","floor":35},{"not_picked":["Discovery+1","Jack Of All Trades+1"],"picked":"Blind+1","floor":38},{"not_picked":["Chrysalis+1","Good Instincts+1"],"picked":"Panache","floor":38},{"not_picked":["Go for the Eyes+1","Turbo+1","Storm+1"],"picked":"SKIP","floor":40},{"not_picked":["Capacitor","Steam Power+1"],"picked":"Chill+1","floor":44},{"not_picked":["Storm","Beam Cell+1"],"picked":"Cold Snap+1","floor":48}],"player_experience":792346,"relics_obtained":[{"floor":6,"key":"Matryoshka"},{"floor":9,"key":"Toxic Egg 2"},{"floor":9,"key":"Anchor"},{"floor":26,"key":"DataDisk"},{"floor":26,"key":"Lantern"},{"floor":31,"key":"Molten Egg 2"},{"floor":40,"key":"Sundial"},{"floor":43,"key":"The Courier"}],"event_choices":[{"damage_healed":0,"gold_gain":0,"player_choice":"Grow","damage_taken":0,"max_hp_gain":0,"max_hp_loss":0,"event_name":"Living Wall","floor":2,"gold_loss":0,"cards_upgraded":["Zap"]},{"damage_healed":0,"gold_gain":0,"player_choice":"Entered Light","damage_taken":26,"max_hp_gain":0,"max_hp_loss":0,"event_name":"Shining Light","floor":4,"gold_loss":0,"cards_upgraded":["Dualcast","Strike_B"]},{"cards_removed":["Redo"],"damage_healed":0,"gold_gain":0,"player_choice":"Card Removal","damage_taken":7,"max_hp_gain":0,"max_hp_loss":0,"event_name":"Golden Wing","floor":7,"gold_loss":0},{"damage_healed":0,"gold_gain":0,"player_choice":"2 cards matched","damage_taken":0,"max_hp_gain":0,"max_hp_loss":0,"event_name":"Match and Keep!","floor":14,"gold_loss":0,"cards_obtained":["Conserve Battery","Reinforced Body"]},{"damage_healed":0,"gold_gain":0,"player_choice":"Copied","damage_taken":0,"max_hp_gain":0,"max_hp_loss":0,"event_name":"Duplicator","floor":20,"gold_loss":0,"cards_obtained":["Reinforced Body"]},{"cards_removed":["Defend_B"],"damage_healed":0,"gold_gain":0,"player_choice":"Card Removal","damage_taken":0,"max_hp_gain":0,"max_hp_loss":0,"event_name":"Wheel of Change","floor":22,"gold_loss":0},{"damage_healed":0,"gold_gain":0,"player_choice":"Max HP","damage_taken":0,"max_hp_gain":0,"max_hp_loss":4,"event_name":"Winding Halls","floor":37,"gold_loss":0},{"damage_healed":0,"gold_gain":0,"player_choice":"Memory 2","damage_taken":5,"max_hp_gain":0,"max_hp_loss":0,"event_name":"SensoryStone","floor":38,"gold_loss":0},{"damage_healed":0,"gold_gain":0,"player_choice":"Paid","damage_taken":0,"relics_obtained":["Red Mask"],"max_hp_gain":0,"max_hp_loss":0,"event_name":"Tomb of Lord Red Mask","floor":45,"gold_loss":97},{"damage_healed":0,"gold_gain":0,"player_choice":"Ignored","damage_taken":0,"max_hp_gain":0,"max_hp_loss":0,"event_name":"Mysterious Sphere","floor":47,"gold_loss":0}],"is_beta":false,"boss_relics":[{"not_picked":["Ectoplasm","Runic Dome"],"picked":"Velvet Choker"},{"not_picked":["White Beast Statue","Coffee Dripper"],"picked":"Astrolabe"}],"items_purged_floors":[36],"is_endless":false,"potions_floor_spawned":[5,10,12,16,24,27,28,29,40],"killed_by":"Donu and Deca","ascension_level":19}