{"gold_per_floor":[117,131,149,160,160,160,189,205,205,225,246,257,257,27,27,125,125,136,136,96,81,100,100,128,128,128,156,170,190,207,220,220,220],"floor_reached":33,"playtime":3090,"items_purged":[],"score":337,"play_id":"f6261417-d582-425c-a9e9-3ce350080aa8","local_time":"20181025234828","is_ascension_mode":true,"campfire_choices":[{"data":"Perfected Strike","floor":6,"key":"SMITH"},{"data":"Flex","floor":13,"key":"SMITH"},{"data":"Flame Barrier","floor":15,"key":"SMITH"},{"floor":23,"key":"REST"},{"floor":25,"key":"REST"},{"floor":32,"key":"REST"}],"neow_cost":"NONE","seed_source_timestamp":781276043125648,"circlet_count":0,"master_deck":["Strike_R","Strike_R","Strike_R","Strike_R","Defend_R","Defend_R","Defend_R","Defend_R","Bash","Shrug It Off","Flex+1","Rage","Perfected Strike+1","Clothesline","Cleave","Cleave","Rampage","Twin Strike","Flame Barrier+1","Juggernaut","Searing Blow+1","Pommel Strike+1","Blood for Blood+1","Power Through+1","Seeing Red","True Grit","Heavy Blade","Seeing Red","Shrug It Off"],"relics":["Burning Blood","Blood Vial","Meat on the Bone","Odd Mushroom","Red Skull","Black Star","StoneCalendar","Charon\u0027s Ashes","Ornamental Fan","Mercury Hourglass","Bottled Tornado"],"potions_floor_usage":[7,11,16,21,22,24,30,30,33,33],"damage_taken":[{"damage":3,"enemies":"2 Louse","floor":1,"turns":4},{"damage":12,"enemies":"Small Slimes","floor":2,"turns":4},{"damage":2,"enemies":"Jaw Worm","floor":3,"turns":5},{"damage":9,"enemies":"2 Fungi Beasts","floor":4,"turns":5},{"damage":34,"enemies":"Gremlin Nob","floor":7,"turns":5},{"damage":10,"enemies":"Red Slaver","floor":8,"turns":3},{"damage":6,"enemies":"Exordium Thugs","floor":10,"turns":4},{"damage":13,"enemies":"The Mushroom Lair","floor":11,"turns":4},{"damage":9,"enemies":"Large Slime","floor":12,"turns":4},{"damage":49,"enemies":"Hexaghost","floor":16,"turns":8},{"damage":17,"enemies":"Spheric Guardian","floor":18,"turns":5},{"damage":13,"enemies":"2 Thieves","floor":21,"turns":4},{"damage":55,"enemies":"Shelled Parasite and Fungi","floor":22,"turns":8},{"damage":50,"enemies":"Slavers","floor":24,"turns":6},{"damage":44,"enemies":"Gremlin Leader","floor":27,"turns":7},{"damage":14,"enemies":"3 Cultists","floor":28,"turns":4},{"damage":28,"enemies":"Centurion and Healer","floor":29,"turns":4},{"damage":0,"enemies":"Snake Plant","floor":30,"turns":3},{"damage":17,"enemies":"3 Cultists","floor":31,"turns":4},{"damage":91,"enemies":"Champ","floor":33,"turns":14}],"seed_played":"-4284330852687824515","potions_obtained":[{"floor":4,"key":"LiquidBronze"},{"floor":7,"key":"SteroidPotion"},{"floor":8,"key":"SpeedPotion"},{"floor":10,"key":"SteroidPotion"},{"floor":12,"key":"Block Potion"},{"floor":22,"key":"LiquidBronze"},{"floor":28,"key":"AttackPotion"},{"floor":29,"key":"SkillPotion"},{"floor":30,"key":"Weak Potion"},{"floor":31,"key":"SpeedPotion"}],"is_trial":false,"path_per_floor":["M","M","M","M","$","R","E","M","T","M","?","M","R","$","R","B",null,"M","?","?","M","M","R","E","R","T","E","M","M","M","M","R"],"character_chosen":"IRONCLAD","items_purchased":["Red Skull","Flame Barrier"],"campfire_rested":3,"item_purchase_floors":[14,14],"current_hp_per_floor":[88,82,86,83,83,83,55,53,53,55,62,61,61,61,61,32,88,77,77,77,72,37,63,33,59,59,35,41,33,53,56,82,0],"gold":220,"neow_bonus":"TEN_PERCENT_HP_BONUS","is_prod":false,"is_daily":false,"chose_seed":false,"campfire_upgraded":3,"win_rate":0,"timestamp":1540536508,"path_taken":["M","M","M","M","$","R","E","M","T","M","?","M","R","$","R","BOSS","M","?","?","M","M","R","E","R","T","E","M","M","M","M","R","BOSS"],"build_version":"2018-10-25v2","purchased_purges":0,"victory":false,"max_hp_per_floor":[88,88,88,88,88,88,88,88,88,88,88,88,88,88,88,88,88,88,88,88,88,88,88,88,88,88,88,88,88,88,88,88,88],"card_choices":[{"not_picked":["Sword Boomerang","Body Slam"],"picked":"Shrug It Off","floor":1},{"not_picked":["Havoc","Wild Strike"],"picked":"Flex","floor":2},{"not_picked":["Clash","Reaper"],"picked":"Rage","floor":3},{"not_picked":["Warcry","Bloodletting"],"picked":"Perfected Strike","floor":4},{"not_picked":["Combust","Shrug It Off"],"picked":"Clothesline","floor":7},{"not_picked":["Ghostly Armor","Sever Soul"],"picked":"Cleave","floor":8},{"not_picked":["True Grit","Second Wind"],"picked":"Cleave","floor":10},{"not_picked":["Reckless Charge","Clash"],"picked":"Rampage","floor":11},{"not_picked":["Intimidate","Clothesline"],"picked":"Twin Strike","floor":12},{"not_picked":["Offering","Reaper"],"picked":"Juggernaut","floor":16},{"not_picked":["Spot Weakness+1","Rupture"],"picked":"Searing Blow","floor":18},{"not_picked":["Clothesline+1","Rage"],"picked":"Pommel Strike+1","floor":21},{"not_picked":["Sever Soul","True Grit"],"picked":"Blood for Blood+1","floor":22},{"not_picked":["Sentinel+1","Thunderclap"],"picked":"Power Through+1","floor":24},{"not_picked":["Anger","Dropkick+1"],"picked":"Seeing Red","floor":27},{"not_picked":["Hemokinesis","Perfected Strike"],"picked":"True Grit","floor":28},{"not_picked":["Dark Embrace","Clash"],"picked":"Heavy Blade","floor":29},{"not_picked":["Twin Strike","Perfected Strike"],"picked":"Seeing Red","floor":30},{"not_picked":["Havoc+1","Armaments"],"picked":"Shrug It Off","floor":31}],"player_experience":184386,"relics_obtained":[{"floor":7,"key":"Blood Vial"},{"floor":9,"key":"Meat on the Bone"},{"floor":11,"key":"Odd Mushroom"},{"floor":24,"key":"StoneCalendar"},{"floor":24,"key":"Charon\u0027s Ashes"},{"floor":26,"key":"Ornamental Fan"},{"floor":27,"key":"Mercury Hourglass"},{"floor":27,"key":"Bottled Tornado"}],"event_choices":[{"damage_healed":0,"gold_gain":0,"player_choice":"Fought Mushrooms","damage_taken":0,"max_hp_gain":0,"max_hp_loss":0,"event_name":"Mushrooms","floor":11,"gold_loss":0},{"cards_removed":["Strike_R"],"damage_healed":0,"gold_gain":0,"player_choice":"Purged","damage_taken":0,"max_hp_gain":0,"max_hp_loss":0,"event_name":"Purifier","floor":19,"gold_loss":0},{"damage_healed":0,"gold_gain":0,"player_choice":"Upgrade","damage_taken":0,"max_hp_gain":0,"max_hp_loss":0,"event_name":"Designer","floor":20,"gold_loss":40,"cards_upgraded":["Searing Blow"]}],"is_beta":false,"boss_relics":[{"not_picked":["Tiny House","Eternal Feather"],"picked":"Black Star"}],"items_purged_floors":[],"is_endless":false,"potions_floor_spawned":[4,7,8,10,12,22,28,29,30,31],"killed_by":"Champ","ascension_level":3}