{"gold_per_floor":[119,119,119,132,144,177,192,212,238,253,19,19,54,65,65,168,168,108,14,14,14,14,14,14,14,14,14,14,14,14,14,14,14,14,14,14,0,0,0,0,0,0,0,0,0,0,0,0,0,0],"floor_reached":51,"playtime":4582,"items_purged":["Defend_R"],"score":763,"play_id":"142af019-e3a3-4f62-8e81-8487c158c8c0","local_time":"20190811124033","is_ascension_mode":false,"campfire_choices":[{"floor":12,"key":"REST"},{"floor":15,"key":"REST"},{"floor":25,"key":"REST"},{"data":"Apotheosis","floor":27,"key":"SMITH"},{"data":"Ghostly","floor":32,"key":"SMITH"},{"floor":40,"key":"DIG"},{"floor":44,"key":"DIG"},{"floor":49,"key":"REST"}],"neow_cost":"PERCENT_DAMAGE","seed_source_timestamp":731303714600,"circlet_count":0,"master_deck":["Strike_R","Strike_R","Strike_R","Defend_R","Defend_R","Bash+1","Double Tap","Inflame","Cleave+1","Uppercut","Clothesline","Feed","Ghostly Armor","Heavy Blade","Searing Blow","Clothesline","Infernal Blade","True Grit","Bludgeon","Heavy Blade","Apotheosis+1","Spot Weakness","Carnage+1","Heavy Blade","Feel No Pain+1","RitualDagger","Ghostly+1","Ghostly","Ghostly","Ghostly","Ghostly","Impervious","Clothesline+1","Ghostly Armor+1","Battle Trance+1","Parasite","Heavy Blade","Impervious"],"relics":["Burning Blood","Whetstone","Blood Vial","Membership Card","Juzu Bracelet","Ectoplasm","MawBank","WingedGreaves","Busted Crown","Shovel","Red Mask","Bottled Tornado","Pen Nib","Thread and Needle","FossilizedHelix","Dream Catcher"],"potions_floor_usage":[22,23,33,36,42,47,50,50,50],"damage_taken":[{"damage":0,"enemies":"Small Slimes","floor":1,"turns":4},{"damage":7,"enemies":"2 Louse","floor":4,"turns":3},{"damage":5,"enemies":"Jaw Worm","floor":5,"turns":3},{"damage":40,"enemies":"3 Sentries","floor":6,"turns":6},{"damage":4,"enemies":"Looter","floor":7,"turns":3},{"damage":4,"enemies":"Blue Slaver","floor":8,"turns":4},{"damage":7,"enemies":"Exordium Thugs","floor":10,"turns":4},{"damage":33,"enemies":"Lagavulin","floor":13,"turns":7},{"damage":7,"enemies":"Looter","floor":14,"turns":2},{"damage":44,"enemies":"Slime Boss","floor":16,"turns":10},{"damage":19,"enemies":"2 Thieves","floor":18,"turns":3},{"damage":0,"enemies":"Spheric Guardian","floor":21,"turns":3},{"damage":9,"enemies":"3 Cultists","floor":22,"turns":4},{"damage":38,"enemies":"Slavers","floor":23,"turns":4},{"damage":17,"enemies":"Cultist and Chosen","floor":28,"turns":6},{"damage":11,"enemies":"Snecko","floor":31,"turns":4},{"damage":42,"enemies":"Collector","floor":33,"turns":10},{"damage":1,"enemies":"Orb Walker","floor":35,"turns":4},{"damage":8,"enemies":"2 Orb Walkers","floor":36,"turns":6},{"damage":8,"enemies":"3 Shapes","floor":39,"turns":5},{"damage":5,"enemies":"Maw","floor":41,"turns":7},{"damage":14,"enemies":"Writhing Mass","floor":42,"turns":7},{"damage":0,"enemies":"Jaw Worm Horde","floor":45,"turns":6},{"damage":0,"enemies":"Sphere and 2 Shapes","floor":46,"turns":4},{"damage":22,"enemies":"Giant Head","floor":47,"turns":9},{"damage":7,"enemies":"Writhing Mass","floor":48,"turns":4},{"damage":31,"enemies":"Donu and Deca","floor":50,"turns":9}],"seed_played":"5936225021269912430","potions_obtained":[{"floor":6,"key":"Swift Potion"},{"floor":7,"key":"FearPotion"},{"floor":8,"key":"Dexterity Potion"},{"floor":14,"key":"SpeedPotion"},{"floor":18,"key":"Weak Potion"},{"floor":31,"key":"Explosive Potion"},{"floor":33,"key":"PowerPotion"},{"floor":35,"key":"SpeedPotion"},{"floor":41,"key":"Block Potion"},{"floor":42,"key":"EssenceOfSteel"},{"floor":47,"key":"Poison Potion"}],"is_trial":false,"path_per_floor":["M","?","?","M","M","E","M","M","T","M","$","R","E","M","R","B",null,"M","$","?","M","M","E","?","R","T","R","M","?","?","M","R","B",null,"M","?","?","T","M","R","M","M","T","R","M","M","E","M","R","B",null],"character_chosen":"IRONCLAD","items_purchased":["Membership Card","Apotheosis"],"campfire_rested":4,"item_purchase_floors":[11,19],"current_hp_per_floor":[62,62,80,79,80,49,54,59,59,60,60,86,61,62,88,51,89,79,79,79,87,90,60,51,79,79,79,70,64,48,43,43,9,48,48,50,50,50,50,50,52,44,44,44,52,52,36,37,52,31],"gold":0,"neow_bonus":"TRANSFORM_TWO_CARDS","is_prod":false,"is_daily":false,"chose_seed":false,"campfire_upgraded":2,"win_rate":0.0,"timestamp":1565520033,"path_taken":["M","?","?","?","M","E","M","M","T","M","$","R","E","M","R","BOSS","M","$","?","M","M","E","?","R","T","R","M","?","?","M","R","BOSS","M","?","?","?","M","R","M","M","T","R","M","M","E","M","R","BOSS"],"build_version":"2019-07-17","purchased_purges":1,"victory":true,"max_hp_per_floor":[80,80,80,80,80,83,86,89,89,89,89,89,89,89,89,89,89,92,92,92,92,96,96,96,96,96,96,96,96,48,48,48,48,48,48,52,52,52,52,52,52,52,52,52,52,52,52,52,52,56],"card_choices":[{"not_picked":["Iron Wave","Carnage"],"picked":"Cleave","floor":1},{"not_picked":["True Grit","Iron Wave"],"picked":"Clothesline","floor":4},{"not_picked":["Wild Strike","Pommel Strike"],"picked":"Feed","floor":5},{"not_picked":["Twin Strike","Fire Breathing"],"picked":"Ghostly Armor","floor":6},{"not_picked":["Body Slam","Pommel Strike"],"picked":"Heavy Blade","floor":7},{"not_picked":["Clash","Body Slam"],"picked":"Searing Blow","floor":8},{"not_picked":["Power Through","Hemokinesis"],"picked":"Clothesline","floor":10},{"not_picked":["Offering","Pommel Strike"],"picked":"Infernal Blade","floor":13},{"not_picked":["Warcry","Headbutt"],"picked":"True Grit","floor":14},{"not_picked":["Feed","Offering"],"picked":"Bludgeon","floor":16},{"not_picked":["Iron Wave","Warcry"],"picked":"Heavy Blade","floor":18},{"not_picked":["Thunderclap+1","Flex+1"],"picked":"Spot Weakness","floor":21},{"not_picked":["Pummel","Perfected Strike+1"],"picked":"Carnage+1","floor":22},{"not_picked":["Dark Embrace","Blood for Blood"],"picked":"Heavy Blade","floor":23},{"not_picked":["Flex","Headbutt"],"picked":"Feel No Pain+1","floor":28},{"not_picked":["Entrench","Headbutt","Warcry"],"picked":"SKIP","floor":31},{"not_picked":["Bludgeon","Dark Embrace"],"picked":"Impervious","floor":33},{"not_picked":[],"picked":"Clothesline+1","floor":35},{"not_picked":[],"picked":"Ghostly Armor+1","floor":36},{"not_picked":[],"picked":"Battle Trance+1","floor":39},{"not_picked":["Iron Wave"],"picked":"SKIP","floor":41},{"not_picked":["Anger+1"],"picked":"SKIP","floor":42},{"not_picked":["Anger+1"],"picked":"SKIP","floor":45},{"not_picked":[],"picked":"Heavy Blade","floor":46},{"not_picked":["Combust+1"],"picked":"SKIP","floor":47},{"not_picked":["Feel No Pain+1"],"picked":"SKIP","floor":48},{"not_picked":[],"picked":"Impervious","floor":49}],"player_experience":28783,"relics_obtained":[{"floor":6,"key":"Whetstone"},{"floor":9,"key":"Blood Vial"},{"floor":13,"key":"Juzu Bracelet"},{"floor":23,"key":"MawBank"},{"floor":26,"key":"WingedGreaves"},{"floor":36,"key":"Shovel"},{"floor":38,"key":"Bottled Tornado"},{"floor":40,"key":"Pen Nib"},{"floor":43,"key":"Thread and Needle"},{"floor":44,"key":"FossilizedHelix"},{"floor":47,"key":"Dream Catcher"}],"event_choices":[{"damage_healed":0,"gold_gain":0,"cards_transformed":["Defend_R"],"player_choice":"Change","damage_taken":0,"max_hp_gain":0,"max_hp_loss":0,"event_name":"Living Wall","floor":2,"gold_loss":0,"cards_obtained":["Uppercut"]},{"damage_healed":26,"gold_gain":0,"player_choice":"Banana","damage_taken":0,"max_hp_gain":0,"max_hp_loss":0,"event_name":"Big Fish","floor":3,"gold_loss":0},{"damage_healed":0,"gold_gain":0,"player_choice":"Ignored","damage_taken":0,"max_hp_gain":0,"max_hp_loss":0,"event_name":"Vampires","floor":20,"gold_loss":0},{"damage_healed":0,"gold_gain":0,"player_choice":"Damaged","damage_taken":9,"max_hp_gain":0,"max_hp_loss":0,"event_name":"Wheel of Change","floor":24,"gold_loss":0},{"damage_healed":0,"gold_gain":0,"player_choice":"Joined the Cult","damage_taken":6,"max_hp_gain":0,"max_hp_loss":0,"event_name":"Nest","floor":29,"gold_loss":0,"cards_obtained":["RitualDagger"]},{"damage_healed":0,"gold_gain":0,"player_choice":"Became a Ghost","damage_taken":0,"max_hp_gain":0,"max_hp_loss":48,"event_name":"Ghosts","floor":30,"gold_loss":0,"cards_obtained":["Ghostly","Ghostly","Ghostly","Ghostly","Ghostly"]},{"damage_healed":0,"gold_gain":0,"player_choice":"Fight","damage_taken":0,"max_hp_gain":0,"max_hp_loss":0,"event_name":"Mysterious Sphere","floor":36,"gold_loss":0},{"damage_healed":0,"gold_gain":0,"player_choice":"Paid","damage_taken":0,"relics_obtained":["Red Mask"],"max_hp_gain":0,"max_hp_loss":0,"event_name":"Tomb of Lord Red Mask","floor":37,"gold_loss":14}],"is_beta":false,"boss_relics":[{"not_picked":["Runic Dome","Tiny House"],"picked":"Ectoplasm"},{"not_picked":["Orrery","Philosopher\u0027s Stone"],"picked":"Busted Crown"}],"items_purged_floors":[11],"is_endless":false,"potions_floor_spawned":[6,7,8,14,18,31,33,35,41,42,47],"ascension_level":0}