{"gold_per_floor":[109,109,109,122,122,155,155,9,64,82,111,14,14,14,14,110,110,124,50,50,68,81,81,100,100,147,172,186,186,186,201,201,300,300,313,333,384,434,434,434,467,467,467,481,27,46,146,146,146,146],"floor_reached":51,"playtime":2655,"items_purged":["Strike_B"],"score":983,"play_id":"6fd49a1f-bc9c-4823-96d0-0c48d307bd55","local_time":"20190826063952","is_ascension_mode":true,"campfire_choices":[{"data":"Zap","floor":7,"key":"SMITH"},{"data":"Sunder","floor":13,"key":"SMITH"},{"data":"Dualcast","floor":15,"key":"SMITH"},{"data":"Fission","floor":23,"key":"SMITH"},{"data":"Double Energy","floor":25,"key":"SMITH"},{"floor":29,"key":"REST"},{"floor":32,"key":"REST"},{"data":"Rainbow","floor":40,"key":"SMITH"},{"data":"White Noise","floor":42,"key":"SMITH"},{"floor":49,"key":"REST"}],"neow_cost":"NONE","seed_source_timestamp":89916472668300,"circlet_count":0,"master_deck":["Strike_B","Defend_B","Defend_B","Defend_B","Defend_B","Zap+1","Dualcast+1","Reprogram","Sunder+1","Sweeping Beam","Turbo","Capacitor","Gash","Beam Cell","Fission+1","Sweeping Beam","Conserve Battery","Cold Snap","Gash","Skim+1","Double Energy+1","Ball Lightning","Skim","Go for the Eyes+1","Beam Cell","Rainbow+1","Stack+1","White Noise+1","Compile Driver+1","Blizzard","Coolheaded+1","Turbo+1","Chrysalis","Fusion","Rebound+1"],"relics":["Cracked Core","NeowsBlessing","Shuriken","Gambling Chip","Bag of Preparation","Tiny Chest","Sundial","Nuclear Battery","Strawberry","Centennial Puzzle","White Beast Statue","StoneCalendar","Vajra","Boot","Ice Cream","Lantern","FossilizedHelix"],"potions_floor_usage":[11,16,27,33,37,37,50,50,50],"damage_taken":[{"damage":0,"enemies":"2 Louse","floor":1,"turns":1},{"damage":0,"enemies":"Small Slimes","floor":4,"turns":1},{"damage":0,"enemies":"3 Sentries","floor":6,"turns":1},{"damage":0,"enemies":"Jaw Worm","floor":10,"turns":3},{"damage":17,"enemies":"Gremlin Nob","floor":11,"turns":3},{"damage":41,"enemies":"Hexaghost","floor":16,"turns":8},{"damage":10,"enemies":"Chosen","floor":18,"turns":5},{"damage":0,"enemies":"Spheric Guardian","floor":21,"turns":2},{"damage":3,"enemies":"Cultist and Chosen","floor":22,"turns":4},{"damage":1,"enemies":"Snecko","floor":24,"turns":3},{"damage":27,"enemies":"Book of Stabbing","floor":27,"turns":4},{"damage":11,"enemies":"Centurion and Healer","floor":28,"turns":2},{"damage":8,"enemies":"Shelled Parasite and Fungi","floor":31,"turns":2},{"damage":13,"enemies":"Champ","floor":33,"turns":4},{"damage":0,"enemies":"Orb Walker","floor":35,"turns":2},{"damage":6,"enemies":"3 Darklings","floor":36,"turns":3},{"damage":17,"enemies":"2 Orb Walkers","floor":37,"turns":3},{"damage":0,"enemies":"Giant Head","floor":41,"turns":5},{"damage":8,"enemies":"4 Shapes","floor":44,"turns":2},{"damage":10,"enemies":"Jaw Worm Horde","floor":46,"turns":3},{"damage":0,"enemies":"Mind Bloom Boss Battle","floor":47,"turns":4},{"damage":17,"enemies":"Donu and Deca","floor":50,"turns":6}],"seed_played":"2981412715887788516","potions_obtained":[{"floor":6,"key":"Fire Potion"},{"floor":10,"key":"PowerPotion"},{"floor":21,"key":"PowerPotion"},{"floor":31,"key":"Fire Potion"},{"floor":35,"key":"AttackPotion"},{"floor":36,"key":"PowerPotion"},{"floor":37,"key":"EssenceOfSteel"},{"floor":41,"key":"FocusPotion"},{"floor":44,"key":"SpeedPotion"},{"floor":46,"key":"GamblersBrew"}],"is_trial":false,"path_per_floor":["M","?","?","M","?","E","R","$","T","M","E","$","R","$","R","B",null,"M","$","?","M","M","R","M","R","T","E","M","R","?","M","R","B",null,"M","M","?","T","?","R","E","R","T","M","$","M","?","?","R","B",null],"character_chosen":"DEFECT","items_purchased":["Bag of Preparation","Gash","Beam Cell","Conserve Battery","Cold Snap","Lantern","Weak Potion","Chrysalis"],"campfire_rested":3,"item_purchase_floors":[8,12,12,19,19,45,45,45],"current_hp_per_floor":[75,68,61,61,66,66,66,66,66,66,49,49,49,49,49,8,62,52,52,52,52,49,49,48,48,55,28,17,43,43,35,61,48,77,77,71,54,54,54,54,54,54,54,46,46,36,36,36,62,45],"gold":146,"neow_bonus":"THREE_ENEMY_KILL","is_prod":false,"is_daily":false,"chose_seed":false,"campfire_upgraded":7,"win_rate":0,"timestamp":1566769192,"path_taken":["M","?","?","M","?","E","R","?","T","M","E","$","R","$","R","BOSS","M","$","?","M","M","R","M","R","T","E","M","R","?","M","R","BOSS","M","M","?","?","?","R","E","R","T","?","$","M","?","?","R","BOSS"],"build_version":"2019-07-17","purchased_purges":1,"victory":true,"max_hp_per_floor":[75,75,75,75,80,80,80,80,80,80,80,80,80,80,80,80,80,80,80,80,80,80,80,80,80,87,87,87,87,87,87,87,87,87,87,87,87,87,87,87,87,87,87,87,87,87,87,87,87,87],"card_choices":[{"not_picked":["Conserve Battery","Chaos"],"picked":"Reprogram","floor":1},{"not_picked":["FTL","Reinforced Body"],"picked":"Sunder","floor":4},{"not_picked":["Rebound","Gash"],"picked":"Sweeping Beam","floor":6},{"not_picked":["Coolheaded","Cold Snap"],"picked":"Turbo","floor":10},{"not_picked":["Force Field","Auto Shields"],"picked":"Capacitor","floor":11},{"not_picked":["Echo Form","Rainbow"],"picked":"Fission","floor":16},{"not_picked":["Rebound+1","Turbo"],"picked":"Sweeping Beam","floor":18},{"not_picked":["Turbo+1","Coolheaded+1"],"picked":"Skim+1","floor":21},{"not_picked":["Leap","Conserve Battery"],"picked":"Double Energy","floor":22},{"not_picked":["Thunder Strike","Leap"],"picked":"Ball Lightning","floor":24},{"not_picked":["Barrage","Cold Snap"],"picked":"Skim","floor":27},{"not_picked":["Stack","Rebound"],"picked":"Go for the Eyes+1","floor":28},{"not_picked":["Streamline","Cold Snap"],"picked":"Beam Cell","floor":31},{"not_picked":["Creative AI","Echo Form"],"picked":"Rainbow","floor":33},{"not_picked":["Hello World","Leap+1"],"picked":"Stack+1","floor":35},{"not_picked":["Fusion","Rebound+1"],"picked":"White Noise","floor":36},{"not_picked":["Rip and Tear","Storm"],"picked":"Compile Driver+1","floor":37},{"not_picked":["Rebound","Compile Driver"],"picked":"Coolheaded+1","floor":41},{"not_picked":["Beam Cell","Thunder Strike"],"picked":"Turbo+1","floor":44},{"not_picked":["Sunder","Steam Power"],"picked":"Fusion","floor":46},{"not_picked":["Hello World+1","Conserve Battery"],"picked":"Rebound+1","floor":47}],"player_experience":703690,"relics_obtained":[{"floor":6,"key":"Gambling Chip"},{"floor":9,"key":"Tiny Chest"},{"floor":11,"key":"Sundial"},{"floor":26,"key":"Strawberry"},{"floor":27,"key":"Centennial Puzzle"},{"floor":37,"key":"StoneCalendar"},{"floor":38,"key":"Vajra"},{"floor":41,"key":"Boot"},{"floor":43,"key":"Ice Cream"},{"floor":47,"key":"FossilizedHelix"}],"event_choices":[{"damage_healed":0,"gold_gain":0,"player_choice":"Success","damage_taken":7,"relics_obtained":["Shuriken"],"max_hp_gain":0,"max_hp_loss":0,"event_name":"Scrap Ooze","floor":2,"gold_loss":0},{"cards_removed":["Strike_B"],"damage_healed":0,"gold_gain":0,"player_choice":"Card Removal","damage_taken":7,"max_hp_gain":0,"max_hp_loss":0,"event_name":"Golden Wing","floor":3,"gold_loss":0},{"damage_healed":0,"gold_gain":0,"player_choice":"Donut","damage_taken":0,"max_hp_gain":5,"max_hp_loss":0,"event_name":"Big Fish","floor":5,"gold_loss":0},{"damage_healed":0,"gold_gain":0,"player_choice":"Read","damage_taken":0,"max_hp_gain":0,"max_hp_loss":0,"event_name":"The Library","floor":20,"gold_loss":0,"cards_obtained":["Gash"]},{"damage_healed":0,"gold_gain":0,"player_choice":"Ignored","damage_taken":0,"max_hp_gain":0,"max_hp_loss":0,"event_name":"Ghosts","floor":30,"gold_loss":0},{"damage_healed":0,"gold_gain":0,"player_choice":"Fight","damage_taken":0,"max_hp_gain":0,"max_hp_loss":0,"event_name":"Mysterious Sphere","floor":37,"gold_loss":0},{"damage_healed":0,"gold_gain":0,"cards_transformed":["Strike_B"],"player_choice":"Transformed","damage_taken":0,"max_hp_gain":0,"max_hp_loss":0,"event_name":"Transmorgrifier","floor":39,"gold_loss":0,"cards_obtained":["Blizzard"]},{"damage_healed":0,"gold_gain":0,"player_choice":"Fight","damage_taken":0,"max_hp_gain":0,"max_hp_loss":0,"event_name":"MindBloom","floor":47,"gold_loss":0},{"damage_healed":0,"gold_gain":0,"player_choice":"Ignored","damage_taken":0,"max_hp_gain":0,"max_hp_loss":0,"event_name":"The Moai Head","floor":48,"gold_loss":0}],"is_beta":false,"boss_relics":[{"not_picked":["Philosopher\u0027s Stone","Empty Cage"],"picked":"Nuclear Battery"},{"not_picked":["Calling Bell","Eternal Feather"],"picked":"White Beast Statue"}],"items_purged_floors":[45],"is_endless":false,"potions_floor_spawned":[6,10,21,31,35,36,37,41,44,46,47],"ascension_level":5}