{"gold_per_floor":[115,126,146,165,165,198,7,39,39,71,83,83,99,24,24,125,125,137,149,149,4,29,67,79,107,119,150,175,212,20,20,20,125,125,145,20,37,57,57,57,390,1,77,27,46,64,64,97,97,97],"floor_reached":51,"playtime":4599,"items_purged":["Defend_R","Strike_R","Strike_R","Defend_R+1"],"score":909,"play_id":"7348efd5-fa59-49c5-a528-73dd19f34f0a","local_time":"20181126213352","is_ascension_mode":true,"campfire_choices":[{"data":"Barricade","floor":12,"key":"SMITH"},{"data":"Body Slam","floor":15,"key":"SMITH"},{"floor":32,"key":"REST"},{"floor":40,"key":"REST"},{"floor":47,"key":"REST"},{"floor":49,"key":"REST"}],"neow_cost":"TEN_PERCENT_HP_LOSS","seed_source_timestamp":945708159463810,"circlet_count":0,"master_deck":["Strike_R","Bash","Shockwave","Flame Barrier+1","Body Slam+1","Armaments","Shrug It Off","Barricade+1","Flame Barrier","Seeing Red","Reaper","Power Through","Body Slam","Disarm","Flame Barrier+1","Shrug It Off","Inflame","Feed","Headbutt","Metallicize","Armaments+1","Spot Weakness+1","Heavy Blade+1","Exhume"],"relics":["Burning Blood","Ginger","Ancient Tea Set","Happy Flower","Anchor","Potion Belt","Paper Frog","Fusion Hammer","MutagenicStrength","MawBank","Smiling Mask","Meat on the Bone","War Paint","Pen Nib","Empty Cage","Old Coin","Gremlin Horn","Bag of Marbles","Pantograph","Bronze Scales"],"potions_floor_usage":[8,8,29,33,33,37,38,45,45,45,50],"damage_taken":[{"damage":10,"enemies":"Jaw Worm","floor":1,"turns":6},{"damage":6,"enemies":"Cultist","floor":2,"turns":5},{"damage":0,"enemies":"2 Louse","floor":3,"turns":4},{"damage":5,"enemies":"Blue Slaver","floor":4,"turns":5},{"damage":21,"enemies":"Lagavulin","floor":6,"turns":11},{"damage":9,"enemies":"Gremlin Nob","floor":8,"turns":5},{"damage":20,"enemies":"Lagavulin","floor":10,"turns":8},{"damage":9,"enemies":"Gremlin Gang","floor":11,"turns":6},{"damage":14,"enemies":"Lots of Slimes","floor":13,"turns":5},{"damage":4,"enemies":"Hexaghost","floor":16,"turns":9},{"damage":19,"enemies":"Spheric Guardian","floor":18,"turns":6},{"damage":0,"enemies":"Chosen","floor":19,"turns":6},{"damage":12,"enemies":"Centurion and Healer","floor":22,"turns":7},{"damage":30,"enemies":"Book of Stabbing","floor":23,"turns":7},{"damage":6,"enemies":"Snake Plant","floor":25,"turns":4},{"damage":13,"enemies":"Snecko","floor":27,"turns":3},{"damage":0,"enemies":"Centurion and Healer","floor":28,"turns":10},{"damage":14,"enemies":"Slavers","floor":29,"turns":5},{"damage":0,"enemies":"Automaton","floor":33,"turns":6},{"damage":10,"enemies":"Orb Walker","floor":35,"turns":3},{"damage":18,"enemies":"3 Darklings","floor":37,"turns":6},{"damage":35,"enemies":"Transient","floor":38,"turns":5},{"damage":67,"enemies":"Reptomancer","floor":41,"turns":10},{"damage":20,"enemies":"Jaw Worm Horde","floor":45,"turns":4},{"damage":5,"enemies":"4 Shapes","floor":46,"turns":5},{"damage":9,"enemies":"Nemesis","floor":48,"turns":9},{"damage":37,"enemies":"Time Eater","floor":50,"turns":11}],"seed_played":"3405640797570640977","potions_obtained":[{"floor":3,"key":"EssenceOfSteel"},{"floor":4,"key":"Dexterity Potion"},{"floor":6,"key":"PowerPotion"},{"floor":10,"key":"BloodPotion"},{"floor":18,"key":"Explosive Potion"},{"floor":27,"key":"Dexterity Potion"},{"floor":28,"key":"AttackPotion"},{"floor":29,"key":"Block Potion"},{"floor":37,"key":"BloodPotion"},{"floor":41,"key":"Poison Potion"},{"floor":46,"key":"Dexterity Potion"}],"is_trial":false,"path_per_floor":["M","M","M","M","?","E","$","E","T","E","M","R","M","$","R","B",null,"M","M","?","$","M","E","?","M","T","M","M","E","$","?","R","B",null,"M","$","M","M","?","R","E","$","T","$","M","M","R","E","R","B",null],"character_chosen":"IRONCLAD","items_purchased":["Happy Flower","Shrug It Off","MawBank","Pen Nib","Metallicize","Gremlin Horn","Bag of Marbles"],"campfire_rested":4,"item_purchase_floors":[7,7,21,30,36,42,42],"current_hp_per_floor":[68,68,72,72,72,57,57,54,54,40,37,37,29,29,29,31,72,59,69,69,69,70,53,53,53,53,53,63,63,63,63,72,72,72,68,68,56,46,46,67,23,23,23,23,53,70,75,75,78,47],"gold":97,"neow_bonus":"ONE_RARE_RELIC","is_prod":false,"is_daily":false,"chose_seed":false,"campfire_upgraded":2,"win_rate":0,"timestamp":1543296832,"path_taken":["M","M","M","M","?","E","$","E","T","E","?","R","M","?","R","BOSS","M","M","?","$","M","E","?","M","T","M","?","E","?","?","R","BOSS","M","?","?","M","?","R","E","$","T","$","M","M","R","E","R","BOSS"],"build_version":"2018-11-15","purchased_purges":4,"victory":true,"max_hp_per_floor":[72,72,72,72,72,72,72,72,72,72,72,72,72,72,72,72,72,72,72,72,72,72,72,72,72,72,72,72,72,72,72,72,72,72,72,72,72,72,72,72,72,72,72,72,75,75,75,78,78,78],"card_choices":[{"not_picked":["Iron Wave","Cleave"],"picked":"Shockwave","floor":1},{"not_picked":["Pummel","Seeing Red"],"picked":"Flame Barrier","floor":2},{"not_picked":["Twin Strike","Combust","Clash"],"picked":"SKIP","floor":3},{"not_picked":["Havoc","Thunderclap"],"picked":"Body Slam","floor":4},{"not_picked":["Fire Breathing","Havoc"],"picked":"Armaments","floor":6},{"not_picked":["Feed","Shrug It Off"],"picked":"Barricade","floor":8},{"not_picked":["Inflame","Wild Strike"],"picked":"Flame Barrier","floor":10},{"not_picked":["Havoc","Iron Wave"],"picked":"Headbutt","floor":11},{"not_picked":["Iron Wave","Bloodletting"],"picked":"Seeing Red","floor":13},{"not_picked":["Immolate","Exhume"],"picked":"Reaper","floor":16},{"not_picked":["Iron Wave+1","Twin Strike+1"],"picked":"Power Through","floor":18},{"not_picked":["Thunderclap+1","Searing Blow"],"picked":"Body Slam","floor":19},{"not_picked":["Heavy Blade","Cleave"],"picked":"Disarm","floor":22},{"not_picked":["Double Tap","Limit Break"],"picked":"Flame Barrier","floor":23},{"not_picked":["Havoc","Infernal Blade+1","Warcry"],"picked":"SKIP","floor":25},{"not_picked":["Intimidate","Cleave+1","Sword Boomerang+1"],"picked":"SKIP","floor":27},{"not_picked":["Limit Break","Bloodletting"],"picked":"Shrug It Off","floor":28},{"not_picked":["Wild Strike+1","Headbutt"],"picked":"Inflame","floor":29},{"not_picked":["Barricade","Brutality"],"picked":"Feed","floor":33},{"not_picked":["Iron Wave+1","Shrug It Off+1"],"picked":"Headbutt","floor":35},{"not_picked":["Headbutt","Rampage+1"],"picked":"Armaments+1","floor":37},{"not_picked":["Flex","Warcry+1","Cleave"],"picked":"SKIP","floor":38},{"not_picked":["Evolve+1","Bloodletting"],"picked":"Spot Weakness+1","floor":41},{"not_picked":["Second Wind","Shockwave"],"picked":"Heavy Blade+1","floor":45},{"not_picked":["Pommel Strike","Sentinel","Sever Soul+1"],"picked":"SKIP","floor":46},{"not_picked":["Pommel Strike","Seeing Red+1"],"picked":"Exhume","floor":48}],"player_experience":314778,"relics_obtained":[{"floor":6,"key":"Ancient Tea Set"},{"floor":8,"key":"Anchor"},{"floor":9,"key":"Potion Belt"},{"floor":10,"key":"Paper Frog"},{"floor":23,"key":"Smiling Mask"},{"floor":26,"key":"Meat on the Bone"},{"floor":29,"key":"War Paint"},{"floor":41,"key":"Old Coin"},{"floor":43,"key":"Pantograph"},{"floor":48,"key":"Bronze Scales"}],"event_choices":[{"damage_healed":0,"gold_gain":0,"player_choice":"Upgraded","damage_taken":0,"max_hp_gain":0,"max_hp_loss":0,"event_name":"Upgrade Shrine","floor":5,"gold_loss":0,"cards_upgraded":["Flame Barrier"]},{"damage_healed":0,"gold_gain":0,"player_choice":"Inject Mutagens","damage_taken":0,"relics_obtained":["MutagenicStrength"],"max_hp_gain":0,"max_hp_loss":0,"event_name":"Drug Dealer","floor":20,"gold_loss":0},{"cards_removed":["Defend_R"],"damage_healed":0,"gold_gain":0,"player_choice":"Offered Basic","damage_taken":0,"max_hp_gain":0,"max_hp_loss":0,"event_name":"Bonfire Elementals","floor":24,"gold_loss":0},{"cards_removed":["Strike_R"],"damage_healed":0,"gold_gain":0,"player_choice":"Purged","damage_taken":0,"max_hp_gain":0,"max_hp_loss":0,"event_name":"Purifier","floor":31,"gold_loss":0},{"cards_removed":["Headbutt"],"damage_healed":0,"gold_gain":0,"player_choice":"Removed Attack","damage_taken":0,"max_hp_gain":0,"max_hp_loss":0,"event_name":"Falling","floor":39,"gold_loss":0}],"is_beta":false,"boss_relics":[{"not_picked":["Orrery","Black Star"],"picked":"Fusion Hammer"},{"not_picked":["Cursed Key","Pandora\u0027s Box"],"picked":"Empty Cage"}],"items_purged_floors":[14,30,36,44],"is_endless":false,"potions_floor_spawned":[3,4,6,10,18,27,28,29,37,41,46],"ascension_level":3}