{"gold_per_floor":[209,223,241,259,259,259,289,289,312,324,324,341,360,21,21,117,117,127,202,58,58,78,78,105,105,105,105,120,132,145,72,72,72],"floor_reached":33,"playtime":1779,"items_purged":["Strike_G"],"score":430,"play_id":"030d3829-31b3-410a-8a69-5d734f7da3e4","local_time":"20190731033836","is_ascension_mode":true,"campfire_choices":[{"data":"Predator","floor":6,"key":"SMITH"},{"data":"Neutralize","floor":8,"key":"SMITH"},{"data":"Dagger Spray","floor":11,"key":"SMITH"},{"data":"Bullet Time","floor":15,"key":"SMITH"},{"data":"Noxious Fumes","floor":23,"key":"SMITH"},{"floor":25,"key":"REST"},{"data":"Sucker Punch","floor":32,"key":"SMITH"}],"neow_cost":"NONE","seed_source_timestamp":126931622355800,"circlet_count":0,"master_deck":["AscendersBane","Strike_G","Strike_G","Strike_G","Strike_G","Defend_G","Defend_G","Defend_G","Defend_G","Defend_G","Survivor","Neutralize+1","Catalyst","Backstab","Cloak And Dagger","Predator+1","Expertise","Dagger Spray+1","Predator","Deadly Poison","Bullet Time+1","Poisoned Stab","Noxious Fumes+1","Dodge and Roll+1","Sucker Punch+1","Backflip"],"relics":["Ring of the Snake","Strawberry","Regal Pillow","Orichalcum","Vajra","Busted Crown","Shovel","Thread and Needle"],"potions_floor_usage":[4,16,18,30,33,33],"damage_taken":[{"damage":2,"enemies":"2 Louse","floor":1,"turns":3},{"damage":9,"enemies":"Cultist","floor":2,"turns":5},{"damage":2,"enemies":"Small Slimes","floor":3,"turns":3},{"damage":6,"enemies":"Exordium Thugs","floor":4,"turns":5},{"damage":12,"enemies":"3 Sentries","floor":7,"turns":9},{"damage":4,"enemies":"Blue Slaver","floor":10,"turns":3},{"damage":0,"enemies":"2 Fungi Beasts","floor":12,"turns":2},{"damage":0,"enemies":"3 Louse","floor":13,"turns":1},{"damage":17,"enemies":"The Guardian","floor":16,"turns":9},{"damage":0,"enemies":"3 Byrds","floor":18,"turns":4},{"damage":0,"enemies":"Spheric Guardian","floor":22,"turns":3},{"damage":40,"enemies":"Book of Stabbing","floor":24,"turns":5},{"damage":3,"enemies":"Snecko","floor":28,"turns":3},{"damage":14,"enemies":"Shelled Parasite and Fungi","floor":29,"turns":4},{"damage":3,"enemies":"3 Cultists","floor":30,"turns":3},{"damage":68,"enemies":"Champ","floor":33,"turns":14}],"seed_played":"-2764721545840973294","potions_obtained":[{"floor":2,"key":"EssenceOfSteel"},{"floor":3,"key":"SteroidPotion"},{"floor":7,"key":"GhostInAJar"},{"floor":16,"key":"Regen Potion"},{"floor":18,"key":"GamblersBrew"},{"floor":29,"key":"SteroidPotion"}],"is_trial":false,"path_per_floor":["M","M","M","M","?","R","E","R","T","M","R","M","M","$","R","B",null,"M","?","$","$","M","R","E","R","T","?","M","M","M","$","R","B"],"character_chosen":"THE_SILENT","items_purchased":["Bullet Time","Vajra","Poisoned Stab","Noxious Fumes","GhostInAJar"],"campfire_rested":1,"item_purchase_floors":[14,14,14,20,31],"current_hp_per_floor":[61,52,50,44,51,51,39,39,39,35,35,35,35,35,35,18,62,74,67,67,67,67,67,27,65,65,65,62,48,45,45,45,0],"gold":72,"neow_bonus":"HUNDRED_GOLD","is_prod":false,"is_daily":false,"chose_seed":false,"campfire_upgraded":6,"win_rate":0,"timestamp":1564511916,"path_taken":["M","M","M","M","?","R","E","R","T","M","R","M","?","$","R","BOSS","M","?","?","$","M","R","E","R","T","?","M","M","M","$","R","BOSS"],"build_version":"2019-07-17","purchased_purges":1,"victory":false,"max_hp_per_floor":[70,70,70,70,77,77,77,77,77,77,77,77,77,77,77,77,77,77,77,77,77,77,77,77,77,77,77,77,77,77,77,77,77],"card_choices":[{"not_picked":["Sucker Punch","Prepared"],"picked":"Catalyst","floor":1},{"not_picked":["All Out Attack","Eviscerate"],"picked":"Backstab","floor":2},{"not_picked":["Underhanded Strike","Dagger Throw"],"picked":"Cloak And Dagger","floor":3},{"not_picked":["Prepared","Acrobatics"],"picked":"Predator","floor":4},{"not_picked":["Backflip","Poisoned Stab"],"picked":"Expertise","floor":7},{"not_picked":["Dodge and Roll","PiercingWail"],"picked":"Dagger Spray","floor":10},{"not_picked":["Prepared","Catalyst"],"picked":"Predator","floor":12},{"not_picked":["Concentrate","Acrobatics"],"picked":"Deadly Poison","floor":13},{"not_picked":["Tactician"],"picked":"SKIP","floor":18},{"not_picked":["Dagger Throw"],"picked":"SKIP","floor":22},{"not_picked":[],"picked":"Dodge and Roll+1","floor":24},{"not_picked":["Infinite Blades"],"picked":"SKIP","floor":28},{"not_picked":["Expertise"],"picked":"SKIP","floor":29},{"not_picked":[],"picked":"Backflip","floor":30}],"player_experience":513561,"relics_obtained":[{"floor":7,"key":"Regal Pillow"},{"floor":9,"key":"Orichalcum"},{"floor":24,"key":"Shovel"},{"floor":26,"key":"Thread and Needle"}],"event_choices":[{"damage_healed":0,"gold_gain":0,"player_choice":"Gave Potion","damage_taken":0,"relics_obtained":["Strawberry"],"max_hp_gain":0,"max_hp_loss":0,"event_name":"WeMeetAgain","floor":5,"gold_loss":0},{"damage_healed":0,"gold_gain":75,"player_choice":"Touch","damage_taken":7,"max_hp_gain":0,"max_hp_loss":0,"event_name":"FaceTrader","floor":19,"gold_loss":0},{"damage_healed":0,"gold_gain":0,"player_choice":"Read","damage_taken":0,"max_hp_gain":0,"max_hp_loss":0,"event_name":"The Library","floor":27,"gold_loss":0,"cards_obtained":["Sucker Punch"]}],"is_beta":false,"boss_relics":[{"not_picked":["Tiny House","Runic Dome"],"picked":"Busted Crown"}],"items_purged_floors":[20],"is_endless":false,"potions_floor_spawned":[2,3,7,16,18,29],"killed_by":"Champ","ascension_level":12}