{"gold_per_floor":[210,385,396,268,286,286,314,314,338,364,336,347,370,370,370,471,471,490,415,415,415],"floor_reached":21,"playtime":964,"items_purged":["Doubt"],"score":236,"play_id":"0b34d9a0-10ef-4323-950f-8a1f33a3341f","local_time":"20190104235040","is_ascension_mode":true,"campfire_choices":[{"floor":6,"key":"REST"},{"floor":8,"key":"REST"},{"floor":15,"key":"REST"}],"neow_cost":"NONE","seed_source_timestamp":483850693315438,"circlet_count":0,"master_deck":["Strike_R","Strike_R","Strike_R","Defend_R","Defend_R","Defend_R","Defend_R","Bash","Clothesline","True Grit","Cleave","Inflame","Whirlwind","Juggernaut","Offering","True Grit+1"],"relics":["Burning Blood","Potion Belt","Regal Pillow","Odd Mushroom","PreservedInsect","Sozu"],"potions_floor_usage":[7,12,16],"damage_taken":[{"damage":6,"enemies":"Cultist","floor":1,"turns":3},{"damage":27,"enemies":"Small Slimes","floor":3,"turns":5},{"damage":15,"enemies":"2 Louse","floor":5,"turns":3},{"damage":41,"enemies":"3 Sentries","floor":7,"turns":10},{"damage":35,"enemies":"The Mushroom Lair","floor":10,"turns":5},{"damage":13,"enemies":"Large Slime","floor":12,"turns":7},{"damage":55,"enemies":"Slime Boss","floor":16,"turns":10},{"damage":34,"enemies":"Shell Parasite","floor":18,"turns":6},{"damage":32,"enemies":"Colosseum Slavers","floor":20,"turns":4},{"damage":12,"enemies":"Masked Bandits","floor":21,"turns":1}],"seed_played":"-3372113418806644576","potions_obtained":[{"floor":1,"key":"Ancient Potion"},{"floor":3,"key":"Block Potion"},{"floor":10,"key":"SkillPotion"}],"is_trial":false,"path_per_floor":["M","?","M","$","M","R","E","R","T","?","?","M","T","?","R","B",null,"M","?","?","?"],"character_chosen":"IRONCLAD","items_purchased":["True Grit"],"campfire_rested":3,"item_purchase_floors":[4],"current_hp_per_floor":[72,72,51,51,42,66,31,55,55,26,26,19,19,19,58,9,62,34,34,8,0],"gold":415,"neow_bonus":"HUNDRED_GOLD","is_prod":false,"is_daily":false,"chose_seed":false,"campfire_upgraded":0,"win_rate":0,"timestamp":1546613440,"path_taken":["M","?","M","$","M","R","E","R","T","?","?","M","?","?","R","BOSS","M","?","?","?"],"build_version":"2019-01-03v3","purchased_purges":1,"victory":false,"max_hp_per_floor":[80,80,80,80,80,80,80,80,80,80,80,80,80,80,80,80,80,80,80,80,80],"card_choices":[{"not_picked":["Dropkick","Heavy Blade","Rupture"],"picked":"SKIP","floor":1},{"not_picked":["Warcry","Pommel Strike"],"picked":"Clothesline","floor":3},{"not_picked":["Wild Strike","Clothesline"],"picked":"Cleave","floor":5},{"not_picked":["Rampage","Perfected Strike"],"picked":"Inflame","floor":7},{"not_picked":["Wild Strike","Body Slam"],"picked":"Whirlwind","floor":12},{"not_picked":["Fiend Fire","Berserk"],"picked":"Offering","floor":16},{"not_picked":["Iron Wave","Warcry"],"picked":"True Grit+1","floor":18}],"player_experience":152220,"relics_obtained":[{"floor":7,"key":"Potion Belt"},{"floor":9,"key":"Regal Pillow"},{"floor":10,"key":"Odd Mushroom"},{"floor":13,"key":"PreservedInsect"}],"event_choices":[{"damage_healed":0,"gold_gain":175,"player_choice":"AGREE","damage_taken":0,"max_hp_gain":0,"max_hp_loss":0,"event_name":"Liars Game","floor":2,"gold_loss":0,"cards_obtained":["Doubt"]},{"damage_healed":0,"gold_gain":0,"player_choice":"Fought Mushrooms","damage_taken":0,"max_hp_gain":0,"max_hp_loss":0,"event_name":"Mushrooms","floor":10,"gold_loss":0},{"damage_healed":0,"gold_gain":0,"player_choice":"Left Gold","damage_taken":0,"max_hp_gain":0,"max_hp_loss":0,"event_name":"World of Goop","floor":11,"gold_loss":28},{"damage_healed":0,"gold_gain":0,"cards_transformed":["Strike_R"],"player_choice":"Change","damage_taken":0,"max_hp_gain":0,"max_hp_loss":0,"event_name":"Living Wall","floor":14,"gold_loss":0,"cards_obtained":["Juggernaut"]},{"cards_removed":["Strike_R"],"damage_healed":0,"gold_gain":0,"player_choice":"Gave Gold","damage_taken":0,"max_hp_gain":0,"max_hp_loss":0,"event_name":"Beggar","floor":19,"gold_loss":75},{"damage_healed":0,"gold_gain":0,"player_choice":"Fight","damage_taken":0,"max_hp_gain":0,"max_hp_loss":0,"event_name":"Colosseum","floor":20,"gold_loss":0},{"damage_healed":0,"gold_gain":0,"player_choice":"Fled From Nobs","damage_taken":0,"max_hp_gain":0,"max_hp_loss":0,"event_name":"Colosseum","floor":20,"gold_loss":0},{"damage_healed":0,"gold_gain":0,"player_choice":"Fought Bandits","damage_taken":0,"max_hp_gain":0,"max_hp_loss":0,"event_name":"Masked Bandits","floor":21,"gold_loss":0}],"is_beta":false,"boss_relics":[{"not_picked":["Orrery","Eternal Feather"],"picked":"Sozu"}],"items_purged_floors":[4],"is_endless":false,"potions_floor_spawned":[1,3,10],"killed_by":"Masked Bandits","ascension_level":7}