{"gold_per_floor":[111,130,101,0,0,0,0,0,0,25,45,65,65,80,80,178,228,242,261,280,62,62,62,73,73,142,159,174,185,196,0,0,0],"floor_reached":33,"playtime":4674,"items_purged":[],"score":251,"play_id":"49b9aac4-ec55-4f24-8c66-5bfcdfa0e3f3","local_time":"20190629211411","is_ascension_mode":false,"campfire_choices":[{"data":"Terror","floor":6,"key":"SMITH"},{"data":"Calculated Gamble","floor":8,"key":"SMITH"},{"floor":13,"key":"REST"},{"floor":15,"key":"REST"},{"data":"Envenom","floor":23,"key":"SMITH"},{"data":"Malaise","floor":25,"key":"SMITH"},{"floor":32,"key":"REST"}],"neow_cost":"NONE","seed_source_timestamp":49386514925200,"circlet_count":0,"master_deck":["Defend_G","Defend_G","Defend_G","Defend_G+1","Defend_G+1","Strike_G","Strike_G","Strike_G","Strike_G","Strike_G","Survivor","Neutralize","PiercingWail","Terror+1","Calculated Gamble+1","Slice+1","Quick Slash","Eviscerate","Endless Agony","Catalyst","Malaise+1","Catalyst","Flechettes","Bane+1","Envenom+1","Bandage Up","Prepared","Backstab","Deadly Poison","Distraction","Outmaneuver+1","Bullet Time","Backstab","Poisoned Stab+1"],"relics":["Ring of the Snake","Anchor","Vajra","Tiny House","Mercury Hourglass"],"potions_floor_usage":[16,16,16,16,20,20,28,28,33],"damage_taken":[{"damage":1,"enemies":"Cultist","floor":1,"turns":3},{"damage":0,"enemies":"Small Slimes","floor":2,"turns":3},{"damage":36,"enemies":"3 Sentries","floor":10,"turns":11},{"damage":0,"enemies":"Jaw Worm","floor":11,"turns":2},{"damage":0,"enemies":"3 Louse","floor":12,"turns":6},{"damage":0,"enemies":"Blue Slaver","floor":14,"turns":3},{"damage":15,"enemies":"The Guardian","floor":16,"turns":9},{"damage":0,"enemies":"3 Byrds","floor":18,"turns":8},{"damage":5,"enemies":"Shell Parasite","floor":19,"turns":9},{"damage":4,"enemies":"Snake Plant","floor":20,"turns":5},{"damage":13,"enemies":"3 Cultists","floor":24,"turns":6},{"damage":7,"enemies":"Centurion and Healer","floor":27,"turns":6},{"damage":1,"enemies":"Snake Plant","floor":28,"turns":3},{"damage":4,"enemies":"Snecko","floor":29,"turns":6},{"damage":8,"enemies":"3 Cultists","floor":30,"turns":5},{"damage":80,"enemies":"Champ","floor":33,"turns":9}],"seed_played":"-4798569529188075944","potions_obtained":[{"floor":1,"key":"EntropicBrew"},{"floor":11,"key":"AttackPotion"},{"floor":14,"key":"EssenceOfSteel"},{"floor":17,"key":"Ancient Potion"},{"floor":18,"key":"Swift Potion"},{"floor":20,"key":"Poison Potion"},{"floor":28,"key":"AttackPotion"}],"is_trial":false,"path_per_floor":["M","M","?","$","?","R","?","R","T","E","M","M","R","M","R","B",null,"M","M","M","$","?","R","M","R","T","M","M","M","M","?","R","B"],"character_chosen":"THE_SILENT","items_purchased":["Calculated Gamble","Slice","Bandage Up","Prepared","Backstab"],"campfire_rested":3,"item_purchase_floors":[4,4,21,21,21],"current_hp_per_floor":[76,76,76,76,61,61,61,61,61,25,25,25,48,48,71,56,82,82,77,73,73,73,73,64,64,64,61,60,56,48,48,72,0],"gold":0,"neow_bonus":"TEN_PERCENT_HP_BONUS","is_prod":false,"is_daily":false,"chose_seed":false,"campfire_upgraded":4,"win_rate":0.0,"timestamp":1561810451,"path_taken":["M","?","?","$","?","R","?","R","T","E","M","M","R","M","R","BOSS","M","M","M","$","?","R","M","R","T","M","M","M","M","?","R","BOSS"],"build_version":"2019-01-23","purchased_purges":0,"victory":false,"max_hp_per_floor":[77,77,77,77,77,77,77,77,77,77,77,77,77,77,77,77,82,82,82,82,82,82,82,82,82,82,82,82,82,82,82,82,82],"card_choices":[{"not_picked":["Quick Slash","Prepared"],"picked":"PiercingWail","floor":1},{"not_picked":["Unload","Well Laid Plans"],"picked":"Terror","floor":2},{"not_picked":["Acrobatics","Poisoned Stab"],"picked":"Quick Slash","floor":10},{"not_picked":["Deflect","Quick Slash"],"picked":"Eviscerate","floor":11},{"not_picked":["Calculated Gamble","Quick Slash"],"picked":"Endless Agony","floor":12},{"not_picked":["Dash","Quick Slash"],"picked":"Catalyst","floor":14},{"not_picked":["Wraith Form v2","Phantasmal Killer"],"picked":"Malaise","floor":16},{"not_picked":["Prepared","Poisoned Stab"],"picked":"Catalyst","floor":17},{"not_picked":["Acrobatics","Heel Hook+1"],"picked":"Flechettes","floor":18},{"not_picked":["Finisher","PiercingWail+1"],"picked":"Bane+1","floor":19},{"not_picked":["Deflect","Flying Knee"],"picked":"Envenom","floor":20},{"not_picked":["Acrobatics","Eviscerate"],"picked":"Distraction","floor":24},{"not_picked":["Choke","Flying Knee+1"],"picked":"Outmaneuver+1","floor":27},{"not_picked":["Poisoned Stab","All Out Attack+1"],"picked":"Bullet Time","floor":28},{"not_picked":["Slice","Expertise"],"picked":"Backstab","floor":29},{"not_picked":["Infinite Blades","Dagger Spray"],"picked":"Poisoned Stab+1","floor":30}],"player_experience":28501,"relics_obtained":[{"floor":9,"key":"Anchor"},{"floor":10,"key":"Vajra"},{"floor":26,"key":"Mercury Hourglass"}],"event_choices":[{"damage_healed":0,"gold_gain":0,"player_choice":"Left Gold","damage_taken":0,"max_hp_gain":0,"max_hp_loss":0,"event_name":"World of Goop","floor":3,"gold_loss":29},{"damage_healed":0,"gold_gain":0,"player_choice":"Entered Light","damage_taken":15,"max_hp_gain":0,"max_hp_loss":0,"event_name":"Shining Light","floor":5,"gold_loss":0,"cards_upgraded":["Defend_G","Slice"]},{"damage_healed":0,"gold_gain":0,"player_choice":"Ignored","damage_taken":0,"max_hp_gain":0,"max_hp_loss":0,"event_name":"Liars Game","floor":7,"gold_loss":0},{"damage_healed":0,"gold_gain":0,"player_choice":"Read","damage_taken":0,"max_hp_gain":0,"max_hp_loss":0,"event_name":"The Library","floor":22,"gold_loss":0,"cards_obtained":["Deadly Poison"]},{"damage_healed":0,"gold_gain":0,"player_choice":"Paid Fearfully","damage_taken":0,"max_hp_gain":0,"max_hp_loss":0,"event_name":"Masked Bandits","floor":31,"gold_loss":196}],"is_beta":false,"boss_relics":[{"not_picked":["Velvet Choker","Snecko Eye"],"picked":"Tiny House"}],"items_purged_floors":[],"is_endless":false,"potions_floor_spawned":[1,11,14,18,20,28],"killed_by":"Champ","ascension_level":0}