{"gold_per_floor":[111,122,141,141,158,158,1,13,40,59,76,76,76,90,90,161,161,179,191,202,58,70,70,89,89,113,13,13,43,58,58,58,137,137,150,150,175,193,293,293,308,0,0,0,0,0,0],"floor_reached":47,"playtime":2366,"items_purged":["Pain","Strike_R"],"score":758,"play_id":"77ce4376-57f3-4150-a73c-ffd31bfc263f","local_time":"20190827151925","is_ascension_mode":true,"campfire_choices":[{"data":"Pommel Strike","floor":6.0,"key":"SMITH"},{"data":"Rage","floor":12.0,"key":"SMITH"},{"data":"Armaments","floor":15.0,"key":"SMITH"},{"floor":23.0,"key":"REST"},{"floor":25.0,"key":"REST"},{"data":"Rupture","floor":32.0,"key":"SMITH"},{"data":"Dark Embrace","floor":40.0,"key":"SMITH"},{"floor":46,"key":"REST"}],"neow_cost":"PERCENT_DAMAGE","seed_source_timestamp":57075817779500,"circlet_count":0,"master_deck":["AscendersBane","Strike_R","Strike_R","Strike_R+1","Defend_R","Defend_R","Defend_R","Bash","Juggernaut","Pommel Strike+1","Carnage+1","Flame Barrier+1","Dual Wield","Thunderclap+1","Armaments+1","Rage+1","Headbutt","Pommel Strike","Offering+1","Inflame","Clothesline","Rampage","Rupture+1","Iron Wave","Seeing Red","Writhe","Power Through","Ghostly","Ghostly","Ghostly","Dark Embrace+1","True Grit+1","Flash of Steel","Burning Pact","Headbutt","Burning Pact","Madness","Madness"],"special_seed":0,"relics":["Black Blood","Whetstone","Vajra","WarpedTongs","Mark of Pain","War Paint","MutagenicStrength","Tiny Chest","Oddly Smooth Stone","Calipers","Red Mask","Incense Burner"],"potions_floor_usage":[47],"damage_taken":[{"damage":6.0,"enemies":"Cultist","floor":1.0,"turns":4.0},{"damage":14.0,"enemies":"Jaw Worm","floor":2.0,"turns":3.0},{"damage":0.0,"enemies":"Small Slimes","floor":3.0,"turns":4.0},{"damage":20.0,"enemies":"Gremlin Gang","floor":5.0,"turns":4.0},{"damage":8.0,"enemies":"Exordium Wildlife","floor":8.0,"turns":3.0},{"damage":8.0,"enemies":"Blue Slaver","floor":10.0,"turns":2.0},{"damage":1.0,"enemies":"3 Louse","floor":11.0,"turns":2.0},{"damage":2.0,"enemies":"Large Slime","floor":14.0,"turns":5.0},{"damage":28.0,"enemies":"The Guardian","floor":16.0,"turns":9.0},{"damage":10.0,"enemies":"2 Thieves","floor":18.0,"turns":4.0},{"damage":26.0,"enemies":"Spheric Guardian","floor":19.0,"turns":4.0},{"damage":26.0,"enemies":"Snecko","floor":20.0,"turns":5.0},{"damage":14.0,"enemies":"Cultist and Chosen","floor":22.0,"turns":5.0},{"damage":22.0,"enemies":"Snake Plant","floor":24.0,"turns":4.0},{"damage":7.0,"enemies":"Sentry and Sphere","floor":30.0,"turns":3.0},{"damage":29.0,"enemies":"Champ","floor":33.0,"turns":12.0},{"damage":26.0,"enemies":"3 Darklings","floor":35.0,"turns":8.0},{"damage":0.0,"enemies":"3 Shapes","floor":38.0,"turns":9.0},{"damage":6.0,"enemies":"Mind Bloom Boss Battle","floor":39.0,"turns":5.0},{"damage":61,"enemies":"Transient","floor":41,"turns":5},{"damage":28,"enemies":"Maw","floor":47,"turns":5}],"seed_played":"-8902720138390292935","potions_obtained":[{"floor":2.0,"key":"Energy Potion"},{"floor":3.0,"key":"SteroidPotion"},{"floor":5.0,"key":"FairyPotion"},{"floor":8.0,"key":"Strength Potion"},{"floor":18.0,"key":"PowerPotion"},{"floor":20.0,"key":"AttackPotion"},{"floor":22.0,"key":"GamblersBrew"},{"floor":35.0,"key":"GamblersBrew"},{"floor":39.0,"key":"EssenceOfSteel"}],"is_trial":false,"path_per_floor":["M","M","M","?","M","R","$","M","T","M","M","R","?","M","R","B",null,"M","M","M","$","M","R","M","R","T","$","?","?","M","?","R","B",null,"M","?","T","M","?","R","M","?","T","?","?","R","M"],"character_chosen":"IRONCLAD","items_purchased":["Whetstone","Rupture"],"campfire_rested":3,"item_purchase_floors":[7,21],"current_hp_per_floor":[50,42,48,48,34,34,34,32,32,30,35,35,35,39,39,17,61,57,37,17,17,9,31,15,37,37,37,37,37,36,36,36,13,31,15,15,15,25,29,29,13,13,13,13,6,17,0],"gold":0,"neow_bonus":"TRANSFORM_TWO_CARDS","is_prod":false,"is_daily":false,"chose_seed":false,"campfire_upgraded":5,"win_rate":0,"timestamp":1566886765,"path_taken":["M","?","M","?","M","R","$","M","T","?","M","R","?","M","R","BOSS","M","M","M","$","?","R","M","R","T","$","?","?","M","?","R","BOSS","M","?","?","M","?","R","M","?","T","?","?","R","M"],"build_version":"2019-07-17","purchased_purges":2,"victory":false,"max_hp_per_floor":[75,75,75,75,75,75,75,75,75,75,75,75,75,75,75,75,75,75,75,75,75,75,75,75,75,75,75,75,75,75,37,37,37,37,37,37,37,37,37,37,37,37,37,37,37,37,37],"card_choices":[{"not_picked":["True Grit","Wild Strike"],"picked":"Carnage","floor":1.0},{"not_picked":["Twin Strike","Metallicize"],"picked":"Flame Barrier","floor":2.0},{"not_picked":["Rupture","Evolve"],"picked":"Dual Wield","floor":3.0},{"not_picked":["Dual Wield","Sword Boomerang"],"picked":"Thunderclap","floor":5.0},{"not_picked":["Rupture","Sword Boomerang"],"picked":"Armaments","floor":8.0},{"not_picked":["Body Slam","Warcry"],"picked":"Rage","floor":10.0},{"not_picked":["Cleave","Corruption"],"picked":"Headbutt","floor":11.0},{"not_picked":["Thunderclap","Sever Soul"],"picked":"Pommel Strike","floor":14.0},{"not_picked":["Barricade","Dark Embrace"],"picked":"Offering","floor":16.0},{"not_picked":["Flex+1","Thunderclap"],"picked":"Inflame","floor":18.0},{"not_picked":["Pommel Strike+1","Iron Wave"],"picked":"Clothesline","floor":19.0},{"not_picked":["Body Slam+1","Second Wind"],"picked":"Rampage","floor":20.0},{"not_picked":["Twin Strike+1","Cleave+1"],"picked":"Iron Wave","floor":22.0},{"not_picked":["Dropkick+1","Warcry"],"picked":"Seeing Red","floor":24.0},{"not_picked":["Headbutt","Pommel Strike"],"picked":"Power Through","floor":30.0},{"not_picked":["Fiend Fire","Impervious"],"picked":"Dark Embrace","floor":33.0},{"not_picked":["Warcry","Iron Wave"],"picked":"True Grit+1","floor":35.0},{"not_picked":["Forethought","Dark Shackles"],"picked":"Flash of Steel","floor":36.0},{"not_picked":["Inflame+1","Searing Blow"],"picked":"Burning Pact","floor":38.0},{"not_picked":["Wild Strike","Pummel+1"],"picked":"Headbutt","floor":39.0},{"not_picked":["Shockwave+1","Entrench+1"],"picked":"Burning Pact","floor":41}],"player_experience":708692,"relics_obtained":[{"floor":9.0,"key":"Vajra"},{"floor":26.0,"key":"War Paint"},{"floor":37.0,"key":"Oddly Smooth Stone"},{"floor":39.0,"key":"Calipers"},{"floor":43,"key":"Incense Burner"}],"event_choices":[{"damage_healed":0.0,"max_hp_gain":0.0,"max_hp_loss":0.0,"gold_gain":0.0,"event_name":"Upgrade Shrine","player_choice":"Upgraded","floor":4.0,"gold_loss":0.0,"damage_taken":0.0,"cards_upgraded":["Carnage"]},{"damage_healed":0.0,"max_hp_gain":0.0,"max_hp_loss":0.0,"gold_gain":0.0,"event_name":"Accursed Blacksmith","player_choice":"Rummage","floor":13.0,"gold_loss":0.0,"damage_taken":0.0,"relics_obtained":["WarpedTongs"],"cards_obtained":["Pain"]},{"damage_healed":0.0,"max_hp_gain":0.0,"max_hp_loss":0.0,"gold_gain":0.0,"event_name":"Drug Dealer","player_choice":"Inject Mutagens","floor":28.0,"gold_loss":0.0,"damage_taken":0.0,"relics_obtained":["MutagenicStrength"]},{"damage_healed":0.0,"max_hp_gain":0.0,"max_hp_loss":0.0,"gold_gain":0.0,"event_name":"The Mausoleum","player_choice":"Opened","floor":29.0,"gold_loss":0.0,"damage_taken":0.0,"relics_obtained":["Tiny Chest"],"cards_obtained":["Writhe"]},{"damage_healed":0.0,"max_hp_gain":0.0,"max_hp_loss":38.0,"gold_gain":0.0,"event_name":"Ghosts","player_choice":"Became a Ghost","floor":31.0,"gold_loss":0.0,"damage_taken":0.0,"cards_obtained":["Ghostly","Ghostly","Ghostly"]},{"damage_healed":0.0,"max_hp_gain":0.0,"max_hp_loss":0.0,"gold_gain":0.0,"event_name":"SensoryStone","player_choice":"Memory 1","floor":36.0,"gold_loss":0.0,"damage_taken":0.0},{"damage_healed":0.0,"max_hp_gain":0.0,"max_hp_loss":0.0,"gold_gain":0.0,"event_name":"MindBloom","player_choice":"Fight","floor":39.0,"gold_loss":0.0,"damage_taken":0.0},{"damage_healed":0,"gold_gain":0,"player_choice":"Paid","damage_taken":0,"relics_obtained":["Red Mask"],"max_hp_gain":0,"max_hp_loss":0,"event_name":"Tomb of Lord Red Mask","floor":42,"gold_loss":308},{"damage_healed":0,"gold_gain":0,"player_choice":"Ignored","damage_taken":0,"max_hp_gain":0,"max_hp_loss":0,"event_name":"The Moai Head","floor":44,"gold_loss":0},{"damage_healed":0,"gold_gain":0,"player_choice":"Embrace Madness","damage_taken":7,"max_hp_gain":0,"max_hp_loss":0,"event_name":"Winding Halls","floor":45,"gold_loss":0,"cards_obtained":["Madness","Madness"]}],"is_beta":false,"boss_relics":[{"not_picked":["Eternal Feather","Pandora\u0027s Box"],"picked":"Mark of Pain"},{"not_picked":["Black Star","Runic Pyramid"],"picked":"Black Blood"}],"items_purged_floors":[21,27],"is_endless":false,"potions_floor_spawned":[2,3,5,8,10,18,20,22,35,39],"killed_by":"Maw","ascension_level":15}