{"gold_per_floor":[111,111,123,123,138,171,171,206,259,259,278,278,290,307,307,411,411,431,446,446,446,464,498,498],"floor_reached":24,"playtime":1914,"items_purged":[],"score":356,"play_id":"c0684aee-ba7a-4109-9f3f-874c0338b88d","local_time":"20190215014811","is_ascension_mode":true,"campfire_choices":[{"data":"Zap","floor":7.0,"key":"SMITH"},{"data":"Go for the Eyes","floor":10.0,"key":"SMITH"},{"data":"Barrage","floor":12.0,"key":"SMITH"},{"floor":15.0,"key":"REST"}],"neow_cost":"NONE","seed_source_timestamp":0,"circlet_count":0,"master_deck":["Strike_B","Defend_B","Defend_B","Defend_B","Zap+1","Dualcast","Rebound","Capacitor","Compile Driver","Go for the Eyes+1","Barrage+1","Conserve Battery","Hologram","Buffer","Storm+1","Rip and Tear+1","Leap+1","Coolheaded","Self Repair","Ghostly","Ghostly","Ghostly","Ghostly","Ghostly","Reinforced Body","Compile Driver+1"],"special_seed":0,"relics":["Cracked Core","NeowsBlessing","Pear","Pen Nib","Strawberry","Astrolabe","Emotion Chip"],"potions_floor_usage":[23,24,24],"damage_taken":[{"damage":0.0,"enemies":"Cultist","floor":1.0,"turns":1.0},{"damage":0.0,"enemies":"Jaw Worm","floor":3.0,"turns":1.0},{"damage":0.0,"enemies":"Small Slimes","floor":5.0,"turns":1.0},{"damage":13.0,"enemies":"Gremlin Nob","floor":6.0,"turns":3.0},{"damage":10.0,"enemies":"3 Sentries","floor":8.0,"turns":4.0},{"damage":5.0,"enemies":"Exordium Thugs","floor":11.0,"turns":3.0},{"damage":9.0,"enemies":"Blue Slaver","floor":13.0,"turns":2.0},{"damage":8.0,"enemies":"Gremlin Gang","floor":14.0,"turns":6.0},{"damage":31.0,"enemies":"Hexaghost","floor":16.0,"turns":9.0},{"damage":2.0,"enemies":"Chosen","floor":18.0,"turns":4.0},{"damage":28.0,"enemies":"2 Thieves","floor":19.0,"turns":4.0},{"damage":9,"enemies":"3 Cultists","floor":22,"turns":7},{"damage":41,"enemies":"Gremlin Leader","floor":23,"turns":9},{"damage":11,"enemies":"Centurion and Healer","floor":24,"turns":5}],"seed_played":"7670341815383313744","potions_obtained":[{"floor":3.0,"key":"AttackPotion"},{"floor":5.0,"key":"EntropicBrew"},{"floor":6.0,"key":"Explosive Potion"},{"floor":11.0,"key":"GamblersBrew"},{"floor":16.0,"key":"Strength Potion"},{"floor":18.0,"key":"Block Potion"},{"floor":22,"key":"GamblersBrew"}],"is_trial":false,"path_per_floor":["M","?","M","?","M","E","R","E","T","R","M","R","M","M","R","B",null,"M","M","?","?","M","E","M"],"character_chosen":"DEFECT","items_purchased":[],"campfire_rested":1,"item_purchase_floors":[],"current_hp_per_floor":[68,61,61,61,61,58,58,48,55,55,50,50,41,33,60,29,76,74,46,46,46,44,10,0],"gold":498,"neow_bonus":"THREE_ENEMY_KILL","is_prod":false,"is_daily":false,"chose_seed":false,"campfire_upgraded":3,"win_rate":0,"timestamp":1550224091,"path_taken":["M","?","M","?","M","E","R","E","T","R","M","R","M","M","R","BOSS","M","M","?","?","M","E","?"],"build_version":"2019-01-23","purchased_purges":0,"victory":false,"max_hp_per_floor":[75,75,75,75,75,85,85,85,92,92,92,92,92,92,92,92,92,92,92,46,46,46,46,46],"card_choices":[{"not_picked":["Aggregate","Static Discharge"],"picked":"Rebound","floor":1.0},{"not_picked":["Steam Power","FTL"],"picked":"Capacitor","floor":3.0},{"not_picked":["Chaos","Darkness"],"picked":"Compile Driver","floor":5.0},{"not_picked":["Compile Driver","Turbo"],"picked":"Go for the Eyes","floor":6.0},{"not_picked":["Turbo","Redo","Beam Cell"],"picked":"SKIP","floor":8.0},{"not_picked":["Skim","Beam Cell"],"picked":"Barrage","floor":11.0},{"not_picked":["Barrage","Rainbow"],"picked":"Conserve Battery","floor":13.0},{"not_picked":["Lockon","Redo"],"picked":"Hologram","floor":14.0},{"not_picked":["Biased Cognition","Core Surge"],"picked":"Buffer","floor":16.0},{"not_picked":["Sweeping Beam","Streamline"],"picked":"Coolheaded","floor":18.0},{"not_picked":["Rebound","Cold Snap"],"picked":"Self Repair","floor":19.0},{"not_picked":["Fission","Stack"],"picked":"Reinforced Body","floor":22},{"not_picked":["Hello World+1","Doom and Gloom"],"picked":"Compile Driver+1","floor":23}],"player_experience":505285,"relics_obtained":[{"floor":6.0,"key":"Pear"},{"floor":8.0,"key":"Pen Nib"},{"floor":9.0,"key":"Strawberry"},{"floor":23,"key":"Emotion Chip"}],"event_choices":[{"cards_removed":["Strike_B"],"damage_healed":0.0,"max_hp_gain":0.0,"max_hp_loss":0.0,"gold_gain":0.0,"event_name":"Golden Wing","player_choice":"Card Removal","floor":2.0,"gold_loss":0.0,"damage_taken":7.0},{"damage_healed":0.0,"max_hp_gain":0.0,"max_hp_loss":0.0,"gold_gain":0.0,"event_name":"Liars Game","player_choice":"Ignored","floor":4.0,"gold_loss":0.0,"damage_taken":0.0},{"damage_healed":0.0,"max_hp_gain":0.0,"max_hp_loss":46.0,"gold_gain":0.0,"event_name":"Ghosts","player_choice":"Became a Ghost","floor":20.0,"gold_loss":0.0,"damage_taken":0.0,"cards_obtained":["Ghostly","Ghostly","Ghostly","Ghostly","Ghostly"]},{"damage_healed":0,"gold_gain":0,"player_choice":"Ignored","damage_taken":0,"max_hp_gain":0,"max_hp_loss":0,"event_name":"Cursed Tome","floor":21,"gold_loss":0}],"is_beta":false,"boss_relics":[{"not_picked":["Cursed Key","Eternal Feather"],"picked":"Astrolabe"}],"items_purged_floors":[],"is_endless":false,"potions_floor_spawned":[3,5,6,11,16,18,22],"killed_by":"Centurion and Healer","ascension_level":9}