{"gold_per_floor":[115,40,54,54,54,84,108,120,156,92,92,107,107,119,119,119],"floor_reached":16,"playtime":528,"items_purged":["Strike_G"],"score":244,"play_id":"85c504b6-5981-4dc5-a988-15b336a8b383","local_time":"20190807032740","is_ascension_mode":true,"campfire_choices":[{"data":"Neutralize","floor":8,"key":"SMITH"},{"data":"Unload","floor":11,"key":"SMITH"},{"data":"Survivor","floor":15,"key":"SMITH"}],"neow_cost":"NONE","seed_source_timestamp":353323155192700,"circlet_count":0,"master_deck":["AscendersBane","Strike_G","Strike_G","Strike_G","Strike_G","Defend_G","Defend_G","Defend_G","Defend_G","Defend_G","Survivor+1","Neutralize+1","PiercingWail","Acrobatics","Regret","Corpse Explosion","Unload+1","Backstab","Flying Knee"],"relics":["Ring of the Snake","NeowsBlessing","Ancient Tea Set","MawBank","Oddly Smooth Stone","Thread and Needle"],"potions_floor_usage":[6,12,12,14,16],"damage_taken":[{"damage":0,"enemies":"Small Slimes","floor":1,"turns":1},{"damage":0,"enemies":"Cultist","floor":3,"turns":1},{"damage":0,"enemies":"Gremlin Nob","floor":6,"turns":1},{"damage":0,"enemies":"2 Louse","floor":7,"turns":3},{"damage":0,"enemies":"Exordium Wildlife","floor":12,"turns":5},{"damage":1,"enemies":"Gremlin Gang","floor":14,"turns":2},{"damage":58,"enemies":"Hexaghost","floor":16,"turns":14}],"seed_played":"5791751582574016495","potions_obtained":[{"floor":3,"key":"Weak Potion"},{"floor":5,"key":"AttackPotion"},{"floor":6,"key":"SkillPotion"},{"floor":12,"key":"Explosive Potion"},{"floor":14,"key":"SpeedPotion"}],"is_trial":false,"path_per_floor":["M","$","M","?","?","E","M","R","T","$","R","M","?","M","R","B"],"character_chosen":"THE_SILENT","items_purchased":["Unload"],"campfire_rested":0,"item_purchase_floors":[10],"current_hp_per_floor":[59,59,59,59,59,59,59,59,59,59,59,59,54,53,53,0],"gold":119,"neow_bonus":"THREE_ENEMY_KILL","is_prod":false,"is_daily":false,"chose_seed":false,"campfire_upgraded":3,"win_rate":0,"timestamp":1565116060,"path_taken":["M","$","M","?","?","E","M","R","T","$","R","?","?","M","R","BOSS"],"build_version":"2019-07-17","purchased_purges":1,"victory":false,"max_hp_per_floor":[66,66,66,66,66,66,66,66,66,66,66,66,66,66,66,66],"card_choices":[{"not_picked":["Dodge and Roll","Underhanded Strike"],"picked":"PiercingWail","floor":1},{"not_picked":["PiercingWail","Bane"],"picked":"Acrobatics","floor":3},{"not_picked":["Calculated Gamble","Dagger Throw"],"picked":"Corpse Explosion","floor":6},{"not_picked":["Outmaneuver","Underhanded Strike","Dodge and Roll"],"picked":"SKIP","floor":7},{"not_picked":["Sucker Punch","Deflect"],"picked":"Backstab","floor":12},{"not_picked":["Poisoned Stab","Prepared"],"picked":"Flying Knee","floor":14}],"player_experience":605687,"relics_obtained":[{"floor":6,"key":"MawBank"},{"floor":9,"key":"Oddly Smooth Stone"}],"event_choices":[{"damage_healed":0,"gold_gain":0,"player_choice":"Box","damage_taken":0,"relics_obtained":["Ancient Tea Set"],"max_hp_gain":0,"max_hp_loss":0,"event_name":"Big Fish","floor":4,"gold_loss":0,"cards_obtained":["Regret"]},{"damage_healed":0,"gold_gain":0,"player_choice":"Got Potions","damage_taken":0,"max_hp_gain":0,"max_hp_loss":0,"event_name":"Lab","floor":5,"gold_loss":0},{"damage_healed":0,"gold_gain":0,"player_choice":"Success","damage_taken":5,"relics_obtained":["Thread and Needle"],"max_hp_gain":0,"max_hp_loss":0,"event_name":"Scrap Ooze","floor":13,"gold_loss":0}],"is_beta":false,"boss_relics":[],"items_purged_floors":[2],"is_endless":false,"potions_floor_spawned":[3,6,12,14],"killed_by":"Hexaghost","ascension_level":19}