{"gold_per_floor":[19,32,32,47,57,84,84,103,151,151,72,88,88,99,99,194,194,208,298,308,326,199,199,210,210,210,226,238,238,28,127,127,230,230,246,259,32,32,132,132],"floor_reached":40,"playtime":6414,"items_purged":["Strike_R","Strike_R","Strike_R"],"score":440,"play_id":"e0b6e870-5151-4652-85e5-b909508b55cc","local_time":"20190701083306","is_ascension_mode":false,"campfire_choices":[{"floor":7,"key":"REST"},{"data":"Bloodletting","floor":10,"key":"SMITH"},{"data":"Armaments","floor":13,"key":"SMITH"},{"floor":15,"key":"REST"},{"floor":23,"key":"REST"},{"floor":25,"key":"REST"},{"floor":29,"key":"REST"},{"floor":32,"key":"REST"}],"neow_cost":"NO_GOLD","seed_source_timestamp":174778844518300,"circlet_count":0,"master_deck":["Strike_R","Strike_R","Defend_R","Defend_R","Defend_R","Defend_R","Bash","Body Slam","Bloodletting+1","Body Slam","Battle Trance","Brutality","Warcry","Burning Pact","Armaments+1","Warcry","Barricade","Headbutt+1","True Grit+1","Feel No Pain","Warcry","Disarm+1","Armaments+1","Headbutt","Forethought","Shrug It Off","Offering","Armaments+1","Violence","Body Slam+1"],"relics":["Burning Blood","Darkstone Periapt","Fusion Hammer","Calipers","Philosopher\u0027s Stone","Champion Belt"],"potions_floor_usage":[6,16,16,21,24,33,37],"damage_taken":[{"damage":12,"enemies":"Jaw Worm","floor":1,"turns":5},{"damage":1,"enemies":"Cultist","floor":2,"turns":3},{"damage":8,"enemies":"Small Slimes","floor":4,"turns":4},{"damage":9,"enemies":"Exordium Wildlife","floor":5,"turns":5},{"damage":73,"enemies":"Lagavulin","floor":6,"turns":9},{"damage":13,"enemies":"2 Fungi Beasts","floor":8,"turns":4},{"damage":18,"enemies":"Blue Slaver","floor":12,"turns":4},{"damage":26,"enemies":"Exordium Thugs","floor":14,"turns":4},{"damage":52,"enemies":"The Guardian","floor":16,"turns":10},{"damage":21,"enemies":"Chosen","floor":18,"turns":7},{"damage":35,"enemies":"Shell Parasite","floor":20,"turns":4},{"damage":14,"enemies":"3 Cultists","floor":21,"turns":6},{"damage":39,"enemies":"Centurion and Healer","floor":24,"turns":5},{"damage":7,"enemies":"Cultist and Chosen","floor":27,"turns":7},{"damage":38,"enemies":"3 Cultists","floor":28,"turns":7},{"damage":26,"enemies":"Champ","floor":33,"turns":8},{"damage":10,"enemies":"3 Darklings","floor":35,"turns":5},{"damage":24,"enemies":"3 Shapes","floor":36,"turns":7},{"damage":53,"enemies":"Mind Bloom Boss Battle","floor":39,"turns":6},{"damage":39,"enemies":"Transient","floor":40,"turns":3}],"seed_played":"-4960993340483535737","potions_obtained":[{"floor":2,"key":"GamblersBrew"},{"floor":8,"key":"FearPotion"},{"floor":12,"key":"FairyPotion"},{"floor":14,"key":"AttackPotion"},{"floor":16,"key":"PowerPotion"},{"floor":20,"key":"EssenceOfSteel"},{"floor":21,"key":"Regen Potion"},{"floor":33,"key":"SteroidPotion"}],"is_trial":false,"path_per_floor":["M","M","?","M","M","E","R","M","T","R","$","M","R","M","R","B",null,"M","?","M","M","$","R","M","R","T","M","M","R","$","?","R","B",null,"M","M","$","?","?","M"],"character_chosen":"IRONCLAD","items_purchased":["Burning Pact","Armaments","Warcry","Forethought","Shrug It Off","Fruit Juice"],"campfire_rested":6,"item_purchase_floors":[11,11,22,30,30,37],"current_hp_per_floor":[90,95,100,98,95,28,58,51,51,51,51,39,39,19,49,13,101,86,66,37,29,29,59,38,68,68,67,35,65,65,65,95,75,101,97,79,84,84,37,0],"gold":132,"neow_bonus":"TWENTY_PERCENT_HP_BONUS","is_prod":false,"is_daily":false,"chose_seed":false,"campfire_upgraded":2,"win_rate":0,"timestamp":1561937586,"path_taken":["M","M","?","M","M","E","R","M","T","R","$","M","R","M","R","BOSS","M","?","M","?","?","R","M","R","T","M","M","R","$","?","R","BOSS","M","M","$","?","?","M"],"build_version":"2019-01-23","purchased_purges":3,"victory":false,"max_hp_per_floor":[96,96,101,101,101,101,101,101,101,101,101,101,101,101,101,101,101,101,101,101,101,101,101,101,101,101,101,101,101,101,101,101,101,101,101,101,106,106,106,106],"card_choices":[{"not_picked":["Twin Strike","Headbutt"],"picked":"Body Slam","floor":1},{"not_picked":["Flex","Shockwave"],"picked":"Bloodletting","floor":2},{"not_picked":["Feel No Pain","Anger"],"picked":"Body Slam","floor":4},{"not_picked":["Intimidate","Sword Boomerang"],"picked":"Battle Trance","floor":5},{"not_picked":["Fire Breathing","Headbutt"],"picked":"Brutality","floor":6},{"not_picked":["Flex","Sword Boomerang"],"picked":"Warcry","floor":8},{"not_picked":["Hemokinesis","Iron Wave","Clash"],"picked":"SKIP","floor":12},{"not_picked":["Cleave","Burning Pact"],"picked":"Warcry","floor":14},{"not_picked":["Offering","Berserk"],"picked":"Barricade","floor":16},{"not_picked":["Body Slam","Evolve+1"],"picked":"Headbutt+1","floor":18},{"not_picked":["Sword Boomerang","Flex+1"],"picked":"True Grit+1","floor":20},{"not_picked":["Cleave+1","Evolve"],"picked":"Feel No Pain","floor":21},{"not_picked":["Wild Strike+1","Evolve+1"],"picked":"Disarm+1","floor":24},{"not_picked":["Twin Strike","Metallicize"],"picked":"Armaments+1","floor":27},{"not_picked":["Sword Boomerang","Clothesline"],"picked":"Headbutt","floor":28},{"not_picked":["Berserk","Brutality"],"picked":"Offering","floor":33},{"not_picked":["Havoc+1","Cleave"],"picked":"Armaments+1","floor":35},{"not_picked":["Rage+1","Havoc+1","Corruption"],"picked":"SKIP","floor":36},{"not_picked":["Dark Shackles","Good Instincts"],"picked":"Violence","floor":38},{"not_picked":["Pommel Strike","Sever Soul"],"picked":"Body Slam+1","floor":39}],"player_experience":100524,"relics_obtained":[{"floor":6,"key":"Darkstone Periapt"},{"floor":26,"key":"Calipers"},{"floor":39,"key":"Champion Belt"}],"event_choices":[{"damage_healed":0,"gold_gain":0,"player_choice":"Donut","damage_taken":0,"max_hp_gain":5,"max_hp_loss":0,"event_name":"Big Fish","floor":3,"gold_loss":0},{"damage_healed":0,"gold_gain":90,"player_choice":"GOLD ","damage_taken":20,"max_hp_gain":0,"max_hp_loss":0,"event_name":"Knowing Skull","floor":19,"potions_obtained":[],"gold_loss":0,"cards_obtained":[]},{"damage_healed":0,"gold_gain":99,"player_choice":"Stole From Cult","damage_taken":0,"max_hp_gain":0,"max_hp_loss":0,"event_name":"Nest","floor":31,"gold_loss":0},{"damage_healed":0,"gold_gain":0,"player_choice":"Memory 1","damage_taken":0,"max_hp_gain":0,"max_hp_loss":0,"event_name":"SensoryStone","floor":38,"gold_loss":0},{"damage_healed":0,"gold_gain":0,"player_choice":"Fight","damage_taken":0,"max_hp_gain":0,"max_hp_loss":0,"event_name":"MindBloom","floor":39,"gold_loss":0}],"is_beta":false,"boss_relics":[{"not_picked":["Runic Dome","Ectoplasm"],"picked":"Fusion Hammer"},{"not_picked":["Busted Crown","Tiny House"],"picked":"Philosopher\u0027s Stone"}],"items_purged_floors":[22,30,37],"is_endless":false,"potions_floor_spawned":[2,8,12,14,16,20,21,33],"killed_by":"Transient","ascension_level":0}