{"path_per_floor":["M","M","?","?","M","R","M","M","T","?","R","E","?","M","R","B",null,"M","M","M","?","T","R","?","M","T","$","R","E","M","M","R","B",null,"M","M","?","$","M","E","R","M","T","T","M","R","M","M","R","B"],"character_chosen":"IRONCLAD","items_purchased":["Ginger","Dark Embrace","Vajra"],"gold_per_floor":[114,129,129,129,144,144,159,174,224,224,224,254,276,291,291,391,391,406,421,436,486,486,486,486,501,526,78,78,108,123,138,138,238,238,253,268,268,18,33,93,93,108,108,158,173,173,188,203,203,203],"floor_reached":51,"campfire_rested":1,"playtime":2250,"current_hp_per_floor":[78,77,70,63,65,72,74,76,82,82,81,80,78,78,77,43,81,76,78,63,63,69,69,53,55,61,61,61,58,58,57,57,56,100,102,101,100,99,87,76,76,74,80,86,86,86,74,74,102,90],"items_purged":["Writhe","Doubt"],"gold":203,"score":978,"play_id":"e04148c6-3d26-45cc-af16-dfaf9c46c926","local_time":"20180420192752","daily_mods":["Heirloom","Cursed Run","Terminal"],"is_prod":false,"is_daily":true,"chose_seed":false,"is_ascension_mode":false,"campfire_upgraded":0,"timestamp":1524220072,"path_taken":["M","M","?","?","M","R","M","M","T","?","R","E","?","M","R","BOSS","M","?","M","?","?","R","?","?","T","$","R","E","M","M","R","BOSS","M","?","?","$","M","E","R","?","T","?","M","R","M","M","R","BOSS"],"build_version":"2018-04-19","seed_source_timestamp":0,"purchased_purges":3,"victory":true,"master_deck":["Strike_R","Strike_R","Strike_R","Strike_R","Defend_R+1","Defend_R","Defend_R","Defend_R","Bash","Twin Strike","Shockwave","Cleave","Thunderclap+1","Ghostly Armor","Injury","Uppercut","Flex","Battle Trance","Parasite","Bludgeon","Cleave","Flame Barrier+1","Infernal Blade+1","Clash+1","Pain","Dark Embrace","Searing Blow+2","Dropkick+1","Ghostly Armor+1","Parasite","Brutality","Pain","Regret","Blood for Blood+1","Intimidate","Heavy Blade+1","Double Tap","Clumsy","Decay","Hemokinesis+1","Pommel Strike+1","Clothesline+1","Doubt"],"max_hp_per_floor":[78,77,76,75,74,80,79,78,83,82,81,80,79,78,77,82,81,80,79,78,77,82,81,80,79,84,83,82,81,80,79,78,83,100,102,101,100,99,98,97,96,97,102,107,106,105,104,103,102,107],"relics":["Cursed Key","Darkstone Periapt","Du-Vu Doll","Shovel","Blood Vial","Strawberry","Regal Pillow","Mummified Hand","Self Forming Clay","Odd Mushroom","Lantern","Velvet Choker","Matryoshka","Unceasing Top","Nilry\u0027s Codex","Molten Egg 2","Bag of Preparation","Ginger","Mercury Hourglass","Happy Flower","Kunai","Calling Bell","Ancient Tea Set","Toolbox","Thread and Needle","Vajra","Tiny Chest","Singing Bowl","Dodecahedron","War Paint","Orichalcum","Art of War"],"card_choices":[{"not_picked":["True Grit","Second Wind"],"picked":"Twin Strike","floor":1},{"not_picked":["Thunderclap","Corruption"],"picked":"Shockwave","floor":2},{"not_picked":["Sword Boomerang","Pommel Strike"],"picked":"Cleave","floor":5},{"not_picked":["Rupture","Iron Wave"],"picked":"Thunderclap","floor":7},{"not_picked":["Headbutt","Evolve"],"picked":"Ghostly Armor","floor":8},{"not_picked":["Pummel","Intimidate"],"picked":"Uppercut","floor":12},{"not_picked":["Thunderclap","Cleave"],"picked":"Flex","floor":13},{"not_picked":["Wild Strike","Warcry"],"picked":"Battle Trance","floor":14},{"not_picked":["Impervious","Exhume"],"picked":"Bludgeon","floor":16},{"not_picked":["Thunderclap","Perfected Strike"],"picked":"Cleave","floor":18},{"not_picked":["Blood for Blood","Shrug It Off"],"picked":"Flame Barrier","floor":19},{"not_picked":["Sword Boomerang","True Grit"],"picked":"Infernal Blade","floor":20},{"not_picked":["Sword Boomerang","Anger"],"picked":"Clash","floor":25},{"not_picked":["Perfected Strike","Shockwave"],"picked":"Searing Blow","floor":29},{"not_picked":["Havoc","Sever Soul"],"picked":"Dropkick","floor":30},{"not_picked":["Iron Wave","Evolve"],"picked":"Ghostly Armor","floor":31},{"not_picked":["Impervious","Berserk"],"picked":"Brutality","floor":33},{"not_picked":["Flex","Perfected Strike"],"picked":"Blood for Blood","floor":35},{"not_picked":["Wild Strike","Body Slam"],"picked":"Intimidate","floor":36},{"not_picked":["Anger","Thunderclap"],"picked":"Heavy Blade","floor":39},{"not_picked":["Anger","Cleave"],"picked":"Double Tap","floor":40},{"not_picked":["Clash","Twin Strike"],"picked":"Hemokinesis","floor":45},{"not_picked":["Headbutt","Ghostly Armor"],"picked":"Pommel Strike","floor":47},{"not_picked":["Sever Soul","Hemokinesis"],"picked":"Clothesline","floor":48}],"player_experience":458648,"potions_floor_usage":[33,50,50],"damage_taken":[{"damage":0,"enemies":"2 Louse","floor":1,"turns":4},{"damage":1,"enemies":"Jaw Worm","floor":2,"turns":3},{"damage":0,"enemies":"Cultist","floor":5,"turns":2},{"damage":0,"enemies":"2 Fungi Beasts","floor":7,"turns":2},{"damage":0,"enemies":"Blue Slaver","floor":8,"turns":3},{"damage":0,"enemies":"Lagavulin","floor":12,"turns":5},{"damage":2,"enemies":"The Mushroom Lair","floor":13,"turns":3},{"damage":0,"enemies":"3 Louse","floor":14,"turns":2},{"damage":40,"enemies":"Hexaghost","floor":16,"turns":9},{"damage":5,"enemies":"2 Thieves","floor":18,"turns":3},{"damage":0,"enemies":"Chosen","floor":19,"turns":3},{"damage":16,"enemies":"Snake Plant","floor":20,"turns":4},{"damage":0,"enemies":"Chosen and Byrds","floor":25,"turns":3},{"damage":5,"enemies":"Slavers","floor":29,"turns":3},{"damage":2,"enemies":"Centurion and Healer","floor":30,"turns":2},{"damage":3,"enemies":"3 Cultists","floor":31,"turns":3},{"damage":9,"enemies":"Automaton","floor":33,"turns":8},{"damage":0,"enemies":"3 Shapes","floor":35,"turns":3},{"damage":1,"enemies":"3 Darklings","floor":36,"turns":2},{"damage":12,"enemies":"4 Shapes","floor":39,"turns":3},{"damage":13,"enemies":"Giant Head","floor":40,"turns":6},{"damage":6,"enemies":"Sphere and 2 Shapes","floor":42,"turns":2},{"damage":2,"enemies":"Maw","floor":45,"turns":3},{"damage":14,"enemies":"3 Darklings","floor":47,"turns":3},{"damage":2,"enemies":"Sphere and 2 Shapes","floor":48,"turns":3},{"damage":18,"enemies":"Donu and Deca","floor":50,"turns":6}],"event_choices":[{"event_name":"Golden Wing","player_choice":"Card Removal","floor":3,"damage_taken":0},{"event_name":"Scrap Ooze","player_choice":"success","floor":4,"damage_taken":7},{"event_name":"Living Wall","player_choice":"Grow","floor":10,"damage_taken":0},{"event_name":"Mushrooms","player_choice":"Fought Mushrooms","floor":13,"damage_taken":0},{"event_name":"The Joust","player_choice":"Bet on Murderer","floor":21,"damage_taken":0},{"event_name":"Cursed Tome","player_choice":"Obtained Book","floor":24,"damage_taken":0},{"event_name":"Tomb of Lord Red Mask","player_choice":"Ignored","floor":37,"damage_taken":0}],"boss_relics":[{"not_picked":["Runic Dome","White Beast Statue"],"picked":"Velvet Choker"},{"not_picked":["Snecko Eye","Astrolabe"],"picked":"Calling Bell"}],"potions_floor_spawned":[2,7,8,13,18,20,25,30,35,48],"seed_played":"8167839930029530236","ascension_level":0,"is_trial":false}