{"gold_per_floor":[110,124,135,85,105,105,105,115,142,172,186,186,186,205,205,302,302,312,332,346,361,276,276,291,291,291,291,14,14,24,44,44,44],"floor_reached":33,"playtime":1497,"items_purged":["Strike_G"],"score":253,"play_id":"c09fd746-4e9d-42e0-a193-876faa94da09","local_time":"20190731201607","is_ascension_mode":false,"campfire_choices":[{"data":"Neutralize","floor":6,"key":"SMITH"},{"data":"Terror","floor":12,"key":"SMITH"},{"data":"Poisoned Stab","floor":15,"key":"SMITH"},{"data":"Envenom","floor":23,"key":"SMITH"},{"data":"Adrenaline","floor":25,"key":"SMITH"},{"data":"Poisoned Stab","floor":27,"key":"SMITH"},{"floor":32,"key":"REST"}],"neow_cost":"TEN_PERCENT_HP_LOSS","seed_source_timestamp":0,"circlet_count":0,"master_deck":["Strike_G","Strike_G","Defend_G","Defend_G","Defend_G","Defend_G","Survivor","Neutralize+1","Deflect","Terror+1","Predator+1","Cloak And Dagger","Quick Slash","Flying Knee","Adrenaline+1","All Out Attack","Poisoned Stab+1","Dash","Die Die Die","Poisoned Stab+1","Riddle With Holes","Envenom+1","Dagger Throw","Distraction+1","Choke+1","Caltrops"],"special_seed":0,"relics":["Ring of the Snake","Anchor","Omamori","Dream Catcher","Sozu","Happy Flower","Snake Skull","Chemical X","Enchiridion"],"potions_floor_usage":[5,10],"damage_taken":[{"damage":0,"enemies":"Jaw Worm","floor":1,"turns":3},{"damage":0,"enemies":"Small Slimes","floor":2,"turns":3},{"damage":0,"enemies":"Cultist","floor":3,"turns":4},{"damage":0,"enemies":"Blue Slaver","floor":5,"turns":2},{"damage":3,"enemies":"Large Slime","floor":8,"turns":6},{"damage":7,"enemies":"Lagavulin","floor":10,"turns":5},{"damage":0,"enemies":"Exordium Thugs","floor":11,"turns":4},{"damage":0,"enemies":"2 Fungi Beasts","floor":14,"turns":2},{"damage":26,"enemies":"Hexaghost","floor":16,"turns":6},{"damage":0,"enemies":"Spheric Guardian","floor":18,"turns":3},{"damage":0,"enemies":"2 Thieves","floor":19,"turns":3},{"damage":2,"enemies":"Shelled Parasite and Fungi","floor":20,"turns":3},{"damage":18,"enemies":"Snake Plant","floor":21,"turns":4},{"damage":10,"enemies":"Sentry and Sphere","floor":24,"turns":4},{"damage":1,"enemies":"Snecko","floor":30,"turns":3},{"damage":3,"enemies":"Snake Plant","floor":31,"turns":2},{"damage":46,"enemies":"Automaton","floor":33,"turns":6}],"seed_played":"9217397714160734913","potions_obtained":[{"floor":1,"key":"SkillPotion"},{"floor":3,"key":"AttackPotion"},{"floor":5,"key":"Weak Potion"},{"floor":8,"key":"Dexterity Potion"}],"is_trial":false,"path_per_floor":["M","M","M","?","M","R","?","M","T","E","M","R","?","M","R","B",null,"M","M","M","M","?","R","M","R","T","R","$","?","M","M","R","B"],"character_chosen":"THE_SILENT","items_purchased":["Chemical X"],"campfire_rested":1,"item_purchase_floors":[28],"current_hp_per_floor":[63,63,63,63,63,63,63,60,60,53,53,53,53,53,53,27,63,63,63,61,43,43,43,33,33,33,33,33,17,16,13,31,0],"gold":44,"neow_bonus":"TRANSFORM_TWO_CARDS","is_prod":false,"is_daily":false,"chose_seed":false,"campfire_upgraded":6,"win_rate":0,"timestamp":1564625767,"path_taken":["M","M","M","?","M","R","?","M","T","E","?","R","?","M","R","BOSS","M","M","M","M","?","R","M","R","T","R","$","?","?","M","R","BOSS"],"build_version":"2019-07-17","purchased_purges":1,"victory":false,"max_hp_per_floor":[63,63,63,63,63,63,63,63,63,63,63,63,63,63,63,63,63,63,63,63,63,63,63,63,63,63,63,63,63,63,63,63,63],"card_choices":[{"not_picked":["Expertise","Sucker Punch"],"picked":"Predator","floor":1},{"not_picked":["Endless Agony","Slice"],"picked":"Cloak And Dagger","floor":2},{"not_picked":["Poisoned Stab","Concentrate"],"picked":"Quick Slash","floor":3},{"not_picked":["Poisoned Stab","Deadly Poison"],"picked":"Flying Knee","floor":5},{"not_picked":["Well Laid Plans","Quick Slash"],"picked":"Adrenaline","floor":8},{"not_picked":["PiercingWail","Heel Hook"],"picked":"All Out Attack","floor":10},{"not_picked":["Outmaneuver","Expertise"],"picked":"Poisoned Stab","floor":11},{"not_picked":["Backflip","Blade Dance"],"picked":"Dash","floor":14},{"not_picked":["Tools of the Trade","Malaise"],"picked":"Die Die Die","floor":16},{"not_picked":["Blade Dance","Outmaneuver"],"picked":"Poisoned Stab","floor":18},{"not_picked":["Prepared","Flying Knee"],"picked":"Riddle With Holes","floor":19},{"not_picked":["Bane","Leg Sweep"],"picked":"Envenom","floor":20},{"not_picked":["Sucker Punch","Well Laid Plans"],"picked":"Dagger Throw","floor":21},{"not_picked":["Sucker Punch","Outmaneuver"],"picked":"Distraction+1","floor":24},{"not_picked":["Cloak And Dagger","Flying Knee"],"picked":"Choke+1","floor":30},{"not_picked":["Outmaneuver","Eviscerate","Concentrate"],"picked":"SKIP","floor":31},{"not_picked":["Dagger Throw","Dodge and Roll"],"picked":"Caltrops","floor":32}],"player_experience":1607533,"relics_obtained":[{"floor":9,"key":"Omamori"},{"floor":10,"key":"Dream Catcher"},{"floor":26,"key":"Snake Skull"},{"floor":29,"key":"Enchiridion"}],"event_choices":[{"cards_removed":["Defend_G"],"damage_healed":0,"gold_gain":0,"player_choice":"Card Removal","damage_taken":0,"max_hp_gain":0,"max_hp_loss":0,"event_name":"The Cleric","floor":4,"gold_loss":50},{"damage_healed":0,"gold_gain":0,"player_choice":"Gave Potion","damage_taken":0,"relics_obtained":["Anchor"],"max_hp_gain":0,"max_hp_loss":0,"event_name":"WeMeetAgain","floor":7,"gold_loss":0},{"damage_healed":0,"gold_gain":0,"player_choice":"Grow","damage_taken":0,"max_hp_gain":0,"max_hp_loss":0,"event_name":"Living Wall","floor":13,"gold_loss":0,"cards_upgraded":["Predator"]},{"damage_healed":0,"gold_gain":0,"player_choice":"Obtained Relic","damage_taken":0,"relics_obtained":["Happy Flower"],"max_hp_gain":0,"max_hp_loss":0,"event_name":"Addict","floor":22,"gold_loss":85},{"damage_healed":0,"gold_gain":0,"player_choice":"Obtained Book","damage_taken":16,"max_hp_gain":0,"max_hp_loss":0,"event_name":"Cursed Tome","floor":29,"gold_loss":0}],"is_beta":false,"boss_relics":[{"not_picked":["HoveringKite","Coffee Dripper"],"picked":"Sozu"}],"items_purged_floors":[28],"is_endless":false,"potions_floor_spawned":[1,3,5,8,21,24],"killed_by":"Automaton","ascension_level":0}