{"gold_per_floor":[109,122,20,34,50,50,84,84,84,104,104,122,122,122,122,227,227,246,246,265,265,278,278,289,289,289,289,289,314,314,19,19,118,118,131,131],"floor_reached":36,"playtime":2757,"items_purged":["Defend_G"],"score":382,"play_id":"3b5287b1-8c38-4a3f-8bd8-060089b2e006","local_time":"20190816144321","is_ascension_mode":false,"campfire_choices":[{"data":"Survivor","floor":6.0,"key":"SMITH"},{"floor":8.0,"key":"REST"},{"floor":13.0,"key":"REST"},{"data":"Noxious Fumes","floor":15.0,"key":"SMITH"},{"floor":23,"key":"REST"},{"data":"Catalyst","floor":25,"key":"SMITH"},{"data":"Deadly Poison","floor":27,"key":"SMITH"},{"floor":32,"key":"REST"}],"neow_cost":"NONE","seed_source_timestamp":0,"circlet_count":0,"master_deck":["Strike_G","Defend_G","Survivor+1","Neutralize","Infinite Blades","Quick Slash","Poisoned Stab","Deadly Poison+1","Noxious Fumes+1","All Out Attack","Sucker Punch","Wraith Form v2","PiercingWail","Quick Slash","Burst","Die Die Die+1","Glass Knife+1","Riddle With Holes+1","Footwork","Backflip","Catalyst+1","Adrenaline","Necronomicurse","Venomology"],"special_seed":0,"relics":["Ring of the Snake","Orichalcum","Oddly Smooth Stone","Astrolabe","Dodecahedron","Paper Crane","Pantograph","Necronomicon","Centennial Puzzle","Eternal Feather"],"potions_floor_usage":[20,22,29,29,33,36],"damage_taken":[{"damage":9.0,"enemies":"2 Louse","floor":1.0,"turns":4.0},{"damage":0.0,"enemies":"Jaw Worm","floor":2.0,"turns":5.0},{"damage":4.0,"enemies":"Small Slimes","floor":4.0,"turns":3.0},{"damage":0.0,"enemies":"Red Slaver","floor":5.0,"turns":3.0},{"damage":20.0,"enemies":"3 Sentries","floor":7.0,"turns":7.0},{"damage":0.0,"enemies":"3 Louse","floor":10.0,"turns":4.0},{"damage":1.0,"enemies":"Blue Slaver","floor":12.0,"turns":3.0},{"damage":18.0,"enemies":"Hexaghost","floor":16.0,"turns":7.0},{"damage":0,"enemies":"2 Thieves","floor":18,"turns":3},{"damage":6,"enemies":"Shell Parasite","floor":20,"turns":4},{"damage":14,"enemies":"Centurion and Healer","floor":22,"turns":7},{"damage":4,"enemies":"Cultist and Chosen","floor":24,"turns":4},{"damage":31,"enemies":"Book of Stabbing","floor":29,"turns":8},{"damage":43,"enemies":"Automaton","floor":33,"turns":9},{"damage":14,"enemies":"3 Darklings","floor":35,"turns":5},{"damage":65,"enemies":"2 Orb Walkers","floor":36,"turns":6}],"seed_played":"-8165319781314139067","potions_obtained":[{"floor":1.0,"key":"Fire Potion"},{"floor":2.0,"key":"Energy Potion"},{"floor":4.0,"key":"PowerPotion"},{"floor":10.0,"key":"Poison Potion"},{"floor":16.0,"key":"Poison Potion"},{"floor":18,"key":"Poison Potion"},{"floor":24,"key":"Block Potion"}],"is_trial":false,"path_per_floor":["M","M","$","M","M","R","E","R","T","M","?","M","R","?","R","B",null,"M","?","M","?","M","R","M","R","T","R","T","E","?","$","R","B",null,"M","?"],"character_chosen":"THE_SILENT","items_purchased":["Deadly Poison","Noxious Fumes","Centennial Puzzle","EssenceOfSteel"],"campfire_rested":4,"item_purchase_floors":[3,3,31,31],"current_hp_per_floor":[61,61,61,57,57,57,37,58,58,58,51,50,70,70,70,52,70,70,70,64,64,50,70,66,66,66,66,66,35,19,19,40,22,70,56,0],"gold":131,"neow_bonus":"TRANSFORM_CARD","is_prod":false,"is_daily":false,"chose_seed":false,"campfire_upgraded":4,"win_rate":0.0,"timestamp":1565959401,"path_taken":["M","M","$","M","M","R","E","R","T","M","?","M","R","?","R","BOSS","M","?","?","?","M","R","M","R","T","R","?","E","?","?","R","BOSS","M","?"],"build_version":"2019-07-17","purchased_purges":1,"victory":false,"max_hp_per_floor":[70,70,70,70,70,70,70,70,70,70,70,70,70,70,70,70,70,70,70,70,70,70,70,70,70,70,70,70,70,70,70,70,70,70,70,70],"card_choices":[{"not_picked":["Eviscerate","Dagger Throw"],"picked":"Quick Slash","floor":1.0},{"not_picked":["Well Laid Plans","Dagger Throw"],"picked":"Poisoned Stab","floor":2.0},{"not_picked":["Dodge and Roll","Calculated Gamble"],"picked":"All Out Attack","floor":4.0},{"not_picked":["Flechettes","Deflect"],"picked":"Sucker Punch","floor":5.0},{"not_picked":["Heel Hook","Backstab"],"picked":"Wraith Form v2","floor":7.0},{"not_picked":["Dodge and Roll","Deflect"],"picked":"PiercingWail","floor":10.0},{"not_picked":["Escape Plan","Slice"],"picked":"Quick Slash","floor":12.0},{"not_picked":["Glass Knife","After Image"],"picked":"Burst","floor":16.0},{"not_picked":["Choke","Heel Hook"],"picked":"Footwork","floor":18},{"not_picked":["Quick Slash","Prepared","Masterful Stab"],"picked":"SKIP","floor":20},{"not_picked":["PiercingWail","Sucker Punch"],"picked":"Backflip","floor":22},{"not_picked":["Quick Slash+1","Flechettes"],"picked":"Catalyst","floor":24},{"not_picked":["Heel Hook","Endless Agony+1"],"picked":"Adrenaline","floor":29},{"not_picked":["Tools of the Trade","Phantasmal Killer"],"picked":"Venomology","floor":33},{"not_picked":["Quick Slash","Blur","Escape Plan"],"picked":"SKIP","floor":35}],"player_experience":39603,"relics_obtained":[{"floor":7.0,"key":"Orichalcum"},{"floor":9.0,"key":"Oddly Smooth Stone"},{"floor":26,"key":"Dodecahedron"},{"floor":28,"key":"Paper Crane"},{"floor":29,"key":"Pantograph"},{"floor":30,"key":"Necronomicon"}],"event_choices":[{"cards_removed":["Defend_G"],"damage_healed":0.0,"max_hp_gain":0.0,"max_hp_loss":0.0,"gold_gain":0.0,"event_name":"Golden Wing","player_choice":"Card Removal","floor":11.0,"gold_loss":0.0,"damage_taken":7.0},{"cards_removed":["Defend_G"],"damage_healed":0.0,"max_hp_gain":0.0,"max_hp_loss":0.0,"gold_gain":0.0,"event_name":"Living Wall","player_choice":"Forget","floor":14.0,"gold_loss":0.0,"damage_taken":0.0},{"cards_removed":["Strike_G"],"damage_healed":0,"gold_gain":0,"player_choice":"Offered Basic","damage_taken":0,"max_hp_gain":0,"max_hp_loss":0,"event_name":"Bonfire Elementals","floor":19,"gold_loss":0},{"damage_healed":0,"gold_gain":0,"player_choice":"Ignored","damage_taken":0,"max_hp_gain":0,"max_hp_loss":0,"event_name":"Ghosts","floor":21,"gold_loss":0},{"damage_healed":0,"gold_gain":0,"player_choice":"Obtained Book","damage_taken":16,"max_hp_gain":0,"max_hp_loss":0,"event_name":"Cursed Tome","floor":30,"gold_loss":0},{"damage_healed":0,"gold_gain":0,"player_choice":"Fight","damage_taken":0,"max_hp_gain":0,"max_hp_loss":0,"event_name":"Mysterious Sphere","floor":36,"gold_loss":0}],"is_beta":false,"boss_relics":[{"not_picked":["Lizard Tail","HoveringKite"],"picked":"Astrolabe"},{"not_picked":["Runic Pyramid","Snecko Eye"],"picked":"Eternal Feather"}],"items_purged_floors":[31],"is_endless":false,"potions_floor_spawned":[1,2,4,10,16,18,24],"killed_by":"2 Orb Walkers","ascension_level":0}