{"path_per_floor":["M","?","M","M","?","E","M","$","T","R","M","R","?","M","R","B",null,"M","?","M","M","$","R","E","R","T","M","R","M","R","M","R","B",null,"M","M","M","$","M","R","M","M","T","?","R","$","M","$","R","B"],"character_chosen":"THE_SILENT","items_purchased":["Ice Cream","Tiny Chest","Thread and Needle"],"gold_per_floor":[114,114,129,144,144,174,189,114,164,164,179,179,354,369,369,469,469,484,484,499,514,94,94,124,124,124,139,139,154,154,169,169,269,269,284,299,314,14,29,29,44,59,59,0,0,0,15,15,15,15],"floor_reached":51,"campfire_rested":0,"playtime":8606,"current_hp_per_floor":[68,65,65,65,64,55,54,54,60,60,57,57,63,63,63,52,70,69,68,67,66,65,64,63,62,61,60,59,58,57,56,55,54,53,52,51,50,49,48,47,46,45,50,49,48,47,46,45,44,49],"items_purged":["Phantasmal Killer"],"gold":15,"score":823,"play_id":"80c1dbe2-4dfc-438d-a2ec-a2d6dc224f6d","local_time":"20180415190922","daily_mods":["Shiny","Cursed Run","Terminal"],"is_prod":false,"is_daily":true,"chose_seed":false,"is_ascension_mode":false,"campfire_upgraded":11,"timestamp":1523786962,"path_taken":["M","?","?","M","?","E","M","$","T","R","M","R","?","?","R","BOSS","M","?","M","?","$","R","E","R","T","M","R","M","R","M","R","BOSS","M","M","M","$","M","R","M","M","T","?","R","?","M","$","R","BOSS"],"build_version":"2018-04-12","seed_source_timestamp":0,"purchased_purges":1,"victory":true,"master_deck":["Adrenaline","Envenom+1","Burst","Wraith Form v2+1","Venomology+1","Corpse Explosion","Tools of the Trade","Night Terror+1","Unload","After Image","Tactician+1","Bullet Time+1","Storm of Steel+1","Glass Knife+1","Die Die Die","A Thousand Cuts+1","Backflip","Acrobatics","Backstab","Leg Sweep","PiercingWail","Distraction","Doubt","Poisoned Stab","Doubt","Acrobatics","Clumsy","Tools of the Trade","Sucker Punch+1","Concentrate+1","Dash+1","Skewer+1","Dash+1","Backflip","Finisher","Burst","Concentrate+1","Choke+1","Skewer+1","Backflip+1","Footwork","Clumsy","Decay"],"max_hp_per_floor":[68,67,66,65,64,63,62,61,66,65,64,63,68,67,66,71,70,69,68,67,66,65,64,63,62,61,60,59,58,57,56,55,54,53,52,51,50,49,48,47,46,45,50,49,48,47,46,45,44,49],"relics":["Cursed Key","Darkstone Periapt","Du-Vu Doll","Bronze Scales","Bag of Preparation","Pen Nib","Black Star","Ice Cream","Tiny Chest","Omamori","Happy Flower","Toolbox","Runic Pyramid","Thread and Needle","Mercury Hourglass","Red Mask"],"card_choices":[{"not_picked":["Sucker Punch","Underhanded Strike"],"picked":"Backflip","floor":1},{"not_picked":["Riddle With Holes","Tactician"],"picked":"Acrobatics","floor":3},{"not_picked":["Slice","Deadly Poison"],"picked":"Backstab","floor":4},{"not_picked":["Underhanded Strike","Quick Slash"],"picked":"PiercingWail","floor":6},{"not_picked":["Heel Hook","Bane"],"picked":"Distraction","floor":7},{"not_picked":["Flying Knee","Catalyst"],"picked":"Poisoned Stab","floor":11},{"not_picked":["Deadly Poison","Sucker Punch"],"picked":"Acrobatics","floor":14},{"not_picked":["Phantasmal Killer","Corpse Explosion"],"picked":"Tools of the Trade","floor":16},{"not_picked":["Prepared","Dagger Throw"],"picked":"Sucker Punch","floor":18},{"not_picked":["Sucker Punch","Backflip"],"picked":"Concentrate","floor":20},{"not_picked":["Dagger Spray","Dodge and Roll"],"picked":"Dash","floor":21},{"not_picked":["Blade Dance","Poisoned Stab"],"picked":"Skewer","floor":24},{"not_picked":["Backflip","Predator"],"picked":"Dash","floor":27},{"not_picked":["Prepared","Flying Knee"],"picked":"Backflip","floor":29},{"not_picked":["Slice","Skewer"],"picked":"Finisher","floor":31},{"not_picked":["Storm of Steel","Grand Finale"],"picked":"Burst","floor":33},{"not_picked":["Sucker Punch","Dodge and Roll"],"picked":"Concentrate","floor":35},{"not_picked":["Dagger Spray","Flying Knee"],"picked":"Choke","floor":37},{"not_picked":["Slice","Underhanded Strike"],"picked":"Skewer","floor":39},{"not_picked":["Underhanded Strike","Poisoned Stab"],"picked":"Backflip","floor":41},{"not_picked":["Distraction","Deadly Poison"],"picked":"Footwork","floor":42}],"player_experience":413838,"potions_floor_usage":[4,6,6,11,16,18,20,20,20,21,24,27,27,31,33,33,39,50,50,50,50],"damage_taken":[{"damage":0,"enemies":"Jaw Worm","floor":1,"turns":3},{"damage":0,"enemies":"Small Slimes","floor":3,"turns":3},{"damage":0,"enemies":"Cultist","floor":4,"turns":3},{"damage":9,"enemies":"Gremlin Nob","floor":6,"turns":5},{"damage":1,"enemies":"Blue Slaver","floor":7,"turns":2},{"damage":3,"enemies":"Lots of Slimes","floor":11,"turns":3},{"damage":0,"enemies":"Large Slime","floor":14,"turns":4},{"damage":17,"enemies":"The Guardian","floor":16,"turns":7},{"damage":0,"enemies":"3 Byrds","floor":18,"turns":4},{"damage":0,"enemies":"Spheric Guardian","floor":20,"turns":4},{"damage":0,"enemies":"3 Cultists","floor":21,"turns":4},{"damage":0,"enemies":"Gremlin Leader","floor":24,"turns":7},{"damage":0,"enemies":"Snecko","floor":27,"turns":3},{"damage":0,"enemies":"Chosen and Byrds","floor":29,"turns":7},{"damage":0,"enemies":"Snake Plant","floor":31,"turns":2},{"damage":0,"enemies":"Champ","floor":33,"turns":9},{"damage":0,"enemies":"Orb Walker","floor":35,"turns":2},{"damage":0,"enemies":"3 Shapes","floor":36,"turns":2},{"damage":0,"enemies":"3 Darklings","floor":37,"turns":2},{"damage":0,"enemies":"Maw","floor":39,"turns":6},{"damage":0,"enemies":"Sphere and 2 Shapes","floor":41,"turns":3},{"damage":0,"enemies":"3 Darklings","floor":42,"turns":3},{"damage":0,"enemies":"4 Shapes","floor":47,"turns":4},{"damage":15,"enemies":"Awakened One","floor":50,"turns":15}],"event_choices":[{"event_name":"Scrap Ooze","player_choice":"success","floor":2,"damage_taken":3},{"event_name":"Living Wall","player_choice":"Change","floor":5,"damage_taken":0},{"event_name":"Liars Game","player_choice":"agreed","floor":13,"damage_taken":0},{"event_name":"Back to Basics","player_choice":"Elegance","floor":19,"damage_taken":0},{"event_name":"Tomb of Lord Red Mask","player_choice":"Paid","floor":44,"damage_taken":0}],"boss_relics":[{"not_picked":["Orrery","Eternal Feather"],"picked":"Black Star"},{"not_picked":["Velvet Choker","Sozu"],"picked":"Runic Pyramid"}],"potions_floor_spawned":[1,4,6,14,20,31,36,37,42],"seed_played":"-1933974520208401120","ascension_level":0,"is_trial":false}