{"gold_per_floor":[118,138,152,165,177,204,220,249,299,299,319,319,345,345,345,440,440,459,659,659,674,694,694],"floor_reached":23,"playtime":1598,"items_purged":[],"score":247,"play_id":"dc501dab-4f46-4e75-b82c-6368e27d672f","local_time":"20181024201112","is_ascension_mode":true,"campfire_choices":[{"floor":10.0,"key":"REST"},{"floor":12.0,"key":"REST"},{"data":"Flame Barrier","floor":15.0,"key":"SMITH"}],"neow_cost":"NONE","seed_source_timestamp":0,"circlet_count":0,"master_deck":["Strike_R","Strike_R","Strike_R","Strike_R","Defend_R","Defend_R","Defend_R","Defend_R","Bash","Warcry","Body Slam","Bludgeon","Clothesline","Shrug It Off","Flame Barrier+1","Shrug It Off","Metallicize","Iron Wave","Rampage","Demon Form","Thunderclap+1","Flex"],"special_seed":0,"relics":["Burning Blood","Bag of Preparation","Ornamental Fan","Blood Vial","PreservedInsect","Oddly Smooth Stone","Sozu","Nilry\u0027s Codex"],"potions_floor_usage":[23],"damage_taken":[{"damage":3.0,"enemies":"2 Louse","floor":1.0,"turns":2.0},{"damage":7.0,"enemies":"Jaw Worm","floor":2.0,"turns":3.0},{"damage":1.0,"enemies":"Cultist","floor":3.0,"turns":3.0},{"damage":2.0,"enemies":"Exordium Wildlife","floor":4.0,"turns":3.0},{"damage":40.0,"enemies":"Exordium Thugs","floor":5.0,"turns":6.0},{"damage":19.0,"enemies":"3 Sentries","floor":6.0,"turns":9.0},{"damage":9.0,"enemies":"Blue Slaver","floor":7.0,"turns":3.0},{"damage":24.0,"enemies":"Gremlin Nob","floor":8.0,"turns":4.0},{"damage":0.0,"enemies":"2 Fungi Beasts","floor":11.0,"turns":4.0},{"damage":16.0,"enemies":"Lagavulin","floor":13.0,"turns":5.0},{"damage":45.0,"enemies":"The Guardian","floor":16.0,"turns":14.0},{"damage":8,"enemies":"3 Byrds","floor":18,"turns":5},{"damage":22,"enemies":"2 Thieves","floor":21,"turns":4},{"damage":12,"enemies":"Snake Plant","floor":22,"turns":4},{"damage":46,"enemies":"Slavers","floor":23,"turns":4}],"seed_played":"-7813894837403050853","potions_obtained":[{"floor":2.0,"key":"Poison Potion"},{"floor":5.0,"key":"SteroidPotion"},{"floor":6.0,"key":"Swift Potion"},{"floor":7.0,"key":"GamblersBrew"},{"floor":11.0,"key":"Regen Potion"}],"is_trial":false,"path_per_floor":["M","M","M","M","M","E","M","E","T","R","M","R","E","?","R","B",null,"M","?","?","M","M"],"character_chosen":"IRONCLAD","items_purchased":[],"campfire_rested":2,"item_purchase_floors":[],"current_hp_per_floor":[80,79,80,80,46,33,30,12,12,36,44,68,74,67,67,30,80,78,78,62,48,44,0],"gold":694,"neow_bonus":"RANDOM_COMMON_RELIC","is_prod":false,"is_daily":false,"chose_seed":false,"campfire_upgraded":1,"win_rate":0,"timestamp":1540437072,"path_taken":["M","M","M","M","M","E","M","E","T","R","M","R","E","?","R","BOSS","M","?","?","M","M","E"],"build_version":"2018-10-18","purchased_purges":0,"victory":false,"max_hp_per_floor":[80,80,80,80,80,80,80,80,80,80,80,80,80,80,80,80,80,80,80,80,80,80,80],"card_choices":[{"not_picked":["Wild Strike","Havoc"],"picked":"Warcry","floor":1.0},{"not_picked":["Bloodletting","Intimidate"],"picked":"Body Slam","floor":2.0},{"not_picked":["Iron Wave","Clash"],"picked":"Bludgeon","floor":3.0},{"not_picked":["Burning Pact","Twin Strike"],"picked":"Clothesline","floor":4.0},{"not_picked":["Flex","Dropkick"],"picked":"Shrug It Off","floor":5.0},{"not_picked":["Rampage","Havoc"],"picked":"Flame Barrier","floor":6.0},{"not_picked":["Heavy Blade","Clothesline"],"picked":"Shrug It Off","floor":7.0},{"not_picked":["Power Through","Iron Wave"],"picked":"Metallicize","floor":8.0},{"not_picked":["Burning Pact","Feel No Pain"],"picked":"Iron Wave","floor":11.0},{"not_picked":["Whirlwind","Cleave"],"picked":"Rampage","floor":13.0},{"not_picked":["Immolate","Brutality"],"picked":"Demon Form","floor":16.0},{"not_picked":["Warcry","Twin Strike"],"picked":"Thunderclap+1","floor":18},{"not_picked":["Hemokinesis+1","True Grit","Combust"],"picked":"SKIP","floor":21},{"not_picked":["Pommel Strike","Pummel"],"picked":"Flex","floor":22}],"player_experience":171253,"relics_obtained":[{"floor":6.0,"key":"Ornamental Fan"},{"floor":8.0,"key":"Blood Vial"},{"floor":9.0,"key":"PreservedInsect"},{"floor":13.0,"key":"Oddly Smooth Stone"},{"floor":20,"key":"Nilry\u0027s Codex"}],"event_choices":[{"cards_removed":["Strike_R"],"damage_healed":0.0,"max_hp_gain":0.0,"max_hp_loss":0.0,"gold_gain":0.0,"event_name":"Golden Wing","player_choice":"Card Removal","floor":14.0,"gold_loss":0.0,"damage_taken":7.0},{"damage_healed":0,"gold_gain":250,"player_choice":"Bet on Owner","damage_taken":0,"max_hp_gain":0,"max_hp_loss":0,"event_name":"The Joust","floor":19,"gold_loss":50},{"damage_healed":0,"gold_gain":0,"player_choice":"Obtained Book","damage_taken":16,"max_hp_gain":0,"max_hp_loss":0,"event_name":"Cursed Tome","floor":20,"gold_loss":0}],"is_beta":false,"boss_relics":[{"not_picked":["Ectoplasm","Busted Crown"],"picked":"Sozu"}],"items_purged_floors":[],"is_endless":false,"potions_floor_spawned":[2,5,6,7,11,18,21],"killed_by":"Slavers","ascension_level":3}