{"gold_per_floor":[15,30,47,61,61,61,87,87,158,174,7,7,7,0,0,74,74,74,74,74,74,74,74,74,74,74,74,74,74,74,74,74,74],"floor_reached":33,"playtime":1166,"items_purged":[],"score":522,"play_id":"882248b0-f0e9-4565-a7a4-2afd1c096cbe","local_time":"20190824020156","is_ascension_mode":true,"campfire_choices":[{"data":"Defragment","floor":6,"key":"SMITH"},{"floor":8,"key":"REST"},{"floor":12,"key":"DIG"},{"data":"Zap","floor":15,"key":"SMITH"},{"floor":23,"key":"DIG"},{"floor":25,"key":"DIG"},{"floor":32,"key":"REST"}],"neow_cost":"NO_GOLD","seed_source_timestamp":242599944834800,"circlet_count":0,"master_deck":["AscendersBane","Defend_B+1","Defend_B+1","Defend_B+1","Zap+1","Dualcast","Defragment+1","Rip and Tear+1","Defragment+1","Reprogram","Ball Lightning","Leap","All For One","Beam Cell","Multi-Cast","Melter","Coolheaded+1","Bite","Bite","Bite","Bite+1","Bite","Defragment","Streamline+1"],"relics":["Cracked Core","Shovel","Darkstone Periapt","Anchor","Boot","Ectoplasm","Potion Belt","Whetstone","Orichalcum","Centennial Puzzle"],"potions_floor_usage":[4,13,18,27],"damage_taken":[{"damage":0,"enemies":"Cultist","floor":1,"turns":3},{"damage":0,"enemies":"2 Louse","floor":2,"turns":2},{"damage":7,"enemies":"Jaw Worm","floor":3,"turns":2},{"damage":1,"enemies":"Blue Slaver","floor":4,"turns":3},{"damage":31,"enemies":"Lagavulin","floor":7,"turns":5},{"damage":3,"enemies":"Looter","floor":10,"turns":3},{"damage":0,"enemies":"3 Sentries","floor":13,"turns":1},{"damage":32,"enemies":"Hexaghost","floor":16,"turns":7},{"damage":14,"enemies":"Shell Parasite","floor":18,"turns":4},{"damage":16,"enemies":"Chosen","floor":19,"turns":4},{"damage":39,"enemies":"Snecko","floor":27,"turns":5},{"damage":15,"enemies":"Cultist and Chosen","floor":28,"turns":4},{"damage":1,"enemies":"Chosen and Byrds","floor":30,"turns":5},{"damage":43,"enemies":"Collector","floor":33,"turns":3}],"seed_played":"-3056059647175033805","potions_obtained":[{"floor":1,"key":"Block Potion"},{"floor":3,"key":"SneckoOil"},{"floor":7,"key":"SmokeBomb"},{"floor":16,"key":"PowerPotion"},{"floor":30,"key":"FearPotion"}],"is_trial":false,"path_per_floor":["M","M","M","M","?","R","E","R","T","M","$","R","E","?","R","B",null,"M","M","?","?","T","R","?","R","T","M","M","$","M","?","R","B"],"character_chosen":"DEFECT","items_purchased":["Anchor"],"campfire_rested":2,"item_purchase_floors":[11],"current_hp_per_floor":[64,64,57,56,56,56,25,46,46,43,43,43,43,43,43,11,56,42,26,26,26,26,26,49,49,49,20,16,16,24,24,38,0],"gold":74,"neow_bonus":"TRANSFORM_TWO_CARDS","is_prod":false,"is_daily":false,"chose_seed":false,"campfire_upgraded":2,"win_rate":0,"timestamp":1566579716,"path_taken":["M","M","M","M","?","R","E","R","T","M","$","R","E","?","R","BOSS","M","M","?","?","?","R","?","R","T","?","M","?","M","?","R","BOSS"],"build_version":"2019-07-17","purchased_purges":0,"victory":false,"max_hp_per_floor":[71,71,71,71,71,71,71,71,71,71,71,71,71,71,71,71,71,71,71,71,49,49,49,49,49,49,49,49,49,49,49,49,49],"card_choices":[{"not_picked":["Rip and Tear","Darkness"],"picked":"Defragment","floor":1},{"not_picked":["Cold Snap","Aggregate"],"picked":"Reprogram","floor":2},{"not_picked":["Auto Shields","Leap"],"picked":"Ball Lightning","floor":3},{"not_picked":["Chaos","Loop"],"picked":"Leap","floor":4},{"not_picked":["Leap","Gash"],"picked":"All For One","floor":7},{"not_picked":["Compile Driver","Stack"],"picked":"Beam Cell","floor":10},{"not_picked":["Thunder Strike","Rainbow"],"picked":"Multi-Cast","floor":16},{"not_picked":["Barrage+1","Lockon"],"picked":"Melter","floor":18},{"not_picked":["Go for the Eyes","Steam"],"picked":"Coolheaded+1","floor":19},{"not_picked":["Redo","Barrage"],"picked":"Defragment","floor":27},{"not_picked":["Streamline","Stack","Sweeping Beam"],"picked":"SKIP","floor":28},{"not_picked":["Rip and Tear","Beam Cell"],"picked":"Streamline+1","floor":30}],"player_experience":779539,"relics_obtained":[{"floor":7,"key":"Shovel"},{"floor":9,"key":"Darkstone Periapt"},{"floor":12,"key":"Boot"},{"floor":22,"key":"Potion Belt"},{"floor":23,"key":"Whetstone"},{"floor":25,"key":"Orichalcum"},{"floor":26,"key":"Centennial Puzzle"}],"event_choices":[{"damage_healed":0,"gold_gain":0,"player_choice":"Grow","damage_taken":0,"max_hp_gain":0,"max_hp_loss":0,"event_name":"Living Wall","floor":5,"gold_loss":0,"cards_upgraded":["Defragment"]},{"damage_healed":0,"gold_gain":0,"player_choice":"Left Gold","damage_taken":0,"max_hp_gain":0,"max_hp_loss":0,"event_name":"World of Goop","floor":14,"gold_loss":7},{"damage_healed":0,"gold_gain":0,"player_choice":"Simplicity","damage_taken":0,"max_hp_gain":0,"max_hp_loss":0,"event_name":"Back to Basics","floor":20,"gold_loss":0,"cards_upgraded":["Strike_B","Strike_B","Strike_B","Defend_B","Defend_B","Defend_B"]},{"damage_healed":0,"gold_gain":0,"player_choice":"Became a vampire","damage_taken":0,"max_hp_gain":0,"max_hp_loss":22,"event_name":"Vampires","floor":21,"gold_loss":0,"cards_obtained":["Bite","Bite","Bite","Bite","Bite"]},{"damage_healed":23,"gold_gain":0,"player_choice":"Full Heal","damage_taken":0,"max_hp_gain":0,"max_hp_loss":0,"event_name":"Wheel of Change","floor":24,"gold_loss":0},{"damage_healed":0,"gold_gain":0,"player_choice":"Ignored","damage_taken":0,"max_hp_gain":0,"max_hp_loss":0,"event_name":"Cursed Tome","floor":31,"gold_loss":0}],"is_beta":false,"boss_relics":[{"not_picked":["FrozenCore","Inserter"],"picked":"Ectoplasm"}],"items_purged_floors":[],"is_endless":false,"potions_floor_spawned":[1,3,7,16,30],"killed_by":"Collector","ascension_level":19}