{"gold_per_floor":[114,114,129,144,159,159,174,204,229,229,229,229,229,229,229,329,329,344,344,47,62,62,92,92,122,172,172,172,187,187,187,187,287,287,302,402,402,38,53,83,83,83,83,83,49,49,79,109,109,109],"floor_reached":51,"playtime":4340,"items_purged":["Writhe"],"score":965,"play_id":"ab833562-5282-401d-b3c2-31665eaf6b1f","local_time":"20181102200237","daily_mods":["SealedDeck","Flight","Lethality"],"is_ascension_mode":false,"campfire_choices":[{"data":"Backflip","floor":6,"key":"SMITH"},{"data":"Crippling Poison","floor":10,"key":"SMITH"},{"floor":12,"key":"REST"},{"data":"Calculated Gamble","floor":13,"key":"SMITH"},{"data":"Adrenaline","floor":15,"key":"SMITH"},{"data":"Venomology","floor":24,"key":"SMITH"},{"data":"Backflip","floor":27,"key":"SMITH"},{"data":"Enlightenment","floor":28,"key":"SMITH"},{"data":"Prepared","floor":30,"key":"SMITH"},{"data":"Leg Sweep","floor":32,"key":"SMITH"},{"data":"Mayhem","floor":42,"key":"SMITH"},{"data":"Night Terror","floor":44,"key":"SMITH"},{"data":"Madness","floor":46,"key":"SMITH"},{"data":"Madness","floor":49,"key":"SMITH"}],"neow_cost":"","seed_source_timestamp":0,"circlet_count":0,"master_deck":["Blur","Poisoned Stab","PiercingWail+1","Dagger Spray","Calculated Gamble+1","Backflip+1","Deflect","Bouncing Flask","Backstab","Well Laid Plans+1","Prepared+1","Backflip+1","Crippling Poison+1","Adrenaline+1","Venomology+1","Leg Sweep+1","Enlightenment+1","PiercingWail","Deflect+1","Crippling Poison+1","Backstab","Caltrops","Unload","Noxious Fumes+1","Bouncing Flask+1","Mayhem+1","Backflip","Acrobatics+1","Night Terror+1","Madness+1","Madness+1","Normality","Blur","Backstab+1","Reflex+1"],"special_seed":17837,"relics":["Ring of the Snake","Singing Bowl","Potion Belt","Cursed Key","Lee\u0027s Waffle","Paper Crane","Sundial","Snake Skull","Dream Catcher","Empty Cage","Tough Bandages","Bottled Tornado","Mercury Hourglass","Pantograph","FossilizedHelix","Anchor"],"potions_floor_usage":[16,21,23,25,29,33,33,35,36,36,39,40,40,47,47,48,48,50,50,50,50,50,50,50],"damage_taken":[{"damage":1,"enemies":"2 Louse","floor":1,"turns":2},{"damage":4,"enemies":"Jaw Worm","floor":3,"turns":3},{"damage":0,"enemies":"Cultist","floor":4,"turns":2},{"damage":0,"enemies":"Lots of Slimes","floor":5,"turns":1},{"damage":0,"enemies":"3 Louse","floor":7,"turns":1},{"damage":7,"enemies":"Lagavulin","floor":8,"turns":5},{"damage":0,"enemies":"Hexaghost","floor":16,"turns":6},{"damage":6,"enemies":"2 Thieves","floor":18,"turns":3},{"damage":4,"enemies":"3 Byrds","floor":21,"turns":3},{"damage":5,"enemies":"Gremlin Leader","floor":23,"turns":5},{"damage":0,"enemies":"Book of Stabbing","floor":25,"turns":5},{"damage":0,"enemies":"Shelled Parasite and Fungi","floor":29,"turns":4},{"damage":0,"enemies":"Champ","floor":33,"turns":11},{"damage":0,"enemies":"Orb Walker","floor":35,"turns":2},{"damage":0,"enemies":"Mind Bloom Boss Battle","floor":36,"turns":5},{"damage":0,"enemies":"3 Shapes","floor":39,"turns":3},{"damage":0,"enemies":"Nemesis","floor":40,"turns":5},{"damage":0,"enemies":"Giant Head","floor":47,"turns":7},{"damage":0,"enemies":"Reptomancer","floor":48,"turns":4},{"damage":3,"enemies":"Time Eater","floor":50,"turns":11}],"seed_played":"-6540096800640784622","potions_obtained":[{"floor":1,"key":"Explosive Potion"},{"floor":3,"key":"LiquidBronze"},{"floor":7,"key":"FearPotion"},{"floor":21,"key":"SpeedPotion"},{"floor":23,"key":"FearPotion"},{"floor":29,"key":"SkillPotion"},{"floor":33,"key":"LiquidBronze"},{"floor":35,"key":"Fire Potion"},{"floor":40,"key":"SpeedPotion"},{"floor":47,"key":"SkillPotion"}],"is_trial":false,"path_per_floor":["M","?","M","M","M","R","M","E","T","R","?","R","R","?","R","B",null,"M","?","$","M","?","E","R","E","T","R","R","M","R","?","R","B",null,"M","?","T","$","M","E","?","R","T","R","$","R","E","E","R","B"],"character_chosen":"THE_SILENT","items_purchased":["GhostInAJar","Lee\u0027s Waffle","PiercingWail","Energy Potion","Mayhem","Backflip","Blur"],"campfire_rested":1,"item_purchase_floors":[20,20,20,38,38,38,45],"current_hp_per_floor":[69,62,58,58,58,58,58,51,51,51,37,58,58,58,58,58,70,64,50,77,73,73,70,70,70,70,70,70,70,70,70,70,70,76,76,76,76,76,76,76,66,66,66,66,66,66,66,66,66,73],"gold":109,"neow_bonus":"","is_prod":false,"is_daily":true,"chose_seed":false,"campfire_upgraded":13,"win_rate":0,"timestamp":1541156557,"path_taken":["M","?","M","M","M","R","M","E","T","R","?","R","R","?","R","BOSS","M","?","$","M","?","E","R","E","T","R","R","M","R","?","R","BOSS","M","?","?","$","?","E","?","R","T","R","?","R","E","E","R","BOSS"],"build_version":"2018-10-25v2","purchased_purges":1,"victory":true,"max_hp_per_floor":[70,70,70,70,70,70,70,70,70,70,70,70,70,70,70,70,70,70,70,77,77,77,79,79,79,79,79,79,79,79,79,79,79,76,76,76,76,76,76,76,76,76,76,76,76,76,76,76,76,76],"card_choices":[{"not_picked":["Outmaneuver","Poisoned Stab"],"picked":"Bouncing Flask","floor":1},{"not_picked":["Quick Slash","Flying Knee"],"picked":"Backstab","floor":3},{"not_picked":["Dagger Throw","Outmaneuver"],"picked":"Well Laid Plans","floor":4},{"not_picked":["Poisoned Stab","Well Laid Plans"],"picked":"Prepared","floor":5},{"not_picked":["Underhanded Strike","Prepared"],"picked":"Backflip","floor":7},{"not_picked":["Accuracy","Blade Dance"],"picked":"Crippling Poison","floor":8},{"not_picked":["Burst","Storm of Steel"],"picked":"Venomology","floor":16},{"not_picked":["Dagger Spray","Dash"],"picked":"Leg Sweep","floor":18},{"not_picked":["Backflip","Poisoned Stab"],"picked":"Deflect+1","floor":21},{"not_picked":["Deadly Poison","Backflip","Cloak And Dagger"],"picked":"Singing Bowl","floor":23},{"not_picked":["Burst","Acrobatics"],"picked":"Crippling Poison+1","floor":25},{"not_picked":["Poisoned Stab+1","Dagger Spray"],"picked":"Backstab","floor":29},{"not_picked":["Burst","Phantasmal Killer"],"picked":"Unload","floor":33},{"not_picked":["Deadly Poison","Calculated Gamble"],"picked":"Noxious Fumes+1","floor":35},{"not_picked":["Dagger Throw","Finisher"],"picked":"Bouncing Flask+1","floor":36},{"not_picked":["PiercingWail","Sucker Punch+1"],"picked":"Acrobatics+1","floor":39},{"not_picked":["Escape Plan+1","Quick Slash+1"],"picked":"Night Terror","floor":40},{"not_picked":["Dagger Spray","PiercingWail"],"picked":"Backstab+1","floor":47},{"not_picked":["Flechettes+1","Expertise"],"picked":"Reflex+1","floor":48}],"player_experience":360142,"relics_obtained":[{"floor":8,"key":"Singing Bowl"},{"floor":9,"key":"Potion Belt"},{"floor":23,"key":"Sundial"},{"floor":25,"key":"Snake Skull"},{"floor":26,"key":"Dream Catcher"},{"floor":36,"key":"Tough Bandages"},{"floor":37,"key":"Bottled Tornado"},{"floor":40,"key":"Mercury Hourglass"},{"floor":43,"key":"Pantograph"},{"floor":47,"key":"FossilizedHelix"},{"floor":48,"key":"Anchor"}],"event_choices":[{"cards_removed":["Deadly Poison"],"damage_healed":0,"gold_gain":0,"player_choice":"Card Removal","damage_taken":7,"max_hp_gain":0,"max_hp_loss":0,"event_name":"Golden Wing","floor":2,"gold_loss":0},{"damage_healed":0,"gold_gain":0,"player_choice":"Entered Light","damage_taken":14,"max_hp_gain":0,"max_hp_loss":0,"event_name":"Shining Light","floor":11,"gold_loss":0,"cards_upgraded":["PiercingWail","Well Laid Plans"]},{"damage_healed":0,"gold_gain":0,"cards_transformed":["Infinite Blades"],"player_choice":"Change","damage_taken":0,"max_hp_gain":0,"max_hp_loss":0,"event_name":"Living Wall","floor":14,"gold_loss":0,"cards_obtained":["Adrenaline"]},{"damage_healed":0,"gold_gain":0,"player_choice":"CARD ","damage_taken":14,"max_hp_gain":0,"max_hp_loss":0,"event_name":"Knowing Skull","floor":19,"potions_obtained":[],"gold_loss":0,"cards_obtained":["Enlightenment"]},{"damage_healed":0,"gold_gain":0,"player_choice":"Stole Relic","damage_taken":0,"relics_obtained":["Paper Crane"],"max_hp_gain":0,"max_hp_loss":0,"event_name":"Addict","floor":22,"gold_loss":0,"cards_obtained":["Shame"]},{"damage_healed":0,"gold_gain":0,"cards_transformed":["Poisoned Stab"],"player_choice":"Transformed","damage_taken":0,"max_hp_gain":0,"max_hp_loss":0,"event_name":"Transmorgrifier","floor":31,"gold_loss":0,"cards_obtained":["Caltrops"]},{"damage_healed":0,"gold_gain":0,"player_choice":"Fight","damage_taken":0,"max_hp_gain":0,"max_hp_loss":0,"event_name":"MindBloom","floor":36,"gold_loss":0},{"damage_healed":0,"gold_gain":0,"player_choice":"Embrace Madness","damage_taken":10,"max_hp_gain":0,"max_hp_loss":0,"event_name":"Winding Halls","floor":41,"gold_loss":0,"cards_obtained":["Madness","Madness"]}],"is_beta":false,"boss_relics":[{"not_picked":["Runic Dome","Black Star"],"picked":"Cursed Key"},{"not_picked":["HoveringKite","Calling Bell"],"picked":"Empty Cage"}],"items_purged_floors":[38],"is_endless":false,"potions_floor_spawned":[1,3,7,8,21,23,29,33,35,40,47],"ascension_level":0}