{"gold_per_floor":[369,319,337,337,512,512,523,543,543,173,189,223,223,249,249,346,346,333,152,179,179,189,189,224,11,11,11,42,95,95,114,114,216,216,231,231,248,248,299,299,15,15,15,15,35,49,60,79,79,79],"floor_reached":50,"playtime":8115,"items_purged":["Doubt","Corruption+1","Strike_R"],"score":538,"play_id":"51d37da4-a2c3-436b-96df-c7075bfa7c9c","local_time":"20190630105414","is_ascension_mode":false,"campfire_choices":[{"floor":6,"key":"RECALL"},{"floor":13,"key":"REST"},{"floor":15,"key":"REST"},{"floor":23,"key":"REST"},{"floor":27,"key":"REST"},{"floor":30,"key":"REST"},{"floor":32,"key":"REST"},{"data":"Inflame","floor":40,"key":"SMITH"},{"data":"Pommel Strike","floor":42,"key":"SMITH"},{"data":"Battle Trance","floor":44,"key":"SMITH"},{"floor":49,"key":"REST"}],"neow_cost":"PERCENT_DAMAGE","seed_source_timestamp":95148230838900,"circlet_count":0,"master_deck":["Defend_R+1","Defend_R+1","Defend_R","Defend_R","Bash","Battle Trance+1","Shockwave","Pommel Strike+1","Reaper","Inflame+1","Thunderclap","True Grit","Thunderclap","Ghostly Armor","Feed","Thunderclap+1","Armaments+1","Fire Breathing+1","Flex","Dropkick","Fiend Fire","Necronomicurse","Cleave","Body Slam","Dark Shackles","Uppercut","Sword Boomerang+1","Impervious","Second Wind+1","Pommel Strike+1","Armaments+1","Panacea","Battle Trance","Warcry","Dropkick+1","True Grit+1"],"relics":["Black Blood","Chemical X","Frozen Egg 2","Pear","Astrolabe","Red Mask","Necronomicon","Ginger","Darkstone Periapt","Calipers","Tiny Chest","WingedGreaves","Potion Belt","DollysMirror","Nunchaku"],"potions_floor_usage":[8,12,24,28,31,50,50,50],"damage_taken":[{"damage":7,"enemies":"2 Louse","floor":1,"turns":5},{"damage":0,"enemies":"Small Slimes","floor":3,"turns":5},{"damage":3,"enemies":"Jaw Worm","floor":7,"turns":6},{"damage":15,"enemies":"Exordium Wildlife","floor":8,"turns":6},{"damage":11,"enemies":"Red Slaver","floor":11,"turns":4},{"damage":25,"enemies":"Gremlin Nob","floor":12,"turns":4},{"damage":12,"enemies":"Lagavulin","floor":14,"turns":7},{"damage":46,"enemies":"Slime Boss","floor":16,"turns":12},{"damage":20,"enemies":"2 Thieves","floor":18,"turns":4},{"damage":26,"enemies":"Masked Bandits","floor":20,"turns":5},{"damage":7,"enemies":"Chosen","floor":22,"turns":5},{"damage":33,"enemies":"Slavers","floor":24,"turns":5},{"damage":84,"enemies":"Book of Stabbing","floor":28,"turns":9},{"damage":28,"enemies":"Snecko","floor":31,"turns":5},{"damage":61,"enemies":"Champ","floor":33,"turns":13},{"damage":0,"enemies":"Orb Walker","floor":35,"turns":2},{"damage":24,"enemies":"3 Darklings","floor":37,"turns":6},{"damage":20,"enemies":"4 Shapes","floor":45,"turns":9},{"damage":16,"enemies":"Spire Growth","floor":46,"turns":5},{"damage":40,"enemies":"3 Darklings","floor":47,"turns":8},{"damage":39,"enemies":"Transient","floor":48,"turns":5},{"damage":93,"enemies":"Donu and Deca","floor":50,"turns":7}],"seed_played":"-6365634531280198635","potions_obtained":[{"floor":1,"key":"Weak Potion"},{"floor":11,"key":"SteroidPotion"},{"floor":16,"key":"EssenceOfSteel"},{"floor":24,"key":"Block Potion"},{"floor":28,"key":"Swift Potion"},{"floor":33,"key":"SteroidPotion"},{"floor":46,"key":"Weak Potion"},{"floor":47,"key":"Block Potion"}],"is_trial":false,"path_per_floor":["M","?","M","?","?","R","M","M","T","$","M","E","R","E","R","B",null,"M","$","?","?","M","R","E","$","T","R","E","T","R","M","R","B",null,"M","?","M","T","T","R","$","R","T","R","M","M","M","M","R","B"],"character_chosen":"IRONCLAD","items_purchased":["Inflame","Thunderclap","Chemical X","Flex","Dropkick","Dark Shackles","DollysMirror","Panacea"],"campfire_rested":7,"item_purchase_floors":[10,10,10,19,19,25,41,41],"current_hp_per_floor":[55,55,61,45,45,45,48,39,39,39,40,21,45,49,76,36,90,76,76,63,47,46,73,71,71,71,90,24,24,51,37,64,9,90,90,90,90,90,90,90,90,90,90,90,93,87,84,69,93,0],"gold":79,"neow_bonus":"TWO_FIFTY_GOLD","is_prod":false,"is_daily":false,"chose_seed":false,"campfire_upgraded":3,"win_rate":0,"timestamp":1561859654,"path_taken":["M","?","M","?","?","R","M","M","T","$","M","E","R","E","R","BOSS","M","$","?","?","M","R","E","$","T","R","E","?","R","M","R","BOSS","M","?","?","?","?","R","$","R","T","R","M","M","?","M","R","BOSS"],"build_version":"2019-01-23","purchased_purges":3,"victory":false,"max_hp_per_floor":[80,80,80,80,80,80,80,80,80,80,80,80,80,90,90,90,90,90,90,90,90,90,90,90,90,90,90,90,90,90,90,90,90,90,90,90,90,90,90,90,90,90,90,90,93,93,93,93,93,93],"card_choices":[{"not_picked":["Sword Boomerang","Flex"],"picked":"Battle Trance","floor":1},{"not_picked":["Metallicize","Heavy Blade"],"picked":"Shockwave","floor":3},{"not_picked":["Headbutt","Iron Wave"],"picked":"Pommel Strike","floor":7},{"not_picked":["Cleave","Pummel"],"picked":"Reaper","floor":8},{"not_picked":["Perfected Strike","Clothesline"],"picked":"True Grit","floor":11},{"not_picked":["Corruption","Clash"],"picked":"Thunderclap","floor":12},{"not_picked":["Perfected Strike","True Grit"],"picked":"Ghostly Armor","floor":14},{"not_picked":["Reaper","Berserk+1"],"picked":"Feed","floor":16},{"not_picked":["Twin Strike+1","Corruption+1"],"picked":"Fire Breathing+1","floor":18},{"not_picked":["Heavy Blade+1","True Grit"],"picked":"Fiend Fire","floor":20},{"not_picked":["Clash","Sword Boomerang"],"picked":"Cleave","floor":22},{"not_picked":["Clash+1","Thunderclap"],"picked":"Body Slam","floor":24},{"not_picked":["Power Through","Heavy Blade"],"picked":"Uppercut","floor":28},{"not_picked":["Clothesline","Body Slam"],"picked":"Sword Boomerang+1","floor":31},{"not_picked":["Bludgeon","Brutality+1"],"picked":"Impervious","floor":33},{"not_picked":["Spot Weakness","Twin Strike"],"picked":"Second Wind+1","floor":35},{"not_picked":["Clothesline","Twin Strike+1"],"picked":"Pommel Strike+1","floor":37},{"not_picked":["Carnage","Armaments"],"picked":"Battle Trance","floor":45},{"not_picked":["Perfected Strike","True Grit"],"picked":"Warcry","floor":46},{"not_picked":["Carnage+1","Clothesline"],"picked":"Dropkick+1","floor":47},{"not_picked":["Cleave+1","Inflame+1"],"picked":"True Grit+1","floor":48}],"player_experience":65916,"relics_obtained":[{"floor":12,"key":"Frozen Egg 2"},{"floor":14,"key":"Pear"},{"floor":20,"key":"Red Mask"},{"floor":21,"key":"Necronomicon"},{"floor":24,"key":"Ginger"},{"floor":26,"key":"Darkstone Periapt"},{"floor":28,"key":"Calipers"},{"floor":29,"key":"Tiny Chest"},{"floor":38,"key":"WingedGreaves"},{"floor":39,"key":"Potion Belt"},{"floor":43,"key":"Nunchaku"}],"event_choices":[{"cards_removed":["Strike_R"],"damage_healed":0,"gold_gain":0,"player_choice":"Card Removal","damage_taken":0,"max_hp_gain":0,"max_hp_loss":0,"event_name":"The Cleric","floor":2,"gold_loss":50},{"damage_healed":0,"gold_gain":0,"player_choice":"Entered Light","damage_taken":16,"max_hp_gain":0,"max_hp_loss":0,"event_name":"Shining Light","floor":4,"gold_loss":0,"cards_upgraded":["Defend_R","Defend_R"]},{"damage_healed":0,"gold_gain":175,"player_choice":"AGREE","damage_taken":0,"max_hp_gain":0,"max_hp_loss":0,"event_name":"Liars Game","floor":5,"gold_loss":0,"cards_obtained":["Doubt"]},{"damage_healed":0,"gold_gain":0,"player_choice":"Fought Bandits","damage_taken":0,"max_hp_gain":0,"max_hp_loss":0,"event_name":"Masked Bandits","floor":20,"gold_loss":0},{"damage_healed":0,"gold_gain":0,"player_choice":"Obtained Book","damage_taken":16,"max_hp_gain":0,"max_hp_loss":0,"event_name":"Cursed Tome","floor":21,"gold_loss":0},{"damage_healed":0,"gold_gain":0,"player_choice":"Ignored","damage_taken":0,"max_hp_gain":0,"max_hp_loss":0,"event_name":"SecretPortal","floor":36,"gold_loss":0}],"is_beta":false,"boss_relics":[{"not_picked":["Runic Pyramid","Ectoplasm"],"picked":"Astrolabe"},{"not_picked":["Philosopher\u0027s Stone","Snecko Eye"],"picked":"Black Blood"}],"items_purged_floors":[10,19,25],"is_endless":false,"potions_floor_spawned":[1,11,16,24,28,33,46,47],"killed_by":"Donu and Deca","ascension_level":0}