{"gold_per_floor":[114,5,17,31,44,44,72,72,72,99,114,114,189,214,214,319,319,333,333,233,252,265,265,70,70,144,177,102,121,131,151,151,248,248,261,276,276,295,313,313,76,76,101,118,118,132,132,7,7,7,7,7,7,39,39],"floor_reached":56,"playtime":5217,"items_purged":["Strike_G","Strike_G","Strike_G"],"score":1484,"play_id":"c534e493-10f8-4d17-af4a-ff89a2a4bf3d","local_time":"20190722195940","is_ascension_mode":true,"campfire_choices":[{"data":"Neutralize","floor":6,"key":"SMITH"},{"data":"Footwork","floor":8,"key":"SMITH"},{"data":"Footwork","floor":12,"key":"SMITH"},{"floor":15,"key":"REST"},{"floor":23,"key":"REST"},{"floor":25,"key":"REST"},{"data":"Bullet Time","floor":32,"key":"SMITH"},{"data":"Adrenaline","floor":40,"key":"SMITH"},{"data":"Acrobatics","floor":42,"key":"SMITH"},{"floor":47,"key":"RECALL"},{"data":"Acrobatics","floor":49,"key":"SMITH"},{"floor":52,"key":"REST"}],"neow_cost":"NONE","seed_source_timestamp":279491606146599,"circlet_count":0,"master_deck":["Strike_G","Defend_G","Defend_G","Defend_G","Defend_G","Defend_G","Survivor","Neutralize+1","Escape Plan","Footwork+1","Predator","Footwork","Noxious Fumes","Acrobatics+1","Footwork+1","Dagger Spray","Venomology","Sucker Punch+1","Caltrops","Apotheosis+1","Acrobatics+1","Noxious Fumes","Backflip","Blur","Bullet Time+1","After Image","Adrenaline+1","Panacea"],"relics":["Philosopher\u0027s Stone","PreservedInsect","Bag of Preparation","Bottled Flame","Anchor","Lantern","Potion Belt","Pen Nib","Boot"],"potions_floor_usage":[14,14,16,18,18,22,27,27,29,29,29,30,31,33,33,33,35,36,36,38,39,39,39,46,50,50,54,55,55,55,55],"damage_taken":[{"damage":0,"enemies":"Small Slimes","floor":1,"turns":3},{"damage":0,"enemies":"Cultist","floor":3,"turns":5},{"damage":0,"enemies":"Jaw Worm","floor":4,"turns":3},{"damage":4,"enemies":"Blue Slaver","floor":5,"turns":5},{"damage":10,"enemies":"3 Sentries","floor":7,"turns":10},{"damage":0,"enemies":"Lagavulin","floor":10,"turns":5},{"damage":0,"enemies":"Red Slaver","floor":11,"turns":5},{"damage":3,"enemies":"Gremlin Nob","floor":14,"turns":3},{"damage":7,"enemies":"Hexaghost","floor":16,"turns":12},{"damage":14,"enemies":"3 Byrds","floor":18,"turns":5},{"damage":6,"enemies":"Spheric Guardian","floor":21,"turns":8},{"damage":20,"enemies":"3 Cultists","floor":22,"turns":8},{"damage":0,"enemies":"Gremlin Leader","floor":27,"turns":8},{"damage":1,"enemies":"Sentry and Sphere","floor":29,"turns":9},{"damage":0,"enemies":"Shelled Parasite and Fungi","floor":30,"turns":6},{"damage":0,"enemies":"Centurion and Healer","floor":31,"turns":7},{"damage":3,"enemies":"Collector","floor":33,"turns":9},{"damage":0,"enemies":"Orb Walker","floor":35,"turns":7},{"damage":0,"enemies":"3 Darklings","floor":36,"turns":7},{"damage":8,"enemies":"Writhing Mass","floor":38,"turns":9},{"damage":0,"enemies":"Transient","floor":39,"turns":5},{"damage":0,"enemies":"Spire Growth","floor":44,"turns":6},{"damage":5,"enemies":"4 Shapes","floor":46,"turns":5},{"damage":25,"enemies":"Donu and Deca","floor":50,"turns":12},{"damage":7,"enemies":"Shield and Spear","floor":54,"turns":7},{"damage":51,"enemies":"The Heart","floor":55,"turns":10}],"seed_played":"8699213418239130512","potions_obtained":[{"floor":1,"key":"GhostInAJar"},{"floor":5,"key":"Regen Potion"},{"floor":14,"key":"AttackPotion"},{"floor":16,"key":"Fire Potion"},{"floor":21,"key":"Dexterity Potion"},{"floor":30,"key":"Explosive Potion"},{"floor":31,"key":"Explosive Potion"},{"floor":33,"key":"SpeedPotion"},{"floor":35,"key":"Swift Potion"},{"floor":38,"key":"Swift Potion"},{"floor":39,"key":"GamblersBrew"},{"floor":54,"key":"LiquidBronze"}],"is_trial":false,"path_per_floor":["M","$","M","M","M","R","E","R","T","E","M","R","?","E","R","B",null,"M","?","$","M","M","R","$","R","T","E","?","M","M","M","R","B",null,"M","M","?","M","M","R","$","R","T","M","$","M","R","$","R","B",null,"R","$","E","B",null],"character_chosen":"THE_SILENT","items_purchased":["Footwork","Apotheosis","Acrobatics","Potion Belt","Panacea"],"campfire_rested":4,"item_purchase_floors":[2,24,24,41,41],"current_hp_per_floor":[63,63,63,63,59,59,49,49,49,49,49,49,42,48,69,62,68,54,41,41,35,15,37,37,59,59,59,59,58,58,58,58,55,70,70,70,70,62,62,62,62,62,62,62,62,57,57,57,57,32,64,75,75,68,17],"gold":39,"neow_bonus":"BOSS_RELIC","is_prod":false,"is_daily":false,"chose_seed":false,"campfire_upgraded":7,"win_rate":0,"timestamp":1563793180,"path_taken":["M","$","M","M","M","R","E","R","T","E","M","R","?","E","R","BOSS","M","?","$","M","M","R","$","R","T","E","?","M","M","M","R","BOSS","M","M","?","M","?","R","$","R","T","M","$","M","R","?","R","BOSS","R","$","E","BOSS"],"build_version":"2019-07-17","purchased_purges":3,"victory":true,"max_hp_per_floor":[70,70,70,70,70,70,70,70,70,70,70,70,70,70,70,70,70,70,75,75,75,75,75,75,75,75,75,75,75,75,75,75,75,75,75,75,75,75,75,75,75,75,75,75,75,75,75,75,75,75,75,75,75,75,75],"card_choices":[{"not_picked":["Finisher","Riddle With Holes"],"picked":"Escape Plan","floor":1},{"not_picked":["Flying Knee","Bane"],"picked":"Predator","floor":3},{"not_picked":["Leg Sweep","Dash"],"picked":"Footwork","floor":4},{"not_picked":["Flechettes","Dash"],"picked":"Noxious Fumes","floor":5},{"not_picked":["PiercingWail","Concentrate","Poisoned Stab"],"picked":"SKIP","floor":7},{"not_picked":["Bane","Outmaneuver"],"picked":"Acrobatics","floor":10},{"not_picked":["Dash","Die Die Die"],"picked":"Footwork","floor":11},{"not_picked":["Escape Plan","Bane"],"picked":"Dagger Spray","floor":14},{"not_picked":["Burst","Malaise"],"picked":"Venomology","floor":16},{"not_picked":["Flying Knee","Cloak And Dagger","Bane"],"picked":"SKIP","floor":18},{"not_picked":["Riddle With Holes","Cloak And Dagger"],"picked":"Sucker Punch+1","floor":21},{"not_picked":["Dagger Spray","Infinite Blades"],"picked":"Caltrops","floor":22},{"not_picked":["Dagger Throw","Quick Slash"],"picked":"Noxious Fumes","floor":27},{"not_picked":["Deadly Poison","Outmaneuver"],"picked":"Backflip","floor":29},{"not_picked":["Underhanded Strike","Dash"],"picked":"Blur","floor":30},{"not_picked":["Cloak And Dagger","Blade Dance"],"picked":"Bullet Time","floor":31},{"not_picked":["Phantasmal Killer","Envenom"],"picked":"After Image","floor":33},{"not_picked":["Sucker Punch+1","Outmaneuver","PiercingWail+1"],"picked":"SKIP","floor":35},{"not_picked":["Underhanded Strike","Bane+1","Flechettes"],"picked":"SKIP","floor":36},{"not_picked":["Flying Knee+1","Choke"],"picked":"Adrenaline","floor":38},{"not_picked":["Leg Sweep+1","Dodge and Roll","Bane+1"],"picked":"SKIP","floor":39},{"not_picked":["Concentrate","Sucker Punch+1","Deadly Poison+1"],"picked":"SKIP","floor":44},{"not_picked":["PiercingWail","Underhanded Strike+1","Poisoned Stab"],"picked":"SKIP","floor":46},{"not_picked":["Reflex","Skewer+1","Flying Knee+1"],"picked":"SKIP","floor":54}],"player_experience":403214,"relics_obtained":[{"floor":7,"key":"PreservedInsect"},{"floor":9,"key":"Bag of Preparation"},{"floor":10,"key":"Bottled Flame"},{"floor":14,"key":"Anchor"},{"floor":27,"key":"Lantern"},{"floor":43,"key":"Pen Nib"},{"floor":54,"key":"Boot"}],"event_choices":[{"damage_healed":0,"gold_gain":75,"player_choice":"Touch","damage_taken":7,"max_hp_gain":0,"max_hp_loss":0,"event_name":"FaceTrader","floor":13,"gold_loss":0},{"damage_healed":0,"gold_gain":0,"player_choice":"Shed Blood","damage_taken":18,"max_hp_gain":5,"max_hp_loss":0,"event_name":"Forgotten Altar","floor":19,"gold_loss":0},{"cards_removed":["Strike_G"],"damage_healed":0,"gold_gain":0,"player_choice":"Gave Gold","damage_taken":0,"max_hp_gain":0,"max_hp_loss":0,"event_name":"Beggar","floor":28,"gold_loss":75},{"damage_healed":0,"gold_gain":0,"player_choice":"Forge","damage_taken":0,"max_hp_gain":0,"max_hp_loss":0,"event_name":"Accursed Blacksmith","floor":37,"gold_loss":0,"cards_upgraded":["Apotheosis"]}],"is_beta":false,"boss_relics":[{"not_picked":["Runic Dome","HoveringKite","Ectoplasm"]},{"not_picked":["Busted Crown","Velvet Choker","Coffee Dripper"]}],"items_purged_floors":[2,20,48],"is_endless":false,"potions_floor_spawned":[1,5,14,16,21,30,31,33,35,38,39,54],"ascension_level":7}