{"gold_per_floor":[109,128,146,44,44,76,76,86,86,100,100,100,135,148,148,249,249,261,176,176,195,27,27,52,52,52,65,65,65,99,113,113,214,214,231,231,241,258,103,103,129,149,149,149,149,31,31,431,431,431],"floor_reached":50,"playtime":6022,"items_purged":["Pain","Strike_B"],"score":652,"play_id":"db538022-e324-499f-9f62-9f0d391bbe3b","local_time":"20181125231653","is_ascension_mode":true,"campfire_choices":[{"data":"Machine Learning","floor":7.0,"key":"SMITH"},{"data":"Cold Snap","floor":11.0,"key":"SMITH"},{"floor":15.0,"key":"REST"},{"data":"Loop","floor":23.0,"key":"SMITH"},{"data":"Coolheaded","floor":25.0,"key":"SMITH"},{"data":"Hello World","floor":29.0,"key":"SMITH"},{"floor":32.0,"key":"REST"},{"data":"Creative AI","floor":40,"key":"SMITH"},{"data":"Defend_B","floor":47,"key":"PURGE"},{"data":"Zap","floor":49,"key":"SMITH"}],"neow_cost":"CURSE","seed_source_timestamp":0,"circlet_count":0,"master_deck":["Defend_B","Zap+1","Dualcast","Cold Snap+1","Coolheaded+1","Conserve Battery","Cold Snap","Machine Learning+1","Static Discharge","Auto Shields","Leap","Trip","Hello World+1","Core Surge","Stack+1","Multi-Cast+1","Seek+1","Steam","Loop+1","Ball Lightning","RitualDagger","Compile Driver","Go for the Eyes","Creative AI+1","Ball Lightning+1","Dramatic Entrance","Fusion+1"],"special_seed":0,"relics":["Cracked Core","Dead Branch","Mummified Hand","Bottled Lightning","Blue Candle","Bird Faced Urn","Astrolabe","Juzu Bracelet","Sundial","Bottled Tornado","Mango","Empty Cage","Ancient Tea Set","Peace Pipe","Symbiotic Virus","Meat on the Bone","Old Coin"],"potions_floor_usage":[41,41,50,50],"damage_taken":[{"damage":1.0,"enemies":"Small Slimes","floor":1.0,"turns":3.0},{"damage":3.0,"enemies":"Jaw Worm","floor":2.0,"turns":3.0},{"damage":5.0,"enemies":"Cultist","floor":3.0,"turns":3.0},{"damage":19.0,"enemies":"Gremlin Nob","floor":6.0,"turns":4.0},{"damage":0.0,"enemies":"Large Slime","floor":8.0,"turns":4.0},{"damage":12.0,"enemies":"3 Louse","floor":10.0,"turns":4.0},{"damage":0.0,"enemies":"Lagavulin","floor":13.0,"turns":8.0},{"damage":0.0,"enemies":"Blue Slaver","floor":14.0,"turns":3.0},{"damage":34.0,"enemies":"Slime Boss","floor":16.0,"turns":11.0},{"damage":0.0,"enemies":"Chosen","floor":18.0,"turns":4.0},{"damage":10.0,"enemies":"3 Byrds","floor":21.0,"turns":4.0},{"damage":24.0,"enemies":"Book of Stabbing","floor":24.0,"turns":6.0},{"damage":7.0,"enemies":"Snecko","floor":27.0,"turns":4.0},{"damage":34.0,"enemies":"Gremlin Leader","floor":30.0,"turns":8.0},{"damage":11.0,"enemies":"Chosen and Byrds","floor":31.0,"turns":5.0},{"damage":65.0,"enemies":"Automaton","floor":33.0,"turns":13.0},{"damage":29.0,"enemies":"3 Shapes","floor":35.0,"turns":4.0},{"damage":42,"enemies":"3 Darklings","floor":37,"turns":7},{"damage":8,"enemies":"Sphere and 2 Shapes","floor":38,"turns":8},{"damage":12,"enemies":"Giant Head","floor":41,"turns":8},{"damage":13,"enemies":"Maw","floor":42,"turns":8},{"damage":0,"enemies":"Mind Bloom Boss Battle","floor":48,"turns":9},{"damage":99,"enemies":"Awakened One","floor":50,"turns":14}],"seed_played":"8233448392324460067","potions_obtained":[{"floor":2.0,"key":"PowerPotion"},{"floor":6.0,"key":"Swift Potion"},{"floor":14.0,"key":"Fire Potion"},{"floor":16.0,"key":"Swift Potion"},{"floor":24.0,"key":"Weak Potion"},{"floor":30.0,"key":"SpeedPotion"},{"floor":35.0,"key":"SteroidPotion"},{"floor":38,"key":"Regen Potion"},{"floor":41,"key":"Strength Potion"}],"is_trial":false,"path_per_floor":["M","M","M","$","?","E","R","M","T","M","R","?","E","M","R","B",null,"M","?","?","M","$","R","E","R","T","M","?","R","E","M","R","B",null,"M","?","M","M","$","R","E","M","T","?","?","?","R","?","R","B"],"character_chosen":"DEFECT","items_purchased":["Cold Snap","Loop","Ancient Tea Set"],"campfire_rested":2,"item_purchase_floors":[4,22,39],"current_hp_per_floor":[74,71,66,66,54,35,35,35,35,23,23,23,23,25,47,21,75,75,75,75,67,67,67,51,51,51,54,48,48,38,37,63,18,89,62,62,32,42,42,42,67,66,66,66,66,66,66,86,86,0],"gold":431,"neow_bonus":"ONE_RARE_RELIC","is_prod":false,"is_daily":false,"chose_seed":false,"campfire_upgraded":7,"win_rate":0,"timestamp":1543216613,"path_taken":["M","M","M","$","?","E","R","M","T","M","R","?","E","M","R","BOSS","M","?","?","M","$","R","E","R","T","M","?","R","E","M","R","BOSS","M","?","M","M","$","R","E","M","T","?","?","?","R","?","R","BOSS"],"build_version":"2018-11-15","purchased_purges":2,"victory":false,"max_hp_per_floor":[75,75,75,75,75,75,75,75,75,75,75,75,75,75,75,75,75,75,75,75,75,75,75,75,75,75,75,75,75,89,89,89,89,89,89,89,89,89,89,89,89,89,89,89,89,89,89,89,89,89],"card_choices":[{"not_picked":["Loop","Streamline"],"picked":"Cold Snap","floor":1.0},{"not_picked":["Hologram","Go for the Eyes"],"picked":"Coolheaded","floor":2.0},{"not_picked":["Rebound","Compile Driver"],"picked":"Conserve Battery","floor":3.0},{"not_picked":["Leap","Gash"],"picked":"Machine Learning","floor":6.0},{"not_picked":["Double Energy","Blizzard"],"picked":"Static Discharge","floor":8.0},{"not_picked":["Gash","Streamline"],"picked":"Auto Shields","floor":10.0},{"not_picked":["Beam Cell","Rebound"],"picked":"Hello World","floor":13.0},{"not_picked":["Tempest","Steam Power","Doom and Gloom"],"picked":"SKIP","floor":14.0},{"not_picked":["All For One","Fission"],"picked":"Core Surge","floor":16.0},{"not_picked":["Sweeping Beam","Hologram"],"picked":"Cold Snap","floor":18.0},{"not_picked":["Steam Power+1","Streamline"],"picked":"Steam","floor":21.0},{"not_picked":["Gash+1","Compile Driver"],"picked":"Ball Lightning","floor":24.0},{"not_picked":["Hologram","Leap","Redo"],"picked":"SKIP","floor":27.0},{"not_picked":["Conserve Battery+1","Turbo"],"picked":"Compile Driver","floor":30.0},{"not_picked":["Gash","Leap+1"],"picked":"Go for the Eyes","floor":31.0},{"not_picked":["Buffer","Core Surge"],"picked":"Creative AI","floor":33.0},{"not_picked":["Steam Power+1","Coolheaded","Storm+1"],"picked":"SKIP","floor":35.0},{"not_picked":["Barrage","Redo+1","Doom and Gloom"],"picked":"SKIP","floor":37},{"not_picked":["Sweeping Beam+1","Redo+1","Compile Driver+1"],"picked":"SKIP","floor":38},{"not_picked":["Melter+1","Streamline"],"picked":"Ball Lightning+1","floor":41},{"not_picked":["Rebound+1","Doom and Gloom","Ball Lightning"],"picked":"SKIP","floor":42},{"not_picked":["Sadistic Nature","Good Instincts"],"picked":"Dramatic Entrance","floor":44},{"not_picked":["Gash","Leap"],"picked":"Fusion+1","floor":48}],"player_experience":307626,"relics_obtained":[{"floor":6.0,"key":"Bottled Lightning"},{"floor":9.0,"key":"Blue Candle"},{"floor":13.0,"key":"Bird Faced Urn"},{"floor":24.0,"key":"Sundial"},{"floor":26.0,"key":"Bottled Tornado"},{"floor":30.0,"key":"Mango"},{"floor":41,"key":"Peace Pipe"},{"floor":43,"key":"Symbiotic Virus"},{"floor":48,"key":"Old Coin"}],"event_choices":[{"damage_healed":0.0,"max_hp_gain":0.0,"max_hp_loss":0.0,"gold_gain":0.0,"event_name":"Scrap Ooze","player_choice":"Success","floor":5.0,"gold_loss":0.0,"damage_taken":12.0,"relics_obtained":["Mummified Hand"]},{"damage_healed":0.0,"max_hp_gain":0.0,"max_hp_loss":0.0,"gold_gain":0.0,"event_name":"Match and Keep!","player_choice":"2 cards matched","floor":12.0,"gold_loss":0.0,"damage_taken":0.0,"cards_obtained":["Leap","Trip"]},{"damage_healed":0.0,"max_hp_gain":0.0,"max_hp_loss":0.0,"gold_gain":0.0,"event_name":"Addict","player_choice":"Obtained Relic","floor":19.0,"gold_loss":85.0,"damage_taken":0.0,"relics_obtained":["Juzu Bracelet"]},{"damage_healed":0.0,"max_hp_gain":0.0,"max_hp_loss":0.0,"gold_gain":0.0,"event_name":"Ghosts","player_choice":"Ignored","floor":20.0,"gold_loss":0.0,"damage_taken":0.0},{"damage_healed":0.0,"max_hp_gain":0.0,"max_hp_loss":0.0,"gold_gain":0.0,"event_name":"Nest","player_choice":"Joined the Cult","floor":28.0,"gold_loss":0.0,"damage_taken":6.0,"cards_obtained":["RitualDagger"]},{"damage_healed":0.0,"max_hp_gain":0.0,"max_hp_loss":0.0,"gold_gain":0.0,"event_name":"Tomb of Lord Red Mask","player_choice":"Ignored","floor":36.0,"gold_loss":0.0,"damage_taken":0.0},{"damage_healed":0,"gold_gain":0,"player_choice":"Memory 1","damage_taken":0,"max_hp_gain":0,"max_hp_loss":0,"event_name":"SensoryStone","floor":44,"gold_loss":0},{"cards_removed":["Cold Snap"],"damage_healed":0,"gold_gain":0,"player_choice":"Removed Attack","damage_taken":0,"max_hp_gain":0,"max_hp_loss":0,"event_name":"Falling","floor":45,"gold_loss":0},{"damage_healed":0,"gold_gain":0,"player_choice":"Paid Gold","damage_taken":0,"relics_obtained":["Meat on the Bone"],"max_hp_gain":0,"max_hp_loss":0,"event_name":"WeMeetAgain","floor":46,"gold_loss":118},{"damage_healed":0,"gold_gain":0,"player_choice":"Fight","damage_taken":0,"max_hp_gain":0,"max_hp_loss":0,"event_name":"MindBloom","floor":48,"gold_loss":0}],"is_beta":false,"boss_relics":[{"not_picked":["Fusion Hammer","Cursed Key"],"picked":"Astrolabe"},{"not_picked":["Tiny House","Sozu"],"picked":"Empty Cage"}],"items_purged_floors":[4,22],"is_endless":false,"potions_floor_spawned":[2,6,14,16,24,30,35,38,41],"killed_by":"Awakened One","ascension_level":4}