{"gold_per_floor":[216,216,25,38,57,57,72,97,97,130,145,245,245],"floor_reached":13,"playtime":1234,"items_purged":["Strike_G"],"score":100,"play_id":"48a259c3-f427-45d9-b297-8820b64e2ae3","local_time":"20190827000304","is_ascension_mode":true,"campfire_choices":[{"data":"Infinite Blades","floor":6,"key":"SMITH"}],"neow_cost":"NONE","seed_source_timestamp":0,"circlet_count":0,"master_deck":["Strike_G","Strike_G","Strike_G","Strike_G","Defend_G","Defend_G","Defend_G","Defend_G","Defend_G","Survivor","Neutralize","Cloak And Dagger","Neutralize","Eviscerate","Backflip","Infinite Blades+1","Backflip","PiercingWail","Dagger Spray","After Image","Catalyst","Calculated Gamble"],"special_seed":0,"relics":["Ring of the Snake","Bottled Flame","Bottled Tornado","Frozen Egg 2"],"potions_floor_usage":[8,10,13],"damage_taken":[{"damage":8,"enemies":"Jaw Worm","floor":1,"turns":7},{"damage":0,"enemies":"Cultist","floor":4,"turns":4},{"damage":0,"enemies":"Small Slimes","floor":5,"turns":5},{"damage":3,"enemies":"Red Slaver","floor":7,"turns":6},{"damage":10,"enemies":"Lagavulin","floor":8,"turns":11},{"damage":10,"enemies":"3 Sentries","floor":10,"turns":8},{"damage":12,"enemies":"3 Louse","floor":11,"turns":4},{"damage":45,"enemies":"Gremlin Nob","floor":13,"turns":6}],"seed_played":"-962306461246185419","potions_obtained":[{"floor":5,"key":"Dexterity Potion"},{"floor":7,"key":"Fire Potion"},{"floor":11,"key":"AttackPotion"}],"is_trial":false,"path_per_floor":["M","?","$","M","M","R","M","E","T","E","M","?","E"],"character_chosen":"THE_SILENT","items_purchased":["Backflip","Infinite Blades"],"campfire_rested":0,"item_purchase_floors":[3,3],"current_hp_per_floor":[62,62,62,62,62,62,59,49,49,39,27,27,0],"gold":245,"neow_bonus":"HUNDRED_GOLD","is_prod":false,"is_daily":false,"chose_seed":false,"campfire_upgraded":1,"win_rate":0,"timestamp":1566856984,"path_taken":["M","?","$","M","M","R","?","E","T","E","M","?","E"],"build_version":"2019-07-17","purchased_purges":1,"victory":false,"max_hp_per_floor":[70,70,70,70,70,70,70,70,70,70,70,70,70],"card_choices":[{"not_picked":["Dagger Throw","Quick Slash"],"picked":"Cloak And Dagger","floor":1},{"not_picked":["Deadly Poison","Dash"],"picked":"Backflip","floor":4},{"not_picked":["Slice","Bane"],"picked":"PiercingWail","floor":5},{"not_picked":["Reflex","Prepared"],"picked":"Dagger Spray","floor":7},{"not_picked":["Sucker Punch","Deflect"],"picked":"After Image","floor":8},{"not_picked":["Infinite Blades","Blur"],"picked":"Catalyst","floor":10},{"not_picked":["Slice","Outmaneuver"],"picked":"Calculated Gamble","floor":11}],"player_experience":70214,"relics_obtained":[{"floor":8,"key":"Bottled Flame"},{"floor":9,"key":"Bottled Tornado"},{"floor":10,"key":"Frozen Egg 2"}],"event_choices":[{"damage_healed":0,"gold_gain":0,"player_choice":"2 cards matched","damage_taken":0,"max_hp_gain":0,"max_hp_loss":0,"event_name":"Match and Keep!","floor":2,"gold_loss":0,"cards_obtained":["Neutralize","Eviscerate"]},{"damage_healed":0,"gold_gain":100,"player_choice":"Pray","damage_taken":0,"max_hp_gain":0,"max_hp_loss":0,"event_name":"Golden Shrine","floor":12,"gold_loss":0}],"is_beta":false,"boss_relics":[],"items_purged_floors":[3],"is_endless":false,"potions_floor_spawned":[5,7,11],"killed_by":"Gremlin Nob","ascension_level":1}