{"gold_per_floor":[359,359,377,394,394,394,411,411,411,313,313,313,313,331,331,431,431,441,96,110,41,41,41,67,67,67,87,87,107,107,139,139,243,243,256,478,52,152,172,172],"floor_reached":40,"playtime":2262,"items_purged":["Strike_R","Strike_R","Strike_R"],"score":652,"play_id":"6da166f2-d9b4-47c1-aa2e-9db1fc08f3b3","local_time":"20190827082049","is_ascension_mode":true,"campfire_choices":[{"data":"Bash","floor":6,"key":"SMITH"},{"floor":8,"key":"REST"},{"data":"Demon Form","floor":11,"key":"SMITH"},{"data":"Ghostly Armor","floor":13,"key":"SMITH"},{"data":"Carnage","floor":15,"key":"SMITH"},{"data":"Reaper","floor":23,"key":"SMITH"},{"floor":25,"key":"REST"},{"data":"Inflame","floor":28,"key":"SMITH"},{"data":"Pummel","floor":30,"key":"SMITH"},{"data":"Shrug It Off","floor":32,"key":"SMITH"}],"neow_cost":"PERCENT_DAMAGE","seed_source_timestamp":139509642921300,"circlet_count":0,"master_deck":["AscendersBane","Strike_R+1","Defend_R","Defend_R","Defend_R","Defend_R","Bash+1","Ghostly Armor+1","Demon Form+1","Shrug It Off+1","Carnage+1","Reaper+1","Feel No Pain","Inflame+1","Shrug It Off","Pummel+1","Flame Barrier"],"relics":["Black Blood","Nunchaku","WingedGreaves","Busted Crown","Lantern","Red Skull","Magic Flower","Red Mask","Happy Flower","Whetstone","Charon\u0027s Ashes"],"potions_floor_usage":[16,16,20,31,33],"damage_taken":[{"damage":5,"enemies":"Small Slimes","floor":1,"turns":5},{"damage":4,"enemies":"2 Louse","floor":3,"turns":4},{"damage":10,"enemies":"Cultist","floor":4,"turns":5},{"damage":12,"enemies":"2 Fungi Beasts","floor":7,"turns":5},{"damage":15,"enemies":"Looter","floor":14,"turns":4},{"damage":44,"enemies":"Slime Boss","floor":16,"turns":10},{"damage":25,"enemies":"Spheric Guardian","floor":18,"turns":8},{"damage":16,"enemies":"3 Byrds","floor":20,"turns":5},{"damage":82,"enemies":"Book of Stabbing","floor":24,"turns":7},{"damage":32,"enemies":"Cultist and Chosen","floor":27,"turns":8},{"damage":28,"enemies":"3 Cultists","floor":29,"turns":6},{"damage":33,"enemies":"Masked Bandits","floor":31,"turns":6},{"damage":58,"enemies":"Champ","floor":33,"turns":9},{"damage":67,"enemies":"3 Darklings","floor":35,"turns":8},{"damage":48,"enemies":"Mind Bloom Boss Battle","floor":38,"turns":9},{"damage":4,"enemies":"Orb Walker","floor":39,"turns":4},{"damage":135,"enemies":"2 Orb Walkers","floor":40,"turns":6}],"seed_played":"3798898044284536371","potions_obtained":[{"floor":3,"key":"SpeedPotion"},{"floor":7,"key":"Poison Potion"},{"floor":12,"key":"BloodPotion"},{"floor":16,"key":"FairyPotion"},{"floor":24,"key":"FearPotion"},{"floor":29,"key":"Fire Potion"},{"floor":31,"key":"Ancient Potion"},{"floor":35,"key":"FearPotion"}],"is_trial":false,"path_per_floor":["M","?","M","M","?","R","M","R","T","$","R","?","R","M","R","B",null,"M","$","M","$","?","R","E","R","T","M","R","M","R","?","R","B",null,"M","?","$","?","M","?"],"character_chosen":"IRONCLAD","items_purchased":["Shrug It Off","Feel No Pain","Lantern","Explosive Potion","Inflame","Happy Flower","Whetstone"],"campfire_rested":2,"item_purchase_floors":[10,19,19,19,21,37,37],"current_hp_per_floor":[52,45,47,43,36,36,30,54,54,54,54,54,54,45,45,27,67,48,48,43,43,69,69,14,38,38,45,45,61,61,63,63,37,69,80,80,80,80,80,0],"gold":172,"neow_bonus":"TWO_FIFTY_GOLD","is_prod":false,"is_daily":false,"chose_seed":false,"campfire_upgraded":8,"win_rate":0,"timestamp":1566908449,"path_taken":["M","?","M","M","?","R","M","R","T","$","R","?","R","?","R","BOSS","M","$","M","$","?","R","E","R","T","M","R","M","R","?","R","BOSS","M","?","$","?","M","?"],"build_version":"2019-07-17","purchased_purges":3,"victory":false,"max_hp_per_floor":[80,80,80,80,80,80,80,80,80,80,80,80,80,80,80,80,80,80,80,80,80,80,80,80,80,80,80,80,80,80,80,80,80,80,80,80,80,80,80,80],"card_choices":[{"not_picked":["Heavy Blade","Evolve","Clothesline"],"picked":"SKIP","floor":1},{"not_picked":["Anger","Heavy Blade"],"picked":"Ghostly Armor","floor":3},{"not_picked":["Perfected Strike","Thunderclap","Wild Strike"],"picked":"SKIP","floor":4},{"not_picked":["Heavy Blade","Clash"],"picked":"Demon Form","floor":7},{"not_picked":["Warcry","Infernal Blade"],"picked":"Carnage","floor":14},{"not_picked":["Dark Embrace","Double Tap"],"picked":"Reaper","floor":16},{"not_picked":["Ghostly Armor"],"picked":"SKIP","floor":18},{"not_picked":["Cleave"],"picked":"SKIP","floor":20},{"not_picked":[],"picked":"Shrug It Off","floor":24},{"not_picked":["Fire Breathing+1"],"picked":"SKIP","floor":27},{"not_picked":[],"picked":"Pummel","floor":29},{"not_picked":[],"picked":"Flame Barrier","floor":35},{"not_picked":["Evolve"],"picked":"SKIP","floor":39}],"player_experience":4121145,"relics_obtained":[{"floor":9,"key":"WingedGreaves"},{"floor":24,"key":"Red Skull"},{"floor":26,"key":"Magic Flower"},{"floor":31,"key":"Red Mask"},{"floor":38,"key":"Charon\u0027s Ashes"}],"event_choices":[{"damage_healed":0,"gold_gain":0,"player_choice":"Success","damage_taken":7,"relics_obtained":["Nunchaku"],"max_hp_gain":0,"max_hp_loss":0,"event_name":"Scrap Ooze","floor":2,"gold_loss":0},{"cards_removed":["Strike_R"],"damage_healed":0,"gold_gain":0,"player_choice":"Card Removal","damage_taken":7,"max_hp_gain":0,"max_hp_loss":0,"event_name":"Golden Wing","floor":5,"gold_loss":0},{"damage_healed":0,"gold_gain":0,"player_choice":"Got Potions","damage_taken":0,"max_hp_gain":0,"max_hp_loss":0,"event_name":"Lab","floor":12,"gold_loss":0},{"damage_healed":26,"gold_gain":0,"player_choice":"Heal","damage_taken":0,"max_hp_gain":0,"max_hp_loss":0,"event_name":"The Library","floor":22,"gold_loss":0},{"damage_healed":0,"gold_gain":0,"player_choice":"Fought Bandits","damage_taken":0,"max_hp_gain":0,"max_hp_loss":0,"event_name":"Masked Bandits","floor":31,"gold_loss":0},{"damage_healed":0,"gold_gain":222,"player_choice":"Wore Mask","damage_taken":0,"max_hp_gain":0,"max_hp_loss":0,"event_name":"Tomb of Lord Red Mask","floor":36,"gold_loss":0},{"damage_healed":0,"gold_gain":0,"player_choice":"Fight","damage_taken":0,"max_hp_gain":0,"max_hp_loss":0,"event_name":"MindBloom","floor":38,"gold_loss":0},{"damage_healed":0,"gold_gain":0,"player_choice":"Fight","damage_taken":0,"max_hp_gain":0,"max_hp_loss":0,"event_name":"Mysterious Sphere","floor":40,"gold_loss":0}],"is_beta":false,"boss_relics":[{"not_picked":["White Beast Statue","Calling Bell"],"picked":"Busted Crown"},{"not_picked":["Eternal Feather","Runic Cube"],"picked":"Black Blood"}],"items_purged_floors":[10,19,37],"is_endless":false,"potions_floor_spawned":[3,7,16,24,29,31,35],"killed_by":"2 Orb Walkers","ascension_level":12}