{"gold_per_floor":[365,379,390,197,197,197,232,232,257,257,273,273,293,116,116,217,217,234,31,31,49,63,63,97,97,124,156,156,188,206,54,54,159,159,170,170,186,61,72,101,101,101,126,126,126,144,163,10,10,10],"floor_reached":51,"playtime":2249,"items_purged":["Strike_R","Strike_R","Strike_R"],"score":1107,"play_id":"e57db850-40c2-4f36-966c-1ccaeca2df9d","local_time":"20190808225241","is_ascension_mode":true,"campfire_choices":[{"data":"Corruption","floor":6.0,"key":"SMITH"},{"data":"Flex","floor":8.0,"key":"SMITH"},{"data":"Flex","floor":10.0,"key":"SMITH"},{"data":"Enlightenment","floor":12.0,"key":"SMITH"},{"floor":15.0,"key":"REST"},{"data":"Heavy Blade","floor":23,"key":"SMITH"},{"data":"Bash","floor":25,"key":"SMITH"},{"data":"Sword Boomerang","floor":28,"key":"SMITH"},{"floor":32,"key":"REST"},{"floor":41,"key":"REST"},{"data":"Exhume","floor":44,"key":"SMITH"},{"floor":49,"key":"REST"}],"neow_cost":"TEN_PERCENT_HP_LOSS","seed_source_timestamp":0,"circlet_count":0,"master_deck":["Strike_R","Defend_R","Defend_R","Defend_R","Defend_R","Bash+1","Shrug It Off","Anger","Offering","Corruption+1","Flex+1","Enlightenment+1","Flex+1","Clash","Pommel Strike","Headbutt","Offering","Heavy Blade+1","Pummel+1","Shrug It Off","Evolve","Sword Boomerang+1","Headbutt","Offering","Exhume+1","True Grit+1","Brutality","Sentinel","Flex+1","Shockwave+1","Havoc+1","Inflame","Pummel","Burning Pact"],"special_seed":0,"relics":["Burning Blood","Bag of Preparation","Oddly Smooth Stone","Sozu","ClockworkSouvenir","Paper Frog","PreservedInsect","Happy Flower","Red Mask","Dream Catcher","Philosopher\u0027s Stone","Regal Pillow","Anchor"],"potions_floor_usage":[22,24,50],"damage_taken":[{"damage":16.0,"enemies":"Jaw Worm","floor":1.0,"turns":4.0},{"damage":1.0,"enemies":"Cultist","floor":2.0,"turns":5.0},{"damage":0.0,"enemies":"2 Louse","floor":3.0,"turns":2.0},{"damage":36.0,"enemies":"Lagavulin","floor":7.0,"turns":6.0},{"damage":6.0,"enemies":"Looter","floor":11.0,"turns":1.0},{"damage":6.0,"enemies":"Lots of Slimes","floor":13.0,"turns":4.0},{"damage":6.0,"enemies":"Slime Boss","floor":16.0,"turns":2.0},{"damage":12,"enemies":"Spheric Guardian","floor":18,"turns":2},{"damage":6,"enemies":"Chosen","floor":21,"turns":2},{"damage":6,"enemies":"Snake Plant","floor":22,"turns":2},{"damage":8,"enemies":"Book of Stabbing","floor":24,"turns":2},{"damage":17,"enemies":"Slavers","floor":27,"turns":4},{"damage":12,"enemies":"Masked Bandits","floor":29,"turns":1},{"damage":12,"enemies":"Cultist and Chosen","floor":30,"turns":4},{"damage":18,"enemies":"Collector","floor":33,"turns":2},{"damage":12,"enemies":"3 Darklings","floor":35,"turns":1},{"damage":0,"enemies":"Orb Walker","floor":37,"turns":2},{"damage":22,"enemies":"Maw","floor":39,"turns":4},{"damage":13,"enemies":"Giant Head","floor":40,"turns":3},{"damage":6,"enemies":"3 Darklings","floor":46,"turns":2},{"damage":24,"enemies":"Spire Growth","floor":47,"turns":2},{"damage":60,"enemies":"Time Eater","floor":50,"turns":6}],"seed_played":"6799255668114605281","potions_obtained":[{"floor":3.0,"key":"Fire Potion"},{"floor":11.0,"key":"Block Potion"},{"floor":13.0,"key":"Ancient Potion"},{"floor":16.0,"key":"Strength Potion"}],"is_trial":false,"path_per_floor":["M","M","M","$","?","R","E","R","T","R","M","R","M","$","R","B",null,"M","$","?","M","M","R","E","R","T","E","R","?","M","$","R","B",null,"M","?","M","$","M","E","R","?","T","R","?","M","M","$","R","B",null],"character_chosen":"IRONCLAD","items_purchased":["Corruption","Flex","Pommel Strike","Headbutt","ClockworkSouvenir","Dream Catcher","Inflame","Pummel"],"campfire_rested":4,"item_purchase_floors":[4,4,14,14,19,31,48,48],"current_hp_per_floor":[62,67,72,72,72,72,42,42,42,42,42,42,42,42,63,63,70,64,64,64,64,64,64,62,62,62,51,51,45,39,39,60,48,66,60,60,66,66,50,43,72,68,68,68,68,68,50,50,68,14],"gold":10,"neow_bonus":"TWO_FIFTY_GOLD","is_prod":false,"is_daily":false,"chose_seed":false,"campfire_upgraded":8,"win_rate":0,"timestamp":1565272361,"path_taken":["M","M","M","$","?","R","E","R","T","R","M","R","M","$","R","BOSS","M","$","?","M","M","R","E","R","T","E","R","?","M","$","R","BOSS","M","?","?","$","M","E","R","?","T","R","?","M","?","$","R","BOSS"],"build_version":"2019-07-17","purchased_purges":3,"victory":true,"max_hp_per_floor":[72,72,72,72,72,72,72,72,72,72,72,72,72,72,72,72,72,72,72,72,72,72,72,72,72,72,72,72,72,72,72,72,72,72,72,72,72,72,72,72,72,68,68,68,68,68,68,68,68,68],"card_choices":[{"not_picked":["Pummel","Headbutt"],"picked":"Shrug It Off","floor":1.0},{"not_picked":["Warcry","Feel No Pain"],"picked":"Anger","floor":2.0},{"not_picked":["Wild Strike","Cleave"],"picked":"Offering","floor":3.0},{"not_picked":["True Grit","Blood for Blood"],"picked":"Flex","floor":7.0},{"not_picked":["Perfected Strike","Cleave","Armaments"],"picked":"SKIP","floor":11.0},{"not_picked":["Entrench","Bloodletting"],"picked":"Clash","floor":13.0},{"not_picked":["Reaper","Barricade"],"picked":"Offering","floor":16.0},{"not_picked":["Fire Breathing","Havoc"],"picked":"Heavy Blade","floor":18},{"not_picked":["Armaments","Anger"],"picked":"Pummel+1","floor":21},{"not_picked":["Combust","Anger"],"picked":"Shrug It Off","floor":22},{"not_picked":["Havoc+1","Clash"],"picked":"Evolve","floor":24},{"not_picked":["Wild Strike","Searing Blow+1"],"picked":"Sword Boomerang","floor":27},{"not_picked":["Perfected Strike","Intimidate"],"picked":"Headbutt","floor":29},{"not_picked":["Hemokinesis+1","Sentinel"],"picked":"Offering","floor":30},{"not_picked":["Berserk","Brutality"],"picked":"Exhume","floor":33},{"not_picked":["Fire Breathing+1","Clash"],"picked":"True Grit+1","floor":35},{"not_picked":["Clash+1","Twin Strike+1","Combust+1"],"picked":"SKIP","floor":37},{"not_picked":["Wild Strike","Thunderclap+1"],"picked":"Flex+1","floor":39},{"not_picked":["Anger","Armaments"],"picked":"Shockwave+1","floor":40},{"not_picked":["Clash+1","Blood for Blood+1"],"picked":"Havoc+1","floor":41},{"not_picked":["Thunderclap+1","Fiend Fire","Headbutt"],"picked":"SKIP","floor":46},{"not_picked":["Sever Soul","Rage+1","Wild Strike"],"picked":"SKIP","floor":47},{"not_picked":["Rampage+1","Blood for Blood"],"picked":"Burning Pact","floor":49}],"player_experience":636490,"relics_obtained":[{"floor":7.0,"key":"Bag of Preparation"},{"floor":9.0,"key":"Oddly Smooth Stone"},{"floor":24,"key":"Paper Frog"},{"floor":26,"key":"PreservedInsect"},{"floor":27,"key":"Happy Flower"},{"floor":29,"key":"Red Mask"},{"floor":40,"key":"Regal Pillow"},{"floor":43,"key":"Anchor"}],"event_choices":[{"damage_healed":0.0,"max_hp_gain":0.0,"max_hp_loss":0.0,"gold_gain":0.0,"event_name":"Match and Keep!","player_choice":"1 cards matched","floor":5.0,"gold_loss":0.0,"damage_taken":0.0,"cards_obtained":["Enlightenment"]},{"damage_healed":0,"gold_gain":0,"player_choice":"Ignored","damage_taken":0,"max_hp_gain":0,"max_hp_loss":0,"event_name":"Vampires","floor":20,"gold_loss":0},{"damage_healed":0,"gold_gain":0,"player_choice":"Fought Bandits","damage_taken":0,"max_hp_gain":0,"max_hp_loss":0,"event_name":"Masked Bandits","floor":29,"gold_loss":0},{"damage_healed":0,"gold_gain":0,"player_choice":"2 cards matched","damage_taken":0,"max_hp_gain":0,"max_hp_loss":0,"event_name":"Match and Keep!","floor":36,"gold_loss":0,"cards_obtained":["Brutality","Sentinel"]},{"damage_healed":0,"gold_gain":0,"player_choice":"Max HP","damage_taken":0,"max_hp_gain":0,"max_hp_loss":4,"event_name":"Winding Halls","floor":42,"gold_loss":0},{"cards_removed":["Strike_R"],"damage_healed":0,"gold_gain":0,"player_choice":"Purged","damage_taken":0,"max_hp_gain":0,"max_hp_loss":0,"event_name":"Purifier","floor":45,"gold_loss":0}],"is_beta":false,"boss_relics":[{"not_picked":["Coffee Dripper","Snecko Eye"],"picked":"Sozu"},{"not_picked":["Empty Cage","Lizard Tail"],"picked":"Philosopher\u0027s Stone"}],"items_purged_floors":[4,14,38],"is_endless":false,"potions_floor_spawned":[3,11,13,16,21,22,29,30,37,39,47],"ascension_level":6}