{"gold_per_floor":[17,17,35,35,35,70,94,94,164,180,205,205,246,270,270,393,393,407,407,332,8,26,26],"floor_reached":23,"playtime":1041,"items_purged":[],"score":286,"play_id":"9551f92b-03e1-41b8-8c4f-249069b8c351","local_time":"20190808161633","is_ascension_mode":true,"campfire_choices":[{"floor":8,"key":"REST"},{"data":"Entrench","floor":12,"key":"SMITH"},{"floor":15,"key":"REST"}],"neow_cost":"NO_GOLD","seed_source_timestamp":485345692116900,"circlet_count":0,"master_deck":["Strike_R","Strike_R","Strike_R","Strike_R","Defend_R","Defend_R","Defend_R","Defend_R","Bash","Body Slam","Reckless Charge","Clothesline","Immolate","Entrench+1","Flex","Exhume","Evolve","Reaper","Flex+1","RitualDagger","Apotheosis","Shrug It Off","Enlightenment","Carnage+1"],"relics":["Burning Blood","Golden Idol","Pen Nib","Pear","Blue Candle","Mark of Pain"],"potions_floor_usage":[13,13,13,16],"damage_taken":[{"damage":2,"enemies":"2 Louse","floor":1,"turns":3},{"damage":11,"enemies":"Cultist","floor":3,"turns":4},{"damage":60,"enemies":"Lagavulin","floor":6,"turns":7},{"damage":0,"enemies":"Small Slimes","floor":7,"turns":3},{"damage":12,"enemies":"Looter","floor":10,"turns":3},{"damage":8,"enemies":"3 Louse","floor":11,"turns":3},{"damage":18,"enemies":"Gremlin Nob","floor":13,"turns":3},{"damage":14,"enemies":"Red Slaver","floor":14,"turns":2},{"damage":25,"enemies":"Slime Boss","floor":16,"turns":8},{"damage":35,"enemies":"3 Byrds","floor":18,"turns":6},{"damage":42,"enemies":"Shell Parasite","floor":22,"turns":7},{"damage":35,"enemies":"Book of Stabbing","floor":23,"turns":3}],"seed_played":"-2067552399350637787","potions_obtained":[{"floor":3,"key":"Fire Potion"},{"floor":5,"key":"SpeedPotion"},{"floor":5,"key":"GamblersBrew"},{"floor":6,"key":"AttackPotion"},{"floor":14,"key":"FearPotion"}],"is_trial":false,"path_per_floor":["M","?","M","$","?","E","M","R","T","M","M","R","E","M","R","B",null,"M","?","?","$","M","E"],"character_chosen":"IRONCLAD","items_purchased":["Apotheosis","Shrug It Off","Enlightenment"],"campfire_rested":2,"item_purchase_floors":[21,21,21],"current_hp_per_floor":[92,68,63,63,63,9,15,43,53,47,45,45,33,25,56,37,89,66,60,60,60,35,0],"gold":26,"neow_bonus":"TWENTY_PERCENT_HP_BONUS","is_prod":false,"is_daily":false,"chose_seed":false,"campfire_upgraded":1,"win_rate":0,"timestamp":1565248593,"path_taken":["M","?","M","$","?","E","M","R","T","?","M","R","E","M","R","BOSS","M","?","?","$","M","E"],"build_version":"2019-07-17","purchased_purges":0,"victory":false,"max_hp_per_floor":[96,96,96,96,96,96,96,96,106,106,106,106,106,106,106,106,106,106,106,106,106,106,106],"card_choices":[{"not_picked":["Clothesline","Iron Wave"],"picked":"Body Slam","floor":1},{"not_picked":["Iron Wave","Combust"],"picked":"Reckless Charge","floor":3},{"not_picked":["Cleave","Perfected Strike"],"picked":"Clothesline","floor":6},{"not_picked":["Pummel","Sword Boomerang"],"picked":"Immolate","floor":7},{"not_picked":["Havoc","Combust"],"picked":"Entrench","floor":10},{"not_picked":["Iron Wave","Feel No Pain"],"picked":"Flex","floor":11},{"not_picked":["Wild Strike","Twin Strike"],"picked":"Exhume","floor":13},{"not_picked":["Thunderclap","Warcry"],"picked":"Evolve","floor":14},{"not_picked":["Juggernaut","Double Tap"],"picked":"Reaper","floor":16},{"not_picked":["Searing Blow+1","Carnage"],"picked":"Flex+1","floor":18},{"not_picked":["Heavy Blade","Burning Pact"],"picked":"Carnage+1","floor":22}],"player_experience":632980,"relics_obtained":[{"floor":6,"key":"Pen Nib"},{"floor":9,"key":"Pear"},{"floor":13,"key":"Blue Candle"}],"event_choices":[{"damage_healed":0,"gold_gain":0,"player_choice":"Take Damage","damage_taken":24,"relics_obtained":["Golden Idol"],"max_hp_gain":0,"max_hp_loss":0,"event_name":"Golden Idol","floor":2,"gold_loss":0},{"damage_healed":0,"gold_gain":0,"player_choice":"Got Potions","damage_taken":0,"max_hp_gain":0,"max_hp_loss":0,"event_name":"Lab","floor":5,"gold_loss":0},{"damage_healed":0,"gold_gain":0,"player_choice":"Joined the Cult","damage_taken":6,"max_hp_gain":0,"max_hp_loss":0,"event_name":"Nest","floor":19,"gold_loss":0,"cards_obtained":["RitualDagger"]},{"cards_removed":["Strike_R"],"damage_healed":0,"gold_gain":0,"player_choice":"Gave Gold","damage_taken":0,"max_hp_gain":0,"max_hp_loss":0,"event_name":"Beggar","floor":20,"gold_loss":75}],"is_beta":false,"boss_relics":[{"not_picked":["Runic Dome","Ectoplasm"],"picked":"Mark of Pain"}],"items_purged_floors":[],"is_endless":false,"potions_floor_spawned":[3,6,7,14],"killed_by":"Book of Stabbing","ascension_level":6}