{"gold_per_floor":[364,384,4,4,4,19,39,39,39,3,19,32,32,48,48,146,146,156,156,81,100,100,100,128,128,128,28,28,28,28,43,43,146,196,215,69,82,101,101,101,101,101,153,153,167,42,0,30,30,30],"floor_reached":51,"playtime":8039,"items_purged":["Strike_G","Poisoned Stab","Pain"],"score":683,"play_id":"88aea941-a458-4eb3-bf61-8887e523d26f","local_time":"20180926011208","is_ascension_mode":false,"campfire_choices":[{"data":"Quick Slash","floor":13.0,"key":"SMITH"},{"data":"Survivor","floor":15.0,"key":"SMITH"},{"floor":23.0,"key":"REST"},{"floor":28.0,"key":"REST"},{"floor":32.0,"key":"REST"},{"floor":40,"key":"REST"},{"floor":42,"key":"REST"},{"floor":44,"key":"REST"},{"floor":49,"key":"REST"}],"neow_cost":"PERCENT_DAMAGE","seed_source_timestamp":0,"circlet_count":0,"master_deck":["Defend_G","Defend_G","Defend_G","Defend_G","Defend_G","Survivor+1","Neutralize+1","Quick Slash+1","Dagger Throw","Flying Knee","Tactician","Quick Slash","Flying Knee","Cloak And Dagger","Doppelganger","Calculated Gamble","Bite","Bite","Bite","Bite","Bite","Eviscerate+1","Leg Sweep","Bullet Time","Bullet Time","Dash+1","Predator+1","Prepared+1"],"special_seed":0,"relics":["Ring of the Snake","Darkstone Periapt","Mercury Hourglass","Fusion Hammer","Enchiridion","Frozen Egg 2","WarpedTongs","Kunai","Tiny House","Bronze Scales","Du-Vu Doll","Anchor","Red Mask","Girya"],"potions_floor_usage":[38,39,48,50],"damage_taken":[{"damage":0.0,"enemies":"Jaw Worm","floor":1.0,"turns":4.0},{"damage":2.0,"enemies":"Small Slimes","floor":2.0,"turns":3.0},{"damage":0.0,"enemies":"Cultist","floor":6.0,"turns":4.0},{"damage":0.0,"enemies":"Blue Slaver","floor":7.0,"turns":3.0},{"damage":0.0,"enemies":"Looter","floor":11.0,"turns":3.0},{"damage":0.0,"enemies":"Lots of Slimes","floor":12.0,"turns":4.0},{"damage":0.0,"enemies":"Exordium Wildlife","floor":14.0,"turns":2.0},{"damage":31.0,"enemies":"Hexaghost","floor":16.0,"turns":11.0},{"damage":5.0,"enemies":"3 Byrds","floor":18.0,"turns":4.0},{"damage":0.0,"enemies":"Spheric Guardian","floor":21.0,"turns":3.0},{"damage":53.0,"enemies":"Slavers","floor":24.0,"turns":7.0},{"damage":9.0,"enemies":"Snake Plant","floor":31.0,"turns":5.0},{"damage":72.0,"enemies":"Collector","floor":33.0,"turns":14.0},{"damage":8,"enemies":"Orb Walker","floor":35,"turns":4},{"damage":39,"enemies":"3 Darklings","floor":37,"turns":5},{"damage":13,"enemies":"Spire Growth","floor":38,"turns":6},{"damage":12,"enemies":"Mind Bloom Boss Battle","floor":39,"turns":6},{"damage":0,"enemies":"Sphere and 2 Shapes","floor":45,"turns":3},{"damage":22,"enemies":"2 Orb Walkers","floor":48,"turns":5},{"damage":87,"enemies":"Time Eater","floor":50,"turns":17}],"seed_played":"-5892605031459680849","potions_obtained":[{"floor":1.0,"key":"Swift Potion"},{"floor":7.0,"key":"EssenceOfSteel"},{"floor":11.0,"key":"Block Potion"},{"floor":12.0,"key":"Weak Potion"},{"floor":16.0,"key":"Energy Potion"},{"floor":24.0,"key":"Swift Potion"},{"floor":33.0,"key":"LiquidBronze"},{"floor":34,"key":"Weak Potion"},{"floor":35,"key":"Block Potion"},{"floor":37,"key":"Swift Potion"},{"floor":38,"key":"PowerPotion"}],"is_trial":false,"path_per_floor":["M","M","$","?","$","M","M","?","T","$","M","M","R","M","R","B",null,"M","?","?","M","?","R","E","?","T","$","R","?","$","M","R","B",null,"M","$","M","M","?","R","?","R","T","R","M","$","?","E","R","B"],"character_chosen":"THE_SILENT","items_purchased":["Darkstone Periapt","Dagger Throw","Tactician","Bronze Scales"],"campfire_rested":7,"item_purchase_floors":[3,3,10,36],"current_hp_per_floor":[49,47,47,47,47,47,47,70,70,70,70,70,70,70,70,39,76,71,53,50,50,34,49,6,12,12,12,28,46,46,47,56,16,61,56,56,25,26,22,40,40,58,58,61,61,61,61,41,59,7],"gold":30,"neow_bonus":"TWO_FIFTY_GOLD","is_prod":false,"is_daily":false,"chose_seed":false,"campfire_upgraded":2,"win_rate":0.0,"timestamp":1537949528,"path_taken":["M","M","$","?","$","M","M","?","T","?","M","M","R","M","R","BOSS","M","?","?","?","?","R","E","?","T","$","R","?","?","M","R","BOSS","M","$","M","M","?","R","?","R","T","R","?","?","?","E","R","BOSS"],"build_version":"2018-09-20","purchased_purges":3,"victory":true,"max_hp_per_floor":[70,70,70,70,70,70,70,76,76,76,76,76,76,76,76,76,76,76,53,50,50,50,50,50,56,56,56,56,56,56,56,56,56,61,61,61,61,61,61,61,61,61,61,61,61,61,61,61,61,61],"card_choices":[{"not_picked":["Masterful Stab","Blur"],"picked":"Skewer","floor":1.0},{"not_picked":["Deflect","Bane"],"picked":"Quick Slash","floor":2.0},{"not_picked":["Cloak And Dagger","Acrobatics"],"picked":"Poisoned Stab","floor":6.0},{"not_picked":["Backflip","Escape Plan"],"picked":"Flying Knee","floor":7.0},{"not_picked":["Dodge and Roll","Skewer"],"picked":"Quick Slash","floor":11.0},{"not_picked":["Skewer","Sucker Punch"],"picked":"Flying Knee","floor":12.0},{"not_picked":["Slice","Bane"],"picked":"Cloak And Dagger","floor":14.0},{"not_picked":["Malaise","Night Terror"],"picked":"Doppelganger","floor":16.0},{"not_picked":["Deflect+1","Riddle With Holes"],"picked":"Calculated Gamble","floor":18.0},{"not_picked":["Masterful Stab","Terror+1"],"picked":"Eviscerate+1","floor":21.0},{"not_picked":["Poisoned Stab","Deadly Poison+1"],"picked":"Leg Sweep","floor":24.0},{"not_picked":["Dodge and Roll","Slice"],"picked":"Bullet Time","floor":31.0},{"not_picked":["Envenom+1","A Thousand Cuts+1"],"picked":"Bullet Time","floor":33.0},{"not_picked":["Slice","Calculated Gamble"],"picked":"Dash+1","floor":34},{"not_picked":["Heel Hook","Well Laid Plans+1"],"picked":"Predator+1","floor":35},{"not_picked":["Acrobatics","Distraction","Deflect"],"picked":"SKIP","floor":37},{"not_picked":["Finisher+1","Underhanded Strike+1","Dagger Spray"],"picked":"SKIP","floor":38},{"not_picked":["Acrobatics+1","Cloak And Dagger+1"],"picked":"Prepared+1","floor":45},{"not_picked":["Phantasmal Killer","Flying Knee","Dodge and Roll+1"],"picked":"SKIP","floor":48}],"player_experience":72814,"relics_obtained":[{"floor":9.0,"key":"Mercury Hourglass"},{"floor":22.0,"key":"Enchiridion"},{"floor":24.0,"key":"Frozen Egg 2"},{"floor":26.0,"key":"Kunai"},{"floor":39,"key":"Du-Vu Doll"},{"floor":43,"key":"Anchor"},{"floor":48,"key":"Girya"}],"event_choices":[{"event_name":"The Cleric","player_choice":"Leave","floor":4.0,"damage_taken":0.0},{"event_name":"Mushrooms","player_choice":"Healed and dodged fight","floor":8.0,"damage_taken":0.0},{"event_name":"Vampires","player_choice":"Became a vampire","floor":19.0,"damage_taken":0.0},{"event_name":"Beggar","player_choice":"Gave Gold","floor":20.0,"damage_taken":0.0},{"event_name":"Cursed Tome","player_choice":"Obtained Book","floor":22.0,"damage_taken":0.0},{"event_name":"Accursed Blacksmith","player_choice":"Rummage","floor":25.0,"damage_taken":0.0},{"event_name":"The Library","player_choice":"Heal","floor":29.0,"damage_taken":0.0},{"event_name":"MindBloom","player_choice":"Fight","floor":39,"damage_taken":0},{"event_name":"Falling","player_choice":"Removed Attack","floor":41,"damage_taken":0},{"event_name":"Tomb of Lord Red Mask","player_choice":"Paid","floor":47,"damage_taken":0}],"is_beta":false,"boss_relics":[{"not_picked":["WristBlade","Sozu"],"picked":"Fusion Hammer"},{"not_picked":["HoveringKite","Runic Pyramid"],"picked":"Tiny House"}],"items_purged_floors":[3,27,46],"is_endless":false,"potions_floor_spawned":[1,7,11,12,16,24,33,35,37,38],"ascension_level":0}