{"gold_per_floor":[117,127,137,60,71,71,102,102,129,143,143,154,5,55,55,131,131,145,164,13,13,24,24,43,60,60,71,71,71],"floor_reached":29,"playtime":1223,"items_purged":["Regret","Strike_B"],"score":458,"play_id":"8216af7b-d238-4670-947d-008254b4981e","local_time":"20190824114314","is_ascension_mode":true,"campfire_choices":[{"data":"Streamline","floor":6,"key":"SMITH"},{"floor":8,"key":"REST"},{"floor":15,"key":"REST"},{"floor":23,"key":"REST"}],"neow_cost":"NONE","seed_source_timestamp":277420627711499,"circlet_count":0,"master_deck":["AscendersBane","Strike_B","Strike_B","Strike_B","Defend_B+1","Defend_B","Defend_B","Defend_B+1","Zap","Dualcast","Biased Cognition","Ball Lightning","Leap","Streamline+1","Glacier","Go for the Eyes","Seek","BootSequence","Defragment","Defragment","Hyperbeam","Melter+1","Streamline","Seek","Hologram","White Noise","Self Repair","Decay"],"relics":["Cracked Core","War Paint","Vajra","Potion Belt","Velvet Choker","Pen Nib"],"potions_floor_usage":[7,16,19,25,27],"damage_taken":[{"damage":20,"enemies":"Small Slimes","floor":1,"turns":3},{"damage":1,"enemies":"Cultist","floor":2,"turns":3},{"damage":0,"enemies":"Jaw Worm","floor":3,"turns":3},{"damage":9,"enemies":"3 Louse","floor":5,"turns":2},{"damage":24,"enemies":"Gremlin Nob","floor":7,"turns":4},{"damage":0,"enemies":"2 Fungi Beasts","floor":10,"turns":3},{"damage":3,"enemies":"Large Slime","floor":12,"turns":5},{"damage":39,"enemies":"Hexaghost","floor":16,"turns":9},{"damage":16,"enemies":"Spheric Guardian","floor":18,"turns":6},{"damage":2,"enemies":"3 Byrds","floor":19,"turns":3},{"damage":25,"enemies":"3 Cultists","floor":22,"turns":5},{"damage":4,"enemies":"Centurion and Healer","floor":24,"turns":6},{"damage":21,"enemies":"Snake Plant","floor":25,"turns":4},{"damage":6,"enemies":"3 Cultists","floor":27,"turns":5},{"damage":8,"enemies":"Shelled Parasite and Fungi","floor":29,"turns":1}],"seed_played":"9110646922207266878","potions_obtained":[{"floor":1,"key":"Explosive Potion"},{"floor":3,"key":"Weak Potion"},{"floor":10,"key":"AttackPotion"},{"floor":16,"key":"EssenceOfSteel"},{"floor":18,"key":"Weak Potion"},{"floor":22,"key":"Energy Potion"},{"floor":27,"key":"LiquidBronze"}],"is_trial":false,"path_per_floor":["M","M","M","$","M","R","E","R","T","M","?","M","$","?","R","B",null,"M","M","$","?","M","R","M","M","T","M","?","M"],"character_chosen":"DEFECT","items_purchased":["Glacier","Defragment","Streamline"],"campfire_rested":3,"item_purchase_floors":[4,13,20],"current_hp_per_floor":[44,43,43,43,34,34,10,31,31,31,31,28,28,28,49,10,56,40,38,38,38,13,34,30,9,9,3,3,0],"gold":71,"neow_bonus":"ONE_RANDOM_RARE_CARD","is_prod":false,"is_daily":false,"chose_seed":false,"campfire_upgraded":1,"win_rate":0,"timestamp":1566614594,"path_taken":["M","M","M","$","M","R","E","R","T","M","?","M","$","?","R","BOSS","M","M","$","?","?","R","M","M","T","M","?","M"],"build_version":"2019-07-17","purchased_purges":2,"victory":false,"max_hp_per_floor":[71,71,71,71,71,71,71,71,71,71,71,71,71,71,71,71,71,71,71,71,71,71,71,71,71,71,71,71,71],"card_choices":[{"not_picked":["Coolheaded","Stack"],"picked":"Ball Lightning","floor":1},{"not_picked":["Doom and Gloom","Rebound"],"picked":"Leap","floor":2},{"not_picked":["Reinforced Body","Steam"],"picked":"Streamline","floor":3},{"not_picked":["Lockon","Static Discharge"],"picked":"Go for the Eyes","floor":5},{"not_picked":["Hologram","Storm"],"picked":"Seek","floor":7},{"not_picked":["Gash","Cold Snap"],"picked":"BootSequence","floor":10},{"not_picked":["Stack","Steam"],"picked":"Defragment","floor":12},{"not_picked":["Buffer","All For One"],"picked":"Hyperbeam","floor":16},{"not_picked":["Cold Snap","Lockon","Loop"],"picked":"SKIP","floor":18},{"not_picked":["Ball Lightning","Turbo"],"picked":"Melter+1","floor":19},{"not_picked":["Compile Driver","Aggregate+1"],"picked":"Hologram","floor":22},{"not_picked":["Stack","Hologram"],"picked":"White Noise","floor":24},{"not_picked":["Rebound","Redo"],"picked":"Self Repair","floor":25},{"not_picked":["Stack","Steam Power","Cold Snap"],"picked":"SKIP","floor":27}],"player_experience":808152,"relics_obtained":[{"floor":7,"key":"War Paint"},{"floor":9,"key":"Vajra"},{"floor":26,"key":"Pen Nib"}],"event_choices":[{"damage_healed":0,"gold_gain":0,"player_choice":"Box","damage_taken":0,"relics_obtained":["Potion Belt"],"max_hp_gain":0,"max_hp_loss":0,"event_name":"Big Fish","floor":11,"gold_loss":0,"cards_obtained":["Regret"]},{"damage_healed":0,"gold_gain":50,"player_choice":"Pray","damage_taken":0,"max_hp_gain":0,"max_hp_loss":0,"event_name":"Golden Shrine","floor":14,"gold_loss":0},{"damage_healed":0,"gold_gain":0,"player_choice":"Copied","damage_taken":0,"max_hp_gain":0,"max_hp_loss":0,"event_name":"Duplicator","floor":21,"gold_loss":0,"cards_obtained":["Seek"]},{"damage_healed":0,"gold_gain":0,"player_choice":"Smashed Altar","damage_taken":0,"max_hp_gain":0,"max_hp_loss":0,"event_name":"Forgotten Altar","floor":28,"gold_loss":0,"cards_obtained":["Decay"]}],"is_beta":false,"boss_relics":[{"not_picked":["FrozenCore","Inserter"],"picked":"Velvet Choker"}],"items_purged_floors":[13,20],"is_endless":false,"potions_floor_spawned":[1,3,5,10,16,18,22,27],"killed_by":"Shelled Parasite and Fungi","ascension_level":20}