{"gold_per_floor":[118,118,136,136,211,211,230,230,230,243,259,209,236,259,259,383,383,397,415,415,52,52,52,85,97,133,244,531,543,576,612,624,756,768,801,1812,1849,1861,1873],"floor_reached":39,"playtime":910,"items_purged":["Strike_B"],"score":464,"play_id":"fbd397bf-9bef-491d-806c-90a4b9eb8e4c","local_time":"20190808004615","is_ascension_mode":false,"campfire_choices":[{"data":"Zap","floor":6.0,"key":"SMITH"},{"data":"Dualcast","floor":8.0,"key":"SMITH"},{"data":"Hologram","floor":15.0,"key":"SMITH"},{"data":"Rip and Tear","floor":23.0,"key":"SMITH"},{"data":"Streamline","floor":25.0,"key":"SMITH"},{"data":"Double Energy","floor":29.0,"key":"SMITH"},{"floor":32,"key":"REST"}],"neow_cost":"NONE","seed_source_timestamp":6726745872788,"circlet_count":0,"master_deck":["Strike_B","Strike_B","Defend_B","Defend_B","Defend_B","Defend_B","Zap+1","Dualcast+1","Echo Form","Rip and Tear+1","Conserve Battery","Hologram+1","Hyperbeam+1","Conserve Battery","Double Energy+1","Core Surge","Streamline+1","Hyperbeam+1","Echo Form","Regret","Sweeping Beam+1","Echo Form","Creative AI","Hologram","Normality","Normality","Turbo+1","Deep Breath","The Bomb","Enlightenment"],"special_seed":0,"relics":["Cracked Core","Anchor","Golden Idol","Art of War","Regal Pillow","Nuclear Battery","Whetstone","MawBank","Boot","Philosopher\u0027s Stone"],"potions_floor_usage":[31,33],"damage_taken":[{"damage":1.0,"enemies":"Cultist","floor":1.0,"turns":4.0},{"damage":0.0,"enemies":"Small Slimes","floor":3.0,"turns":4.0},{"damage":0.0,"enemies":"2 Louse","floor":7.0,"turns":1.0},{"damage":1.0,"enemies":"Exordium Wildlife","floor":10.0,"turns":3.0},{"damage":0.0,"enemies":"Large Slime","floor":11.0,"turns":2.0},{"damage":2.0,"enemies":"Blue Slaver","floor":14.0,"turns":2.0},{"damage":17.0,"enemies":"Hexaghost","floor":16.0,"turns":9.0},{"damage":20.0,"enemies":"Spheric Guardian","floor":18.0,"turns":5.0},{"damage":7.0,"enemies":"Shell Parasite","floor":19.0,"turns":6.0},{"damage":0.0,"enemies":"Slavers","floor":24.0,"turns":1.0},{"damage":15.0,"enemies":"3 Cultists","floor":30.0,"turns":3.0},{"damage":2,"enemies":"Snake Plant","floor":31,"turns":3},{"damage":30,"enemies":"Champ","floor":33,"turns":7},{"damage":0,"enemies":"3 Shapes","floor":35,"turns":1},{"damage":0,"enemies":"3 Darklings","floor":37,"turns":1},{"damage":75,"enemies":"Transient","floor":39,"turns":4}],"seed_played":"6295830163995145828","potions_obtained":[{"floor":3.0,"key":"Block Potion"},{"floor":7.0,"key":"Poison Potion"},{"floor":11.0,"key":"SteroidPotion"},{"floor":14.0,"key":"PowerPotion"},{"floor":18.0,"key":"AttackPotion"},{"floor":24.0,"key":"GamblersBrew"},{"floor":37,"key":"Strength Potion"}],"is_trial":false,"path_per_floor":["M","?","M","?","?","R","M","R","T","M","M","?","T","M","R","B",null,"M","M","?","$","?","R","E","R","T","?","?","R","M","M","R","B",null,"M","?","M","?","M"],"character_chosen":"DEFECT","items_purchased":["Hyperbeam","Whetstone"],"campfire_rested":1,"item_purchase_floors":[21,21],"current_hp_per_floor":[74,62,62,62,51,51,51,51,51,50,50,50,50,48,48,31,69,49,42,42,42,42,42,42,42,42,42,42,42,27,25,60,30,69,69,69,69,59,0],"gold":1873,"neow_bonus":"ONE_RANDOM_RARE_CARD","is_prod":false,"is_daily":false,"chose_seed":false,"campfire_upgraded":6,"win_rate":0,"timestamp":1565246775,"path_taken":["M","?","M","?","?","R","M","R","T","M","?","?","?","M","R","BOSS","M","M","?","$","?","R","E","R","T","?","?","R","?","M","R","BOSS","M","?","M","?","M"],"build_version":"2019-07-17","purchased_purges":1,"victory":false,"max_hp_per_floor":[75,75,75,69,69,69,69,69,69,69,69,69,69,69,69,69,69,69,69,69,69,69,69,69,69,69,69,69,69,69,69,69,69,69,69,69,69,69,69],"card_choices":[{"not_picked":["Redo","Beam Cell"],"picked":"Rip and Tear","floor":1.0},{"not_picked":["Cold Snap","Blizzard"],"picked":"Conserve Battery","floor":3.0},{"not_picked":["Static Discharge","Steam"],"picked":"Hologram","floor":7.0},{"not_picked":["Hello World","Barrage"],"picked":"Hyperbeam","floor":10.0},{"not_picked":["Capacitor","Cold Snap"],"picked":"Conserve Battery","floor":11.0},{"not_picked":["Skim","Stack","Double Energy"],"picked":"SKIP","floor":14.0},{"not_picked":["Skim","Stack"],"picked":"Double Energy","floor":14.0},{"not_picked":["All For One","Fission"],"picked":"Core Surge","floor":16.0},{"not_picked":["Turbo+1","Stack","Redo"],"picked":"SKIP","floor":18.0},{"not_picked":["Leap","Gash"],"picked":"Streamline","floor":19.0},{"not_picked":["Sweeping Beam","Storm"],"picked":"Echo Form","floor":24.0},{"not_picked":["BootSequence","Streamline+1"],"picked":"Sweeping Beam+1","floor":30.0},{"not_picked":["Leap","Sweeping Beam+1"],"picked":"Echo Form","floor":31},{"not_picked":["Buffer","Electrodynamics"],"picked":"Creative AI","floor":33},{"not_picked":["Lockon","Cold Snap"],"picked":"Hologram","floor":35},{"not_picked":["Barrage","Streamline+1"],"picked":"Turbo+1","floor":37},{"not_picked":["Mind Blast","Swift Strike"],"picked":"Deep Breath","floor":38},{"not_picked":["Blind","Jack Of All Trades"],"picked":"The Bomb","floor":38},{"not_picked":["Secret Technique","Panache"],"picked":"Enlightenment","floor":38}],"player_experience":1654700,"relics_obtained":[{"floor":9.0,"key":"Art of War"},{"floor":13.0,"key":"Regal Pillow"},{"floor":24.0,"key":"MawBank"},{"floor":26.0,"key":"Boot"}],"event_choices":[{"damage_healed":0.0,"max_hp_gain":0.0,"max_hp_loss":0.0,"gold_gain":0.0,"event_name":"Scrap Ooze","player_choice":"Success","floor":2.0,"gold_loss":0.0,"damage_taken":12.0,"relics_obtained":["Anchor"]},{"damage_healed":0.0,"max_hp_gain":0.0,"max_hp_loss":6.0,"gold_gain":0.0,"event_name":"Golden Idol","player_choice":"Lose Max HP","floor":4.0,"gold_loss":0.0,"damage_taken":0.0,"relics_obtained":["Golden Idol"]},{"damage_healed":0.0,"max_hp_gain":0.0,"max_hp_loss":0.0,"gold_gain":75.0,"event_name":"World of Goop","player_choice":"Gather Gold","floor":5.0,"gold_loss":0.0,"damage_taken":11.0},{"cards_removed":["Strike_B"],"damage_healed":0.0,"max_hp_gain":0.0,"max_hp_loss":0.0,"gold_gain":0.0,"event_name":"The Cleric","player_choice":"Card Removal","floor":12.0,"gold_loss":50.0,"damage_taken":0.0},{"damage_healed":0.0,"max_hp_gain":0.0,"max_hp_loss":0.0,"gold_gain":0.0,"event_name":"Ghosts","player_choice":"Ignored","floor":20.0,"gold_loss":0.0,"damage_taken":0.0},{"damage_healed":0.0,"max_hp_gain":0.0,"max_hp_loss":0.0,"gold_gain":0.0,"event_name":"Vampires","player_choice":"Ignored","floor":22.0,"gold_loss":0.0,"damage_taken":0.0},{"damage_healed":0.0,"max_hp_gain":0.0,"max_hp_loss":0.0,"gold_gain":99.0,"event_name":"Nest","player_choice":"Stole From Cult","floor":27.0,"gold_loss":0.0,"damage_taken":0.0},{"damage_healed":0.0,"max_hp_gain":0.0,"max_hp_loss":0.0,"gold_gain":275.0,"event_name":"Golden Shrine","player_choice":"Desecrate","floor":28.0,"gold_loss":0.0,"damage_taken":0.0,"cards_obtained":["Regret"]},{"damage_healed":0,"gold_gain":999,"player_choice":"Gold","damage_taken":0,"max_hp_gain":0,"max_hp_loss":0,"event_name":"MindBloom","floor":36,"gold_loss":0,"cards_obtained":["Normality","Normality"]},{"damage_healed":0,"gold_gain":0,"player_choice":"Memory 3","damage_taken":10,"max_hp_gain":0,"max_hp_loss":0,"event_name":"SensoryStone","floor":38,"gold_loss":0}],"is_beta":false,"boss_relics":[{"not_picked":["Fusion Hammer","Calling Bell"],"picked":"Nuclear Battery"},{"not_picked":["Orrery","Empty Cage"],"picked":"Philosopher\u0027s Stone"}],"items_purged_floors":[21],"is_endless":false,"potions_floor_spawned":[3,7,11,14,18,24,30,37],"killed_by":"Transient","ascension_level":0}