{"gold_per_floor":[112,112,112,212,226,226,254,44,123,123,136,136,91,101,101,204,204,224,241,241,255,268,268,301,43,43,69,83,83],"floor_reached":29,"playtime":2247,"items_purged":["Strike_G"],"score":276,"play_id":"3c557b10-fea0-47e4-982e-bb5779ef25ae","local_time":"20190825005653","is_ascension_mode":true,"campfire_choices":[{"floor":6,"key":"REST"},{"floor":10,"key":"REST"},{"data":"Doppelganger","floor":12,"key":"SMITH"},{"data":"Leg Sweep","floor":15,"key":"SMITH"},{"floor":23,"key":"REST"}],"neow_cost":"NONE","seed_source_timestamp":705008491219200,"circlet_count":0,"master_deck":["Strike_G","Strike_G","Strike_G+1","Defend_G","Defend_G","Defend_G","Defend_G","Defend_G","Survivor","Neutralize+1","Leg Sweep+1","Poisoned Stab","Dash","Infinite Blades","Doppelganger+1","Acrobatics","Outmaneuver","Corpse Explosion","Dash","Poisoned Stab+1","Blur","Outmaneuver","Catalyst","Acrobatics","Flechettes"],"relics":["Ring of the Snake","Happy Flower","Kunai","Letter Opener","Black Star","Sundial","Gambling Chip","Shuriken","Pantograph","Paper Crane","Smiling Mask"],"potions_floor_usage":[7,11,16,21,24,27,29],"damage_taken":[{"damage":2,"enemies":"2 Louse","floor":1,"turns":6},{"damage":2,"enemies":"Jaw Worm","floor":5,"turns":6},{"damage":22,"enemies":"Gremlin Nob","floor":7,"turns":6},{"damage":0,"enemies":"Small Slimes","floor":11,"turns":4},{"damage":3,"enemies":"Gremlin Gang","floor":14,"turns":6},{"damage":5,"enemies":"Slime Boss","floor":16,"turns":16},{"damage":1,"enemies":"Spheric Guardian","floor":18,"turns":6},{"damage":7,"enemies":"Chosen","floor":19,"turns":6},{"damage":11,"enemies":"Snake Plant","floor":21,"turns":5},{"damage":8,"enemies":"Centurion and Healer","floor":22,"turns":7},{"damage":19,"enemies":"Book of Stabbing","floor":24,"turns":7},{"damage":14,"enemies":"Slavers","floor":27,"turns":5},{"damage":13,"enemies":"Shelled Parasite and Fungi","floor":28,"turns":9},{"damage":24,"enemies":"Book of Stabbing","floor":29,"turns":7}],"seed_played":"-770664557070218071","potions_obtained":[{"floor":5,"key":"Block Potion"},{"floor":7,"key":"Explosive Potion"},{"floor":14,"key":"SkillPotion"},{"floor":19,"key":"Strength Potion"},{"floor":20,"key":"GhostInAJar"},{"floor":20,"key":"Weak Potion"},{"floor":21,"key":"GhostInAJar"}],"is_trial":false,"path_per_floor":["M","?","?","?","M","R","E","$","T","R","M","R","$","M","R","B",null,"M","M","?","M","M","R","E","$","T","E","M","E"],"character_chosen":"THE_SILENT","items_purchased":["Infinite Blades","Fruit Juice","Acrobatics","Shuriken"],"campfire_rested":3,"item_purchase_floors":[8,8,13,25],"current_hp_per_floor":[68,61,47,47,45,66,44,44,44,65,70,70,70,67,67,62,75,74,67,67,56,48,70,51,51,51,37,24,0],"gold":83,"neow_bonus":"RANDOM_COMMON_RELIC","is_prod":false,"is_daily":false,"chose_seed":false,"campfire_upgraded":2,"win_rate":0,"timestamp":1566687413,"path_taken":["M","?","?","?","?","R","E","$","T","R","M","R","?","M","R","BOSS","M","M","?","M","M","R","E","$","T","E","M","E"],"build_version":"2019-07-17","purchased_purges":1,"victory":false,"max_hp_per_floor":[70,70,70,70,70,70,70,70,70,70,75,75,75,75,75,75,75,75,75,75,75,75,75,75,75,75,75,75,75],"card_choices":[{"not_picked":["Acrobatics","Sucker Punch"],"picked":"Leg Sweep","floor":1},{"not_picked":["Well Laid Plans","Prepared"],"picked":"Poisoned Stab","floor":5},{"not_picked":["Outmaneuver","Blade Dance"],"picked":"Dash","floor":7},{"not_picked":["Outmaneuver","Blade Dance"],"picked":"Doppelganger","floor":11},{"not_picked":["Well Laid Plans","Deflect"],"picked":"Outmaneuver","floor":14},{"not_picked":["Malaise","Bullet Time"],"picked":"Corpse Explosion","floor":16},{"not_picked":["Endless Agony","Distraction+1"],"picked":"Dash","floor":18},{"not_picked":["Slice+1","Heel Hook"],"picked":"Poisoned Stab+1","floor":19},{"not_picked":["Slice","Quick Slash"],"picked":"Blur","floor":21},{"not_picked":["PiercingWail","Distraction+1"],"picked":"Outmaneuver","floor":22},{"not_picked":["Backstab","Envenom"],"picked":"Catalyst","floor":24},{"not_picked":["Heel Hook","Doppelganger"],"picked":"Acrobatics","floor":27},{"not_picked":["Prepared+1","Deflect"],"picked":"Flechettes","floor":28}],"player_experience":53987,"relics_obtained":[{"floor":7,"key":"Kunai"},{"floor":9,"key":"Letter Opener"},{"floor":24,"key":"Sundial"},{"floor":24,"key":"Gambling Chip"},{"floor":26,"key":"Pantograph"},{"floor":27,"key":"Paper Crane"},{"floor":27,"key":"Smiling Mask"}],"event_choices":[{"cards_removed":["Strike_G"],"damage_healed":0,"gold_gain":0,"player_choice":"Card Removal","damage_taken":7,"max_hp_gain":0,"max_hp_loss":0,"event_name":"Golden Wing","floor":2,"gold_loss":0},{"damage_healed":0,"gold_gain":0,"player_choice":"Entered Light","damage_taken":14,"max_hp_gain":0,"max_hp_loss":0,"event_name":"Shining Light","floor":3,"gold_loss":0,"cards_upgraded":["Neutralize","Strike_G"]},{"damage_healed":0,"gold_gain":100,"player_choice":"Pray","damage_taken":0,"max_hp_gain":0,"max_hp_loss":0,"event_name":"Golden Shrine","floor":4,"gold_loss":0},{"damage_healed":0,"gold_gain":0,"player_choice":"Got Potions","damage_taken":0,"max_hp_gain":0,"max_hp_loss":0,"event_name":"Lab","floor":20,"gold_loss":0}],"is_beta":false,"boss_relics":[{"not_picked":["Astrolabe","WristBlade"],"picked":"Black Star"}],"items_purged_floors":[8],"is_endless":false,"potions_floor_spawned":[5,7,14,19,21],"killed_by":"Book of Stabbing","ascension_level":1}