{"gold_per_floor":[114,129,144,159,174,204,204,204,229,289,289,304,254,284,284,384,384,399,34,34,0,15,45,45,60,135,150,165,180,180,195,195,295,295,310,310,7,22,37,67,67,92,142,157,172,25,25,25,25,45],"floor_reached":51,"playtime":3238,"items_purged":["Writhe"],"score":921,"play_id":"118b1ae5-d824-4e35-b395-5f087cfb66a5","local_time":"20181113021436","daily_mods":["Cursed Run","Time Dilation","Binary"],"is_ascension_mode":false,"campfire_choices":[{"data":"Zap","floor":8,"key":"SMITH"},{"data":"Fission","floor":11,"key":"SMITH"},{"floor":15,"key":"REST"},{"floor":24,"key":"REST"},{"floor":30,"key":"REST"},{"data":"Rainbow","floor":32,"key":"SMITH"},{"floor":49,"key":"REST"}],"neow_cost":"","seed_source_timestamp":191628699661300,"circlet_count":0,"master_deck":["Zap+1","Dualcast","Conserve Battery","Rip and Tear","Streamline","Steam","Hologram","Fission+1","Regret","Pain","Hologram","Double Energy","Sweeping Beam","Parasite","Machine Learning","Beam Cell+1","Master of Strategy","Pain","Lockon","Consume+1","Rainbow+1","Sweeping Beam","Parasite","Storm+1","Hello World","Recycle+1","Stack","Pain","Buffer","Steam","Compile Driver","Loop","Undo","Cold Snap+1","Doom and Gloom","Go for the Eyes","Leap","Magnetism","PanicButton","Stack","Turbo+1","Double Energy+1","Sunder+1","Writhe","Normality","Injury","FTL+1","White Noise","Buffer","Shame","Doubt"],"special_seed":17847,"relics":["Cursed Key","Darkstone Periapt","Du-Vu Doll","Torii","Art of War","Happy Flower","Tiny Chest","Question Card","Lizard Tail","Sling","WarpedTongs","Regal Pillow","Matryoshka","Pandora\u0027s Box","MawBank","Pear","Molten Egg 2","Boot","Whetstone","Bag of Marbles","Symbiotic Virus"],"potions_floor_usage":[5,6,14,16,23,27,29,40,50,50],"damage_taken":[{"damage":0,"enemies":"Cultist","floor":1,"turns":4},{"damage":0,"enemies":"2 Louse","floor":2,"turns":3},{"damage":2,"enemies":"Small Slimes","floor":3,"turns":4},{"damage":3,"enemies":"Exordium Thugs","floor":4,"turns":4},{"damage":4,"enemies":"Gremlin Gang","floor":5,"turns":3},{"damage":14,"enemies":"Lagavulin","floor":6,"turns":6},{"damage":8,"enemies":"3 Sentries","floor":10,"turns":7},{"damage":5,"enemies":"Lots of Slimes","floor":12,"turns":4},{"damage":3,"enemies":"Gremlin Nob","floor":14,"turns":3},{"damage":28,"enemies":"Slime Boss","floor":16,"turns":10},{"damage":31,"enemies":"3 Byrds","floor":18,"turns":5},{"damage":11,"enemies":"Chosen","floor":22,"turns":3},{"damage":30,"enemies":"Gremlin Leader","floor":23,"turns":4},{"damage":12,"enemies":"3 Cultists","floor":25,"turns":4},{"damage":4,"enemies":"Snake Plant","floor":27,"turns":2},{"damage":10,"enemies":"Centurion and Healer","floor":28,"turns":3},{"damage":18,"enemies":"Shelled Parasite and Fungi","floor":29,"turns":4},{"damage":7,"enemies":"Chosen and Byrds","floor":31,"turns":3},{"damage":100,"enemies":"Automaton","floor":33,"turns":9},{"damage":10,"enemies":"3 Shapes","floor":35,"turns":4},{"damage":17,"enemies":"3 Darklings","floor":38,"turns":5},{"damage":3,"enemies":"Spire Growth","floor":39,"turns":3},{"damage":31,"enemies":"Reptomancer","floor":40,"turns":4},{"damage":16,"enemies":"Jaw Worm Horde","floor":44,"turns":2},{"damage":26,"enemies":"Writhing Mass","floor":45,"turns":4},{"damage":111,"enemies":"Awakened One","floor":50,"turns":9}],"seed_played":"7220959267386294394","potions_obtained":[{"floor":2,"key":"EssenceOfSteel"},{"floor":4,"key":"Explosive Potion"},{"floor":12,"key":"AttackPotion"},{"floor":14,"key":"Block Potion"},{"floor":18,"key":"Dexterity Potion"},{"floor":25,"key":"SteroidPotion"},{"floor":28,"key":"Poison Potion"},{"floor":33,"key":"Fire Potion"},{"floor":35,"key":"Dexterity Potion"},{"floor":44,"key":"Fire Potion"}],"is_trial":false,"path_per_floor":["M","M","M","M","M","E","?","R","T","E","R","M","?","E","R","B",null,"M","$","?","$","M","E","R","M","T","M","M","M","R","M","R","B",null,"M","T","$","M","M","E","?","T","T","M","M","$","T","$","R","B",null],"character_chosen":"DEFECT","items_purchased":["Sling","Master of Strategy","Lockon","Magnetism","PanicButton","Stack","Buffer"],"campfire_rested":4,"item_purchase_floors":[19,19,21,37,37,37,46],"current_hp_per_floor":[75,75,73,70,66,52,58,58,64,56,56,51,51,48,74,52,93,62,62,68,68,57,27,71,59,65,61,51,33,79,72,72,30,111,101,117,117,100,97,66,104,110,116,100,74,74,80,80,140,35],"gold":45,"neow_bonus":"","is_prod":false,"is_daily":true,"chose_seed":false,"campfire_upgraded":3,"win_rate":0,"timestamp":1542042876,"path_taken":["M","?","M","M","M","E","?","R","T","E","R","M","?","E","R","BOSS","M","$","?","?","M","E","R","?","T","?","M","M","R","M","R","BOSS","M","?","$","M","M","E","?","?","T","?","M","?","?","$","R","BOSS"],"build_version":"2018-11-08","purchased_purges":1,"victory":true,"max_hp_per_floor":[75,75,75,75,75,75,81,81,87,87,87,87,87,87,87,93,93,93,93,99,99,99,99,99,99,105,105,105,105,105,105,105,111,111,111,127,127,127,127,127,133,139,145,145,145,145,151,151,151,157],"card_choices":[{"not_picked":["Turbo"],"picked":"Conserve Battery","floor":1},{"not_picked":["Go for the Eyes"],"picked":"Rip and Tear","floor":2},{"not_picked":["Rebound"],"picked":"Streamline","floor":3},{"not_picked":["Rebound"],"picked":"Steam","floor":4},{"not_picked":["Undo"],"picked":"Hologram","floor":5},{"not_picked":["Turbo"],"picked":"Fission","floor":6},{"not_picked":["Loop"],"picked":"Hologram","floor":10},{"not_picked":["Sweeping Beam"],"picked":"Double Energy","floor":12},{"not_picked":["Redo"],"picked":"Sweeping Beam","floor":14},{"not_picked":["Fission","Electrodynamics"],"picked":"Machine Learning","floor":16},{"not_picked":["Genetic Algorithm","Force Field+1"],"picked":"Beam Cell","floor":18},{"not_picked":["Streamline","Cold Snap"],"picked":"Consume+1","floor":22},{"not_picked":["Darkness","Echo Form"],"picked":"Rainbow","floor":23},{"not_picked":["Reprogram","Beam Cell+1"],"picked":"Sweeping Beam","floor":25},{"not_picked":["Sweeping Beam","Beam Cell"],"picked":"Storm+1","floor":27},{"not_picked":["Tempest","Sweeping Beam"],"picked":"Hello World","floor":28},{"not_picked":["Turbo","Sweeping Beam+1"],"picked":"Recycle+1","floor":29},{"not_picked":["Sweeping Beam","Coolheaded"],"picked":"Stack","floor":31},{"not_picked":["Echo Form","Multi-Cast"],"picked":"Buffer","floor":33},{"not_picked":["Gash","Tempest"],"picked":"Leap","floor":35},{"not_picked":["Steam+1","Leap"],"picked":"Turbo+1","floor":38},{"not_picked":["Redo+1","Compile Driver"],"picked":"Double Energy+1","floor":39},{"not_picked":["Consume","Barrage+1"],"picked":"Sunder+1","floor":40},{"not_picked":["Compile Driver+1","Capacitor"],"picked":"FTL+1","floor":44},{"not_picked":["Genetic Algorithm","Streamline+1"],"picked":"White Noise","floor":45}],"player_experience":429883,"relics_obtained":[{"floor":6,"key":"Torii"},{"floor":9,"key":"Happy Flower"},{"floor":10,"key":"Tiny Chest"},{"floor":14,"key":"Question Card"},{"floor":23,"key":"Regal Pillow"},{"floor":26,"key":"Matryoshka"},{"floor":36,"key":"MawBank"},{"floor":36,"key":"Pear"},{"floor":40,"key":"Molten Egg 2"},{"floor":42,"key":"Boot"},{"floor":42,"key":"Whetstone"},{"floor":43,"key":"Bag of Marbles"},{"floor":47,"key":"Symbiotic Virus"}],"event_choices":[{"damage_healed":0,"gold_gain":0,"player_choice":"Box","damage_taken":0,"relics_obtained":["Art of War"],"max_hp_gain":0,"max_hp_loss":0,"event_name":"Big Fish","floor":7,"gold_loss":0,"cards_obtained":["Regret"]},{"cards_removed":["Strike_B"],"damage_healed":0,"gold_gain":0,"player_choice":"Card Removal","damage_taken":0,"max_hp_gain":0,"max_hp_loss":0,"event_name":"The Cleric","floor":13,"gold_loss":50},{"damage_healed":0,"gold_gain":0,"player_choice":"Rummage","damage_taken":0,"relics_obtained":["WarpedTongs"],"max_hp_gain":0,"max_hp_loss":0,"event_name":"Accursed Blacksmith","floor":20,"gold_loss":0,"cards_obtained":["Pain"]},{"damage_healed":32,"gold_gain":0,"player_choice":"Writhe","damage_taken":0,"max_hp_gain":0,"max_hp_loss":0,"event_name":"Winding Halls","floor":41,"gold_loss":0,"cards_obtained":["Writhe"]}],"is_beta":false,"boss_relics":[{"not_picked":["Astrolabe","Velvet Choker"],"picked":"Lizard Tail"},{"not_picked":["Busted Crown","Runic Dome"],"picked":"Pandora\u0027s Box"}],"items_purged_floors":[46],"is_endless":false,"potions_floor_spawned":[2,4,12,14,18,25,28,33,35,44],"ascension_level":0}