{"gold_per_floor":[119,135,149,160,179,209,66,66,92,8,27,47,77,89,89,192,192,207,207,11,25,25,54,54,74,74,99,99,114,146,4,4,109,109,122,149,163,66,84,84,110,110,110,1,1,21,53,35,35,35],"floor_reached":51,"playtime":3960,"items_purged":["Strike_B","Defend_B","Strike_B"],"score":1047,"play_id":"a9fecaa8-9a1a-431a-b318-46e412194c4e","local_time":"20190723181310","is_ascension_mode":true,"campfire_choices":[{"data":"Zap","floor":8,"key":"SMITH"},{"data":"Defragment","floor":15,"key":"SMITH"},{"data":"Glacier","floor":24,"key":"SMITH"},{"floor":28,"key":"REST"},{"floor":32,"key":"REST"},{"data":"Dualcast","floor":40,"key":"SMITH"},{"data":"Skim","floor":42,"key":"SMITH"},{"data":"Consume","floor":45,"key":"SMITH"},{"data":"Go for the Eyes","floor":49,"key":"SMITH"}],"neow_cost":"NONE","seed_source_timestamp":360774047938800,"circlet_count":0,"master_deck":["Defend_B+1","Defend_B+1","Defend_B","Zap+1","Dualcast+1","Defragment+1","Consume+1","Glacier+1","Cold Snap","Double Energy","Rip and Tear","Bandage Up","Rebound","Sweeping Beam","Cold Snap","FTL","Echo Form","Coolheaded+1","Rip and Tear","Go for the Eyes+1","Cold Snap","Streamline+1","Redo+1","Auto Shields+1","Cold Snap","Reboot","Skim+1","BootSequence+1","Core Surge","Rebound+1","Glacier"],"relics":["Cracked Core","Orichalcum","Happy Flower","Bronze Scales","Juzu Bracelet","Sozu","Membership Card","Strawberry","Boot","Letter Opener","War Paint","DataDisk","Empty Cage","Centennial Puzzle","Turnip","Nunchaku","Bag of Preparation","Bottled Tornado"],"potions_floor_usage":[6,16,23],"damage_taken":[{"damage":0,"enemies":"Cultist","floor":1,"turns":3},{"damage":4,"enemies":"Small Slimes","floor":2,"turns":3},{"damage":3,"enemies":"2 Louse","floor":3,"turns":3},{"damage":8,"enemies":"Red Slaver","floor":4,"turns":7},{"damage":3,"enemies":"3 Louse","floor":5,"turns":4},{"damage":0,"enemies":"Gremlin Nob","floor":6,"turns":3},{"damage":5,"enemies":"Exordium Wildlife","floor":11,"turns":3},{"damage":7,"enemies":"Large Slime","floor":12,"turns":5},{"damage":15,"enemies":"3 Sentries","floor":13,"turns":9},{"damage":8,"enemies":"Red Slaver","floor":14,"turns":2},{"damage":3,"enemies":"The Guardian","floor":16,"turns":11},{"damage":0,"enemies":"Spheric Guardian","floor":18,"turns":4},{"damage":6,"enemies":"Chosen","floor":21,"turns":3},{"damage":20,"enemies":"Slavers","floor":23,"turns":7},{"damage":21,"enemies":"Shelled Parasite and Fungi","floor":25,"turns":5},{"damage":7,"enemies":"Book of Stabbing","floor":27,"turns":5},{"damage":12,"enemies":"3 Cultists","floor":29,"turns":4},{"damage":21,"enemies":"Slavers","floor":30,"turns":5},{"damage":30,"enemies":"Collector","floor":33,"turns":11},{"damage":0,"enemies":"3 Darklings","floor":35,"turns":6},{"damage":2,"enemies":"Orb Walker","floor":37,"turns":3},{"damage":0,"enemies":"Maw","floor":39,"turns":9},{"damage":0,"enemies":"Nemesis","floor":41,"turns":7},{"damage":17,"enemies":"Spire Growth","floor":46,"turns":4},{"damage":0,"enemies":"Reptomancer","floor":47,"turns":8},{"damage":45,"enemies":"Time Eater","floor":50,"turns":16}],"seed_played":"-4038194817042595402","potions_obtained":[{"floor":3,"key":"FocusPotion"},{"floor":4,"key":"PowerPotion"},{"floor":11,"key":"SneckoOil"},{"floor":16,"key":"FocusPotion"}],"is_trial":false,"path_per_floor":["M","M","M","M","M","E","$","R","T","$","M","M","E","M","R","B",null,"M","?","$","M","?","E","R","M","T","E","R","M","E","$","R","B",null,"M","T","M","$","M","R","E","R","T","$","R","M","E","$","R","B",null],"character_chosen":"DEFECT","items_purchased":["Rip and Tear","Bandage Up","Membership Card","DataDisk","Cold Snap","Skim","Bag of Preparation","Core Surge","Glacier"],"campfire_rested":2,"item_purchase_floors":[7,10,20,31,31,38,44,44,48],"current_hp_per_floor":[75,71,68,60,57,57,57,57,57,57,56,53,42,38,38,39,75,75,61,61,63,63,54,54,37,37,34,60,52,39,39,65,39,87,87,87,85,85,87,87,87,87,87,87,87,70,74,74,74,33],"gold":35,"neow_bonus":"RANDOM_COMMON_RELIC","is_prod":false,"is_daily":false,"chose_seed":false,"campfire_upgraded":7,"win_rate":0,"timestamp":1563873190,"path_taken":["M","M","M","M","M","E","?","R","T","$","M","M","E","M","R","BOSS","M","?","$","M","?","E","R","M","T","E","R","M","E","$","R","BOSS","M","?","M","$","M","R","E","R","T","$","R","M","E","$","R","BOSS"],"build_version":"2019-07-17","purchased_purges":3,"victory":true,"max_hp_per_floor":[75,75,75,75,75,75,75,75,75,75,75,75,75,75,75,75,75,75,80,80,80,80,87,87,87,87,87,87,87,87,87,87,87,87,87,87,87,87,87,87,87,87,87,87,87,87,87,87,87,87],"card_choices":[{"not_picked":["Redo","Barrage"],"picked":"Defragment","floor":1},{"not_picked":["Redo","Reprogram"],"picked":"Consume","floor":2},{"not_picked":["Cold Snap","Consume"],"picked":"Glacier","floor":3},{"not_picked":["Turbo","Hologram"],"picked":"Cold Snap","floor":4},{"not_picked":["Redo","Fusion","Beam Cell"],"picked":"SKIP","floor":5},{"not_picked":["Gash","Darkness"],"picked":"Double Energy","floor":6},{"not_picked":["Reprogram","Redo"],"picked":"Rebound","floor":11},{"not_picked":["Amplify","Redo"],"picked":"Sweeping Beam","floor":12},{"not_picked":["Tempest","Rebound"],"picked":"Cold Snap","floor":13},{"not_picked":["Heatsinks","Turbo"],"picked":"FTL","floor":14},{"not_picked":["Electrodynamics","Meteor Strike"],"picked":"Echo Form","floor":16},{"not_picked":["Turbo","Barrage+1"],"picked":"Coolheaded+1","floor":18},{"not_picked":["Rebound","Leap"],"picked":"Rip and Tear","floor":21},{"not_picked":["Echo Form","Ball Lightning"],"picked":"Go for the Eyes","floor":23},{"not_picked":["Stack+1","Barrage"],"picked":"Cold Snap","floor":25},{"not_picked":["Beam Cell","Hyperbeam"],"picked":"Streamline+1","floor":27},{"not_picked":["Hello World","Steam Power+1"],"picked":"Redo+1","floor":29},{"not_picked":["Blizzard","Chill"],"picked":"Auto Shields+1","floor":30},{"not_picked":["Fission","Biased Cognition"],"picked":"Reboot","floor":33},{"not_picked":["Redo","Stack+1","Leap"],"picked":"SKIP","floor":35},{"not_picked":["Reinforced Body+1","Compile Driver+1","Rebound"],"picked":"SKIP","floor":37},{"not_picked":["Redo","Aggregate","Fusion+1"],"picked":"SKIP","floor":39},{"not_picked":["Barrage+1","Redo+1"],"picked":"BootSequence+1","floor":41},{"not_picked":["Lockon","Double Energy","Heatsinks"],"picked":"SKIP","floor":46},{"not_picked":["Sweeping Beam+1","Multi-Cast"],"picked":"Rebound+1","floor":47}],"player_experience":430149,"relics_obtained":[{"floor":6,"key":"Happy Flower"},{"floor":9,"key":"Bronze Scales"},{"floor":13,"key":"Juzu Bracelet"},{"floor":23,"key":"Strawberry"},{"floor":26,"key":"Boot"},{"floor":27,"key":"Letter Opener"},{"floor":30,"key":"War Paint"},{"floor":36,"key":"Centennial Puzzle"},{"floor":41,"key":"Turnip"},{"floor":43,"key":"Nunchaku"},{"floor":47,"key":"Bottled Tornado"}],"event_choices":[{"damage_healed":0,"gold_gain":0,"player_choice":"Shed Blood","damage_taken":19,"max_hp_gain":5,"max_hp_loss":0,"event_name":"Forgotten Altar","floor":19,"gold_loss":0},{"damage_healed":0,"gold_gain":0,"player_choice":"0 cards matched","damage_taken":0,"max_hp_gain":0,"max_hp_loss":0,"event_name":"Match and Keep!","floor":22,"gold_loss":0,"cards_obtained":[]}],"is_beta":false,"boss_relics":[{"not_picked":["Nuclear Battery","Tiny House"],"picked":"Sozu"},{"not_picked":["FrozenCore","Lizard Tail"],"picked":"Empty Cage"}],"items_purged_floors":[7,31,38],"is_endless":false,"potions_floor_spawned":[3,4,11,16,21,23,30,33,37,46,47],"ascension_level":4}