{"gold_per_floor":[114,114,189,208,226,226,257,257,257,257,272,287,287,21,21,21],"floor_reached":16,"playtime":683,"items_purged":[],"score":100,"play_id":"2d9dc1c4-588d-4ec9-ab8d-b339998711d2","local_time":"20181118201448","is_ascension_mode":false,"campfire_choices":[{"data":"Reboot","floor":6,"key":"SMITH"},{"floor":8,"key":"REST"},{"floor":10,"key":"REST"},{"floor":13,"key":"REST"},{"data":"Double Energy","floor":15,"key":"SMITH"}],"neow_cost":"NONE","seed_source_timestamp":277478190490700,"circlet_count":0,"master_deck":["Strike_B","Strike_B","Strike_B","Strike_B","Defend_B","Defend_B","Defend_B","Defend_B","Zap","Dualcast","Steam Power","Double Energy+1","Sweeping Beam","Rebound","Reboot+1","Recycle","Fusion","Melter","Reinforced Body","Hologram","Scrape"],"relics":["Orrery","Calipers","Matryoshka","DataDisk","Dodecahedron","Tiny Chest","PreservedInsect"],"potions_floor_usage":[7,16],"damage_taken":[{"damage":1,"enemies":"Cultist","floor":1,"turns":3},{"damage":2,"enemies":"2 Louse","floor":4,"turns":3},{"damage":11,"enemies":"Jaw Worm","floor":5,"turns":3},{"damage":47,"enemies":"Gremlin Nob","floor":7,"turns":5},{"damage":11,"enemies":"Red Slaver","floor":11,"turns":3},{"damage":15,"enemies":"Looter","floor":12,"turns":3},{"damage":46,"enemies":"The Guardian","floor":16,"turns":6}],"seed_played":"4465538384950544830","potions_obtained":[{"floor":1,"key":"SkillPotion"},{"floor":11,"key":"EssenceOfSteel"}],"is_trial":false,"path_per_floor":["M","T","?","M","M","R","E","R","T","R","M","M","R","$","R","B"],"character_chosen":"DEFECT","items_purchased":["Tiny Chest","PreservedInsect"],"campfire_rested":3,"item_purchase_floors":[14,14],"current_hp_per_floor":[74,74,63,61,50,50,3,25,25,47,36,21,43,43,43,0],"gold":21,"neow_bonus":"BOSS_RELIC","is_prod":false,"is_daily":false,"chose_seed":false,"campfire_upgraded":2,"win_rate":0,"timestamp":1542539688,"path_taken":["M","?","?","M","M","R","E","R","T","R","M","M","R","$","R","BOSS"],"build_version":"2018-11-15","purchased_purges":0,"victory":false,"max_hp_per_floor":[75,75,75,75,75,75,75,75,75,75,75,75,75,75,75,75],"card_choices":[{"not_picked":["Compile Driver","Rebound"],"picked":"Steam Power","floor":0},{"not_picked":["Barrage","Recycle"],"picked":"Double Energy","floor":0},{"not_picked":["Gash","Chill"],"picked":"Sweeping Beam","floor":0},{"not_picked":["Sweeping Beam","Streamline"],"picked":"Rebound","floor":0},{"not_picked":["Hologram","Streamline"],"picked":"Reboot","floor":0},{"not_picked":["Scrape","Compile Driver"],"picked":"Recycle","floor":1},{"not_picked":["Steam","Gash"],"picked":"Fusion","floor":4},{"not_picked":["White Noise","Cold Snap"],"picked":"Melter","floor":5},{"not_picked":["Gash","Multi-Cast"],"picked":"Reinforced Body","floor":7},{"not_picked":["Go for the Eyes","Turbo"],"picked":"Hologram","floor":11},{"not_picked":["Sweeping Beam","Redo"],"picked":"Scrape","floor":12}],"player_experience":457233,"relics_obtained":[{"floor":2,"key":"Calipers"},{"floor":7,"key":"Matryoshka"},{"floor":9,"key":"DataDisk"},{"floor":9,"key":"Dodecahedron"}],"event_choices":[{"damage_healed":0,"gold_gain":75,"player_choice":"Gather Gold","damage_taken":11,"max_hp_gain":0,"max_hp_loss":0,"event_name":"World of Goop","floor":3,"gold_loss":0}],"is_beta":false,"boss_relics":[],"items_purged_floors":[],"is_endless":false,"potions_floor_spawned":[1,11],"killed_by":"The Guardian","ascension_level":0}