{"gold_per_floor":[113,129,143,32,32,32,46,60,60,70,22,22,55,55,55,158,158,174,174,4,14,32,32,45,45,70,82,94,131,143,165,177,289,301,325,337,395,418,444,487,499,527,562,600,43,43,8,8,8,8,8,8,8,42,42],"floor_reached":55,"playtime":3881,"items_purged":["Normality","Strike_R","Shame"],"score":779,"play_id":"6fee58f1-3fed-4cd5-ae2d-172ce35d1868","local_time":"20181119211445","is_ascension_mode":false,"campfire_choices":[{"data":"Mind Blast","floor":6.0,"key":"SMITH"},{"data":"Armaments","floor":15.0,"key":"SMITH"},{"floor":23.0,"key":"RECALL"},{"data":"Uppercut","floor":25.0,"key":"SMITH"},{"data":"Shrug It Off","floor":28.0,"key":"SMITH"},{"data":"Combust","floor":30.0,"key":"SMITH"},{"data":"Whirlwind","floor":32.0,"key":"SMITH"},{"floor":46.0,"key":"REST"},{"data":"Dark Embrace","floor":49.0,"key":"SMITH"},{"data":"Rupture","floor":52.0,"key":"SMITH"}],"neow_cost":"CURSE","seed_source_timestamp":67903904062999,"circlet_count":0,"master_deck":["Strike_R","Strike_R","Strike_R","Defend_R","Defend_R","Defend_R","Defend_R","Bash","Mind Blast+1","PanicButton","Spot Weakness","Cleave","Armaments+1","Disarm","Clothesline","Shrug It Off+1","Uppercut+1","Warcry+1","Reaper","Flex+1","Brutality","Combust+1","Clothesline","Exhume+1","Doubt","Shame","Dropkick","Whirlwind+1","Dark Embrace+1","Havoc+1","Madness+1","Madness+1","Parasite","Pummel+1","Corruption+1","Uppercut+1","Rupture+1","Pommel Strike+1","Flame Barrier+1","Heavy Blade+1"],"special_seed":0,"relics":["Black Blood","Potion Belt","Toxic Egg 2","Mercury Hourglass","Cursed Key","Letter Opener","MawBank","Mango","Bottled Tornado","Smiling Mask","Mummified Hand","Bag of Preparation","Bronze Scales","Juzu Bracelet","Strange Spoon","Strawberry"],"potions_floor_usage":[55,55],"damage_taken":[{"damage":6.0,"enemies":"Jaw Worm","floor":1.0,"turns":5.0},{"damage":1.0,"enemies":"Cultist","floor":2.0,"turns":3.0},{"damage":2.0,"enemies":"Small Slimes","floor":3.0,"turns":4.0},{"damage":13.0,"enemies":"Looter","floor":7.0,"turns":4.0},{"damage":2.0,"enemies":"Exordium Wildlife","floor":8.0,"turns":3.0},{"damage":13.0,"enemies":"Red Slaver","floor":10.0,"turns":5.0},{"damage":10.0,"enemies":"Gremlin Nob","floor":13.0,"turns":3.0},{"damage":20.0,"enemies":"The Guardian","floor":16.0,"turns":13.0},{"damage":0.0,"enemies":"3 Byrds","floor":18.0,"turns":5.0},{"damage":4.0,"enemies":"Spheric Guardian","floor":21.0,"turns":3.0},{"damage":15.0,"enemies":"Centurion and Healer","floor":22.0,"turns":6.0},{"damage":21.0,"enemies":"Sentry and Sphere","floor":24.0,"turns":4.0},{"damage":29.0,"enemies":"Slavers","floor":29.0,"turns":6.0},{"damage":8.0,"enemies":"Snake Plant","floor":31.0,"turns":4.0},{"damage":88.0,"enemies":"Champ","floor":33.0,"turns":12.0},{"damage":7.0,"enemies":"3 Darklings","floor":35.0,"turns":3.0},{"damage":15.0,"enemies":"Orb Walker","floor":38.0,"turns":3.0},{"damage":23.0,"enemies":"3 Darklings","floor":39.0,"turns":4.0},{"damage":44.0,"enemies":"Reptomancer","floor":40.0,"turns":6.0},{"damage":0.0,"enemies":"Sphere and 2 Shapes","floor":41.0,"turns":1.0},{"damage":34.0,"enemies":"Writhing Mass","floor":42.0,"turns":6.0},{"damage":24.0,"enemies":"Giant Head","floor":44.0,"turns":6.0},{"damage":0.0,"enemies":"3 Darklings","floor":48.0,"turns":1.0},{"damage":80.0,"enemies":"Awakened One","floor":50.0,"turns":7.0},{"damage":95.0,"enemies":"Shield and Spear","floor":54.0,"turns":6.0},{"damage":46,"enemies":"The Heart","floor":55,"turns":2}],"seed_played":"-6305347781021243592","potions_obtained":[{"floor":2.0,"key":"Poison Potion"},{"floor":8.0,"key":"Ancient Potion"},{"floor":13.0,"key":"EntropicBrew"},{"floor":16.0,"key":"SkillPotion"},{"floor":22.0,"key":"Strength Potion"},{"floor":24.0,"key":"PowerPotion"},{"floor":29.0,"key":"Regen Potion"},{"floor":38.0,"key":"SmokeBomb"},{"floor":39.0,"key":"SmokeBomb"},{"floor":44.0,"key":"EssenceOfSteel"},{"floor":54.0,"key":"SkillPotion"}],"is_trial":false,"path_per_floor":["M","M","M","$","?","R","M","M","T","M","$","?","E","T","R","B",null,"M","?","$","M","M","R","M","R","T","?","R","E","R","M","R","B",null,"M","?","T","M","M","E","M","M","T","E","$","R","$","M","R","B",null,"R","$","E","B"],"character_chosen":"IRONCLAD","items_purchased":["Disarm","Poison Potion","Brutality","Dexterity Potion","Poison Potion","EssenceOfSteel","Juzu Bracelet","Strange Spoon","Flame Barrier+1"],"campfire_rested":1,"item_purchase_floors":[4,11,20,45,45,45,45,45,47],"current_hp_per_floor":[80,80,80,80,80,80,73,77,77,70,70,63,59,59,59,45,80,80,80,80,80,73,73,58,58,58,72,72,78,78,76,76,15,94,94,82,82,77,76,50,60,36,36,28,28,56,56,66,66,48,94,94,94,21,0],"gold":42,"neow_bonus":"RANDOM_COLORLESS_2","is_prod":false,"is_daily":false,"chose_seed":false,"campfire_upgraded":8,"win_rate":0,"timestamp":1542629685,"path_taken":["M","M","M","$","?","R","?","M","T","M","$","?","E","?","R","BOSS","M","?","$","M","M","R","M","R","T","?","R","E","R","M","R","BOSS","M","?","?","M","M","E","?","M","T","E","$","R","$","M","R","BOSS","R","$","E","BOSS"],"build_version":"2018-11-15","purchased_purges":3,"victory":false,"max_hp_per_floor":[80,80,80,80,80,80,80,80,80,80,80,80,80,80,80,80,80,80,80,80,80,80,80,80,80,80,94,94,94,94,94,94,94,94,94,94,94,94,94,94,94,94,94,94,94,94,94,94,94,94,94,94,94,101,101],"card_choices":[{"not_picked":["Flex","Perfected Strike"],"picked":"Spot Weakness","floor":1.0},{"not_picked":["Ghostly Armor","Heavy Blade"],"picked":"Cleave","floor":2.0},{"not_picked":["Cleave","Fire Breathing"],"picked":"Armaments","floor":3.0},{"not_picked":["Fire Breathing","Sword Boomerang"],"picked":"Clothesline","floor":7.0},{"not_picked":["Sentinel","Feel No Pain"],"picked":"Shrug It Off","floor":8.0},{"not_picked":["Intimidate","Anger"],"picked":"Uppercut","floor":10.0},{"not_picked":["Iron Wave","Heavy Blade"],"picked":"Warcry","floor":13.0},{"not_picked":["Bludgeon","Feed"],"picked":"Reaper","floor":16.0},{"not_picked":["Spot Weakness+1","Cleave"],"picked":"Flex+1","floor":18.0},{"not_picked":["Sword Boomerang","Metallicize"],"picked":"Combust","floor":21.0},{"not_picked":["Fire Breathing+1","Sword Boomerang"],"picked":"Clothesline","floor":22.0},{"not_picked":["Perfected Strike+1","Armaments+1"],"picked":"Exhume+1","floor":24.0},{"not_picked":["Clash","Fiend Fire"],"picked":"Dropkick","floor":29.0},{"not_picked":["Heavy Blade","Disarm+1"],"picked":"Whirlwind","floor":31.0},{"not_picked":["Berserk","Demon Form"],"picked":"Dark Embrace","floor":33.0},{"not_picked":["Iron Wave","Metallicize"],"picked":"Havoc+1","floor":35.0},{"not_picked":["Anger","Havoc+1"],"picked":"Pummel+1","floor":38.0},{"not_picked":["Evolve","Pommel Strike+1"],"picked":"Corruption+1","floor":39.0},{"not_picked":["Body Slam+1","Armaments+1"],"picked":"Uppercut+1","floor":40.0},{"not_picked":["Evolve","Cleave+1"],"picked":"Rupture","floor":42.0},{"not_picked":["Demon Form","Carnage"],"picked":"Pommel Strike+1","floor":44.0},{"not_picked":["Flex+1","Clothesline+1"],"picked":"Heavy Blade+1","floor":54.0}],"player_experience":467200,"relics_obtained":[{"floor":13.0,"key":"Toxic Egg 2"},{"floor":14.0,"key":"Mercury Hourglass"},{"floor":26.0,"key":"MawBank"},{"floor":29.0,"key":"Bottled Tornado"},{"floor":37.0,"key":"Smiling Mask"},{"floor":40.0,"key":"Mummified Hand"},{"floor":43.0,"key":"Bag of Preparation"},{"floor":44.0,"key":"Bronze Scales"},{"floor":54.0,"key":"Strawberry"}],"event_choices":[{"damage_healed":0.0,"max_hp_gain":0.0,"max_hp_loss":0.0,"gold_gain":0.0,"event_name":"WeMeetAgain","player_choice":"Gave Potion","floor":5.0,"gold_loss":0.0,"damage_taken":0.0,"relics_obtained":["Potion Belt"]},{"cards_removed":["Strike_R"],"damage_healed":0.0,"max_hp_gain":0.0,"max_hp_loss":0.0,"gold_gain":0.0,"event_name":"Golden Wing","player_choice":"Card Removal","floor":12.0,"gold_loss":0.0,"damage_taken":7.0},{"damage_healed":0.0,"max_hp_gain":0.0,"max_hp_loss":0.0,"gold_gain":0.0,"event_name":"The Mausoleum","player_choice":"Opened","floor":19.0,"gold_loss":0.0,"damage_taken":0.0,"relics_obtained":["Letter Opener"]},{"damage_healed":0.0,"max_hp_gain":0.0,"max_hp_loss":0.0,"gold_gain":0.0,"event_name":"Addict","player_choice":"Stole Relic","floor":27.0,"gold_loss":0.0,"damage_taken":0.0,"relics_obtained":["Mango"],"cards_obtained":["Shame"]},{"damage_healed":0.0,"max_hp_gain":0.0,"max_hp_loss":0.0,"gold_gain":0.0,"event_name":"Winding Halls","player_choice":"Embrace Madness","floor":36.0,"gold_loss":0.0,"damage_taken":12.0,"cards_obtained":["Madness","Madness"]}],"is_beta":false,"boss_relics":[{"not_picked":["Coffee Dripper","Orrery"],"picked":"Cursed Key"},{"not_picked":["Eternal Feather","Astrolabe"],"picked":"Black Blood"}],"items_purged_floors":[4,20,45],"is_endless":false,"potions_floor_spawned":[2,8,13,16,22,24,29,38,39,44,48,54],"killed_by":"The Heart","ascension_level":0}