{"gold_per_floor":[119,44,44,55,74,74,103,103,103,103,115,141,141,155,155,251,251,267,267,281,181,106,106,120,130,185,185],"floor_reached":27,"playtime":1586,"items_purged":["Strike_R","Writhe"],"score":245,"play_id":"534e8709-96ad-4f80-ba29-354807fc8cd8","local_time":"20190703093019","is_ascension_mode":true,"campfire_choices":[{"data":"Armaments","floor":6,"key":"SMITH"},{"data":"Shrug It Off","floor":8,"key":"SMITH"},{"floor":10,"key":"REST"},{"floor":15,"key":"REST"},{"data":"Shockwave","floor":23,"key":"SMITH"}],"neow_cost":"NONE","seed_source_timestamp":163921072608700,"circlet_count":0,"master_deck":["Strike_R","Strike_R","Strike_R+1","Defend_R","Defend_R","Defend_R+1","Defend_R","Bash","Shrug It Off+1","Armaments+1","Inflame","Rage","Shockwave+1","Limit Break","Uppercut","Shrug It Off","Power Through+1"],"relics":["Burning Blood","NeowsBlessing","Kunai","Bottled Lightning","Bottled Tornado","Sozu","Self Forming Clay","Lantern"],"potions_floor_usage":[14,16,20,27],"damage_taken":[{"damage":0,"enemies":"Jaw Worm","floor":1,"turns":1},{"damage":0,"enemies":"Cultist","floor":4,"turns":1},{"damage":0,"enemies":"2 Louse","floor":5,"turns":1},{"damage":21,"enemies":"3 Sentries","floor":7,"turns":13},{"damage":1,"enemies":"2 Fungi Beasts","floor":11,"turns":4},{"damage":39,"enemies":"Gremlin Nob","floor":12,"turns":6},{"damage":3,"enemies":"Large Slime","floor":14,"turns":7},{"damage":26,"enemies":"The Guardian","floor":16,"turns":15},{"damage":20,"enemies":"Spheric Guardian","floor":18,"turns":7},{"damage":19,"enemies":"3 Byrds","floor":20,"turns":7},{"damage":10,"enemies":"Snecko","floor":24,"turns":5},{"damage":14,"enemies":"Snake Plant","floor":25,"turns":4},{"damage":36,"enemies":"Gremlin Leader","floor":27,"turns":10}],"seed_played":"3033255385838719854","potions_obtained":[{"floor":3,"key":"Strength Potion"},{"floor":3,"key":"LiquidBronze"},{"floor":3,"key":"Weak Potion"},{"floor":4,"key":"Fire Potion"},{"floor":16,"key":"Energy Potion"}],"is_trial":false,"path_per_floor":["M","$","?","M","M","R","E","R","T","R","M","E","?","M","R","B",null,"M","?","M","$","?","R","M","M","T","E"],"character_chosen":"IRONCLAD","items_purchased":[],"campfire_rested":2,"item_purchase_floors":[],"current_hp_per_floor":[80,80,80,80,80,80,65,65,65,80,80,47,31,34,58,38,80,66,66,53,53,53,53,49,41,41,5],"gold":185,"neow_bonus":"THREE_ENEMY_KILL","is_prod":false,"is_daily":false,"chose_seed":false,"campfire_upgraded":3,"win_rate":0,"timestamp":1562113819,"path_taken":["M","$","?","M","?","R","E","R","T","R","M","E","?","M","R","BOSS","M","?","M","$","?","R","M","M","T","E"],"build_version":"2019-07-01","purchased_purges":2,"victory":false,"max_hp_per_floor":[80,80,80,80,80,80,80,80,80,80,80,80,80,80,80,80,80,80,80,80,80,80,80,80,80,80,80],"card_choices":[{"not_picked":["Havoc","Cleave","Anger"],"picked":"SKIP","floor":1},{"not_picked":["Second Wind","Rampage"],"picked":"Shrug It Off","floor":4},{"not_picked":["Infernal Blade","Thunderclap"],"picked":"Armaments","floor":5},{"not_picked":["Cleave","Searing Blow","Dropkick"],"picked":"SKIP","floor":7},{"not_picked":["Dual Wield","Rupture"],"picked":"Inflame","floor":11},{"not_picked":["Brutality","Warcry"],"picked":"Rage","floor":12},{"not_picked":["Clothesline","Heavy Blade"],"picked":"Shockwave","floor":14},{"not_picked":["Feed","Double Tap"],"picked":"Limit Break","floor":16},{"not_picked":["Iron Wave+1","Thunderclap","Feel No Pain+1"],"picked":"SKIP","floor":18},{"not_picked":["Havoc+1","Sword Boomerang+1"],"picked":"Uppercut","floor":20},{"not_picked":["Warcry","Twin Strike+1"],"picked":"Shrug It Off","floor":24},{"not_picked":["Cleave","Flex+1"],"picked":"Power Through+1","floor":25}],"player_experience":167900,"relics_obtained":[{"floor":7,"key":"Kunai"},{"floor":9,"key":"Bottled Lightning"},{"floor":12,"key":"Bottled Tornado"},{"floor":26,"key":"Lantern"}],"event_choices":[{"damage_healed":0,"gold_gain":0,"player_choice":"Got Potions","damage_taken":0,"max_hp_gain":0,"max_hp_loss":0,"event_name":"Lab","floor":3,"gold_loss":0},{"damage_healed":0,"gold_gain":0,"player_choice":"Entered Light","damage_taken":16,"max_hp_gain":0,"max_hp_loss":0,"event_name":"Shining Light","floor":13,"gold_loss":0,"cards_upgraded":["Defend_R","Strike_R"]},{"damage_healed":0,"gold_gain":0,"player_choice":"Opened","damage_taken":0,"relics_obtained":["Self Forming Clay"],"max_hp_gain":0,"max_hp_loss":0,"event_name":"The Mausoleum","floor":19,"gold_loss":0,"cards_obtained":["Writhe"]},{"cards_removed":["Strike_R"],"damage_healed":0,"gold_gain":0,"player_choice":"Gave Gold","damage_taken":0,"max_hp_gain":0,"max_hp_loss":0,"event_name":"Beggar","floor":22,"gold_loss":75}],"is_beta":false,"boss_relics":[{"not_picked":["Black Star","Calling Bell"],"picked":"Sozu"}],"items_purged_floors":[2,21],"is_endless":false,"potions_floor_spawned":[4,12,16,20,25],"killed_by":"Gremlin Leader","ascension_level":2}