{"gold_per_floor":[115,127,143,155,55,82,82,111,161,161,180,180,192,202,202,303,303,318,18,18,28,45,45,59,87,87,107,7,7,7,27,27,125,125,142,73,92,102,102,102,122,132,132,132,132,159,159,159,159,159],"floor_reached":50,"playtime":5667,"items_purged":["Strike_G","Shame"],"score":802,"play_id":"24906012-9563-4970-a7db-e67e74ff4d68","local_time":"20181216225730","is_ascension_mode":true,"campfire_choices":[{"floor":7.0,"key":"REST"},{"floor":10.0,"key":"REST"},{"data":"Bouncing Flask","floor":12.0,"key":"SMITH"},{"floor":15.0,"key":"REST"},{"floor":23.0,"key":"REST"},{"data":"Footwork","floor":29.0,"key":"SMITH"},{"data":"Leg Sweep","floor":32.0,"key":"SMITH"},{"floor":40.0,"key":"REST"},{"floor":44.0,"key":"REST"},{"data":"Bouncing Flask","floor":47.0,"key":"SMITH"},{"data":"Dash","floor":49.0,"key":"SMITH"}],"neow_cost":"NONE","seed_source_timestamp":0,"circlet_count":0,"master_deck":["Defend_G","Defend_G+1","Defend_G","Defend_G","Defend_G","Strike_G","Strike_G","Strike_G","Strike_G","Survivor","Neutralize","Bouncing Flask+1","Footwork+1","Bane+1","Dodge and Roll","Cloak And Dagger","Dash+1","Leg Sweep+1","Terror","Dash","Catalyst","Acrobatics+1","Bane+1","Dagger Spray","Night Terror","Cloak And Dagger","Infinite Blades","Quick Slash+1","Well Laid Plans","PiercingWail+1","Burst","Accuracy","Bouncing Flask+1","Madness","Madness"],"special_seed":0,"relics":["Ring of the Snake","Blood Vial","Bag of Marbles","Paper Crane","Dream Catcher","Busted Crown","War Paint","Ancient Tea Set","Happy Flower","Pear","Black Star","Frozen Egg 2","Whetstone","Gremlin Horn"],"potions_floor_usage":[50],"damage_taken":[{"damage":0.0,"enemies":"2 Louse","floor":1.0,"turns":4.0},{"damage":2.0,"enemies":"Jaw Worm","floor":2.0,"turns":5.0},{"damage":0.0,"enemies":"Cultist","floor":3.0,"turns":4.0},{"damage":0.0,"enemies":"Red Slaver","floor":4.0,"turns":6.0},{"damage":34.0,"enemies":"3 Sentries","floor":6.0,"turns":15.0},{"damage":24.0,"enemies":"Lagavulin","floor":8.0,"turns":10.0},{"damage":6.0,"enemies":"Gremlin Gang","floor":11.0,"turns":7.0},{"damage":10.0,"enemies":"Large Slime","floor":13.0,"turns":9.0},{"damage":0.0,"enemies":"Looter","floor":14.0,"turns":2.0},{"damage":7.0,"enemies":"Hexaghost","floor":16.0,"turns":12.0},{"damage":0.0,"enemies":"3 Byrds","floor":18.0,"turns":6.0},{"damage":7.0,"enemies":"Shell Parasite","floor":21.0,"turns":5.0},{"damage":17.0,"enemies":"Centurion and Healer","floor":22.0,"turns":9.0},{"damage":0.0,"enemies":"Chosen and Byrds","floor":24.0,"turns":4.0},{"damage":15.0,"enemies":"Book of Stabbing","floor":25.0,"turns":5.0},{"damage":31.0,"enemies":"Shelled Parasite and Fungi","floor":27.0,"turns":4.0},{"damage":0.0,"enemies":"Cultist and Chosen","floor":31.0,"turns":6.0},{"damage":30.0,"enemies":"Automaton","floor":33.0,"turns":14.0},{"damage":17.0,"enemies":"3 Shapes","floor":35.0,"turns":4.0},{"damage":43.0,"enemies":"3 Darklings","floor":37.0,"turns":7.0},{"damage":0.0,"enemies":"4 Shapes","floor":38.0,"turns":7.0},{"damage":6.0,"enemies":"Writhing Mass","floor":41.0,"turns":4.0},{"damage":0.0,"enemies":"Transient","floor":42.0,"turns":5.0},{"damage":8.0,"enemies":"Nemesis","floor":46.0,"turns":9.0},{"damage":0.0,"enemies":"Giant Head","floor":48.0,"turns":1.0},{"damage":61,"enemies":"Donu and Deca","floor":50,"turns":7}],"seed_played":"-8285017878042439502","potions_obtained":[{"floor":1.0,"key":"Swift Potion"},{"floor":2.0,"key":"SteroidPotion"},{"floor":11.0,"key":"Regen Potion"},{"floor":16.0,"key":"Explosive Potion"},{"floor":21.0,"key":"Ancient Potion"},{"floor":22.0,"key":"Explosive Potion"},{"floor":27.0,"key":"GhostInAJar"},{"floor":33.0,"key":"GhostInAJar"},{"floor":37.0,"key":"GamblersBrew"},{"floor":42.0,"key":"SmokeBomb"}],"is_trial":false,"path_per_floor":["M","M","M","M","$","E","R","E","T","R","M","R","M","M","R","B",null,"M","$","?","M","M","R","M","E","T","M","$","R","?","M","R","B",null,"M","$","M","M","?","R","M","M","M","T","R","?","E","R","E","R","B"],"character_chosen":"THE_SILENT","items_purchased":["Cloak And Dagger","Dash","War Paint","Infinite Blades","Accuracy"],"campfire_rested":6,"item_purchase_floors":[5,5,19,19,36],"current_hp_per_floor":[65,65,67,69,69,36,57,35,35,56,52,52,44,46,67,62,68,70,70,70,63,48,69,70,55,65,36,36,36,62,64,64,51,73,58,58,17,19,19,43,39,41,41,65,55,49,49,51,51,0],"gold":159,"neow_bonus":"RANDOM_COMMON_RELIC","is_prod":false,"is_daily":false,"chose_seed":false,"campfire_upgraded":5,"win_rate":0,"timestamp":1545029850,"path_taken":["M","M","M","M","$","E","R","E","T","R","M","R","M","M","R","BOSS","M","$","?","M","M","R","M","E","T","M","$","R","?","?","R","BOSS","M","?","?","?","?","R","M","M","T","R","?","E","R","E","R","BOSS"],"build_version":"2018-12-13","purchased_purges":2,"victory":false,"max_hp_per_floor":[70,70,70,70,70,70,70,70,70,70,70,70,70,70,70,70,70,70,70,70,70,70,70,70,70,80,80,80,80,80,80,80,80,80,80,80,80,80,80,80,80,80,80,80,80,80,80,80,80,80],"card_choices":[{"not_picked":["Catalyst","Acrobatics"],"picked":"Bouncing Flask","floor":1.0},{"not_picked":["Escape Plan","Flying Knee"],"picked":"Footwork","floor":2.0},{"not_picked":["Outmaneuver","Underhanded Strike"],"picked":"Bane","floor":3.0},{"not_picked":["Prepared","Deadly Poison"],"picked":"Dodge and Roll","floor":4.0},{"not_picked":["Footwork","Doppelganger"],"picked":"Leg Sweep","floor":6.0},{"not_picked":["Sucker Punch","Dagger Spray"],"picked":"Terror","floor":8.0},{"not_picked":["Blade Dance","Bane"],"picked":"Dash","floor":10.0},{"not_picked":["Quick Slash","Underhanded Strike"],"picked":"Catalyst","floor":11.0},{"not_picked":["Dodge and Roll","Choke"],"picked":"Acrobatics","floor":13.0},{"not_picked":["Choke","Concentrate"],"picked":"Bane","floor":14.0},{"not_picked":["Poisoned Stab","Masterful Stab"],"picked":"Dagger Spray","floor":15.0},{"not_picked":["Phantasmal Killer","Grand Finale"],"picked":"Night Terror","floor":16.0},{"not_picked":[],"picked":"Cloak And Dagger","floor":18.0},{"not_picked":["Deflect"],"picked":"SKIP","floor":21.0},{"not_picked":[],"picked":"Quick Slash+1","floor":22.0},{"not_picked":["Quick Slash"],"picked":"SKIP","floor":24.0},{"not_picked":[],"picked":"Well Laid Plans","floor":25.0},{"not_picked":[],"picked":"PiercingWail+1","floor":27.0},{"not_picked":["Deadly Poison"],"picked":"SKIP","floor":31.0},{"not_picked":[],"picked":"Burst","floor":33.0},{"not_picked":["Outmaneuver"],"picked":"SKIP","floor":35.0},{"not_picked":[],"picked":"Bouncing Flask","floor":37.0},{"not_picked":["Slice"],"picked":"SKIP","floor":38.0},{"not_picked":["Eviscerate+1"],"picked":"SKIP","floor":41.0},{"not_picked":["Distraction"],"picked":"SKIP","floor":42.0},{"not_picked":["Deflect"],"picked":"SKIP","floor":46.0}],"player_experience":424412,"relics_obtained":[{"floor":6.0,"key":"Bag of Marbles"},{"floor":8.0,"key":"Paper Crane"},{"floor":9.0,"key":"Dream Catcher"},{"floor":25.0,"key":"Happy Flower"},{"floor":26.0,"key":"Pear"},{"floor":43.0,"key":"Frozen Egg 2"},{"floor":46.0,"key":"Whetstone"},{"floor":46.0,"key":"Gremlin Horn"}],"event_choices":[{"damage_healed":0.0,"max_hp_gain":0.0,"max_hp_loss":0.0,"gold_gain":0.0,"event_name":"Addict","player_choice":"Stole Relic","floor":20.0,"gold_loss":0.0,"damage_taken":0.0,"relics_obtained":["Ancient Tea Set"],"cards_obtained":["Shame"]},{"damage_healed":26.0,"max_hp_gain":0.0,"max_hp_loss":0.0,"gold_gain":0.0,"event_name":"The Library","player_choice":"Heal","floor":30.0,"gold_loss":0.0,"damage_taken":0.0},{"damage_healed":0.0,"max_hp_gain":0.0,"max_hp_loss":0.0,"gold_gain":0.0,"event_name":"Mysterious Sphere","player_choice":"Ignored","floor":39.0,"gold_loss":0.0,"damage_taken":0.0},{"damage_healed":0.0,"max_hp_gain":0.0,"max_hp_loss":0.0,"gold_gain":0.0,"event_name":"Winding Halls","player_choice":"Embrace Madness","floor":45.0,"gold_loss":0.0,"damage_taken":10.0,"cards_obtained":["Madness","Madness"]}],"is_beta":false,"boss_relics":[{"not_picked":["Calling Bell","Snecko Eye"],"picked":"Busted Crown"},{"not_picked":["HoveringKite","Cursed Key"],"picked":"Black Star"}],"items_purged_floors":[19,28],"is_endless":false,"potions_floor_spawned":[1,2,11,16,21,22,27,33,37,42],"killed_by":"Donu and Deca","ascension_level":9}