{"path_per_floor":["M","?","?","M","$","E","M","M","T","R","E","$","?","E","R","B",null,"M","M","?","$","M","E","R","E","T","R","E","R","M","E","R","B",null,"M","?","M","$","?","E","R","E","T","E","T","R","?","M","R","B"],"character_chosen":"THE_SILENT","items_purchased":["Dagger Spray","Dagger Throw","Ginger","Vajra","Noxious Fumes","Bane"],"gold_per_floor":[114,114,114,129,76,106,121,136,161,161,191,142,142,172,172,272,272,287,302,302,2,17,47,47,77,77,77,107,107,122,152,152,252,252,267,267,282,11,11,41,41,71,71,101,151,151,151,166,166,166],"floor_reached":51,"campfire_rested":2,"playtime":3137,"current_hp_per_floor":[68,61,47,43,43,20,21,21,21,42,42,42,47,44,44,29,75,73,62,48,48,51,54,54,51,51,78,78,78,88,89,89,57,90,88,88,90,90,90,84,84,84,84,90,90,90,90,90,90,66],"items_purged":[],"gold":166,"score":877,"play_id":"2d6b8a71-6359-49d8-be2a-55dbf801c9cb","local_time":"20180515071944","daily_mods":["Specialized","Elite Swarm","Binary"],"is_prod":false,"is_daily":true,"chose_seed":false,"is_ascension_mode":false,"campfire_upgraded":7,"timestamp":1526336384,"path_taken":["M","?","?","M","?","E","?","M","T","R","E","$","?","E","R","BOSS","M","M","?","$","M","E","R","E","T","R","E","R","M","E","R","BOSS","M","?","M","$","?","E","R","E","T","E","?","R","?","M","R","BOSS"],"build_version":"2018-05-10","seed_source_timestamp":0,"purchased_purges":0,"victory":true,"master_deck":["Strike_G","Strike_G","Strike_G","Strike_G","Strike_G","Survivor","Neutralize","Wraith Form v2","Wraith Form v2+1","Wraith Form v2","Wraith Form v2","Wraith Form v2","Distraction","Dagger Spray+1","Storm of Steel+1","Slice","All Out Attack","Adrenaline","Dagger Throw","Phantasmal Killer+1","Venomology","Underhanded Strike","Concentrate","Bullet Time","After Image","Burst+1","Eviscerate+1","Tactician","Venomology","PiercingWail+1","Outmaneuver+1","Infinite Blades+1","Blade Dance+1","Slice+1","Noxious Fumes+1","Bane+1","Corpse Explosion+1","Night Terror+1","Venomology","Underhanded Strike+1"],"max_hp_per_floor":[70,70,70,70,70,70,70,70,70,70,70,70,75,75,75,75,75,75,75,80,80,80,90,90,90,90,90,90,90,90,90,90,90,90,90,90,90,90,90,90,90,90,90,90,90,90,90,90,90,95],"relics":["Ring of the Snake","Bird Faced Urn","Ancient Tea Set","Dodecahedron","Juzu Bracelet","Runic Dome","Ginger","Pear","Ninja Scroll","Toolbox","Meat on the Bone","Molten Egg 2","Astrolabe","Vajra","Blue Candle","Paper Crane","Darkstone Periapt","Question Card","Blood Vial"],"card_choices":[{"not_picked":["Deflect"],"picked":"Distraction","floor":1},{"not_picked":["Night Terror"],"picked":"Storm of Steel","floor":6},{"not_picked":["Bane"],"picked":"Slice","floor":7},{"not_picked":["Sucker Punch"],"picked":"All Out Attack","floor":8},{"not_picked":["Wraith Form v2"],"picked":"Adrenaline","floor":11},{"not_picked":["Doppelganger"],"picked":"Phantasmal Killer","floor":14},{"not_picked":["Doppelganger"],"picked":"Venomology","floor":16},{"not_picked":["Endless Agony"],"picked":"Well Laid Plans","floor":18},{"not_picked":["Dodge and Roll"],"picked":"Underhanded Strike","floor":19},{"not_picked":["Distraction"],"picked":"Concentrate","floor":22},{"not_picked":["Doppelganger"],"picked":"Bullet Time","floor":23},{"not_picked":["Tactician"],"picked":"After Image","floor":25},{"not_picked":["Tactician"],"picked":"Burst","floor":28},{"not_picked":["Concentrate"],"picked":"Eviscerate","floor":30},{"not_picked":["Doppelganger"],"picked":"Tactician","floor":31},{"not_picked":["Night Terror"],"picked":"Venomology","floor":33},{"not_picked":["Cloak And Dagger"],"picked":"Blade Dance","floor":35},{"not_picked":["Bane"],"picked":"Slice","floor":37},{"not_picked":["Tools of the Trade"],"picked":"Corpse Explosion","floor":40},{"not_picked":["Storm of Steel"],"picked":"Night Terror","floor":42},{"not_picked":["Night Terror"],"picked":"Venomology","floor":44},{"not_picked":["PiercingWail","Cloak And Dagger"],"picked":"Underhanded Strike","floor":48}],"player_experience":535742,"potions_floor_usage":[6,11,16,19,23,25,25,25,28,30,33,33,33,35,40,42,42,44,44,48,48,50,50,50,50,50],"damage_taken":[{"damage":2,"enemies":"Small Slimes","floor":1,"turns":6},{"damage":4,"enemies":"2 Louse","floor":4,"turns":5},{"damage":23,"enemies":"Gremlin Nob","floor":6,"turns":8},{"damage":3,"enemies":"Jaw Worm","floor":7,"turns":6},{"damage":2,"enemies":"Looter","floor":8,"turns":4},{"damage":4,"enemies":"Lagavulin","floor":11,"turns":8},{"damage":5,"enemies":"3 Sentries","floor":14,"turns":6},{"damage":23,"enemies":"Slime Boss","floor":16,"turns":17},{"damage":3,"enemies":"Chosen","floor":18,"turns":9},{"damage":21,"enemies":"3 Byrds","floor":19,"turns":7},{"damage":5,"enemies":"Snecko","floor":22,"turns":7},{"damage":13,"enemies":"Book of Stabbing","floor":23,"turns":7},{"damage":11,"enemies":"Slavers","floor":25,"turns":8},{"damage":10,"enemies":"Book of Stabbing","floor":28,"turns":8},{"damage":2,"enemies":"Centurion and Healer","floor":30,"turns":12},{"damage":5,"enemies":"Slavers","floor":31,"turns":8},{"damage":45,"enemies":"Champ","floor":33,"turns":16},{"damage":6,"enemies":"3 Shapes","floor":35,"turns":5},{"damage":1,"enemies":"Orb Walker","floor":37,"turns":4},{"damage":10,"enemies":"2 Orb Walkers","floor":40,"turns":6},{"damage":14,"enemies":"Giant Head","floor":42,"turns":8},{"damage":8,"enemies":"2 Orb Walkers","floor":44,"turns":5},{"damage":0,"enemies":"Maw","floor":48,"turns":8},{"damage":43,"enemies":"Awakened One","floor":50,"turns":18}],"event_choices":[{"event_name":"Golden Wing","player_choice":"Card Removal","floor":2,"damage_taken":0},{"event_name":"Shining Light","player_choice":"Entered Light","floor":3,"damage_taken":0},{"event_name":"Big Fish","player_choice":"Donut","floor":13,"damage_taken":0},{"event_name":"Forgotten Altar","player_choice":"Shed Blood","floor":20,"damage_taken":0},{"event_name":"Tomb of Lord Red Mask","player_choice":"Ignored","floor":36,"damage_taken":0},{"event_name":"Purifier","player_choice":"One Purge","floor":47,"damage_taken":0}],"boss_relics":[{"not_picked":["Sozu","Runic Pyramid"],"picked":"Runic Dome"},{"not_picked":["Black Star","White Beast Statue"],"picked":"Astrolabe"}],"potions_floor_spawned":[1,7,11,16,18,28,33,35,40,44,48],"seed_played":"-3074806575419044376","ascension_level":0,"is_trial":false}