{"gold_per_floor":[114,129,144,159,9,39,39,54,79,79,94,94,109,124,124,224,224,239,254,269,269,269,269,284,284,284,314,14,29,29,44,44,144,144,159,194,209,209,244,244,259,259,259,0,0,35,35,50,50,50],"floor_reached":51,"playtime":2773,"items_purged":[],"score":777,"play_id":"f68f6903-6b49-4100-9a1b-b5192e52f90b","local_time":"20181114073312","daily_mods":["Chimera","Colorless Cards","Lethality"],"is_ascension_mode":false,"campfire_choices":[{"data":"Zap","floor":10,"key":"SMITH"},{"floor":12,"key":"REST"},{"data":"Beam Cell","floor":15,"key":"SMITH"},{"floor":23,"key":"REST"},{"floor":25,"key":"REST"},{"floor":32,"key":"REST"},{"floor":40,"key":"REST"},{"data":"1","floor":42,"key":"LIFT"},{"floor":49,"key":"REST"}],"neow_cost":"","seed_source_timestamp":0,"circlet_count":0,"master_deck":["Bash","Survivor","Zap+1","Defend_R","Defend_G","Defend_B","Beam Cell+1","Doom and Gloom","Turbo","Finesse","Leap","Go for the Eyes","Conserve Battery","All For One","Finesse","Stack","Violence","Redo+1","Chrysalis","Sweeping Beam+1","Go for the Eyes","Trip+1","Steam Power","HandOfGreed","Melter+1","Scrape+1","All For One+1","Finesse+1","Conserve Battery+1","Go for the Eyes","Madness","Madness","Turbo+1","Reboot","Hologram","Go for the Eyes+1","Magnetism","Gash+1"],"special_seed":17848,"relics":["Cracked Core","Bag of Marbles","Calipers","Ancient Tea Set","Fusion Hammer","Dream Catcher","Enchiridion","Ornamental Fan","Emotion Chip","Girya","Astrolabe","Singing Bowl","Red Mask"],"potions_floor_usage":[4,8,24,24,27,33,37,41,48,50,50],"damage_taken":[{"damage":0,"enemies":"Cultist","floor":1,"turns":3},{"damage":0,"enemies":"Small Slimes","floor":2,"turns":2},{"damage":0,"enemies":"2 Louse","floor":3,"turns":1},{"damage":8,"enemies":"Large Slime","floor":4,"turns":4},{"damage":25,"enemies":"3 Sentries","floor":6,"turns":4},{"damage":0,"enemies":"Lots of Slimes","floor":8,"turns":2},{"damage":6,"enemies":"Exordium Thugs","floor":11,"turns":2},{"damage":4,"enemies":"Large Slime","floor":13,"turns":3},{"damage":8,"enemies":"2 Fungi Beasts","floor":14,"turns":2},{"damage":0,"enemies":"Slime Boss","floor":16,"turns":5},{"damage":10,"enemies":"2 Thieves","floor":18,"turns":3},{"damage":8,"enemies":"Shell Parasite","floor":19,"turns":4},{"damage":0,"enemies":"Cultist and Chosen","floor":20,"turns":4},{"damage":19,"enemies":"Snake Plant","floor":24,"turns":4},{"damage":24,"enemies":"Gremlin Leader","floor":27,"turns":4},{"damage":15,"enemies":"3 Cultists","floor":29,"turns":4},{"damage":0,"enemies":"Snecko","floor":31,"turns":4},{"damage":33,"enemies":"Collector","floor":33,"turns":4},{"damage":0,"enemies":"3 Darklings","floor":35,"turns":3},{"damage":0,"enemies":"3 Shapes","floor":36,"turns":1},{"damage":34,"enemies":"Transient","floor":37,"turns":5},{"damage":5,"enemies":"Sphere and 2 Shapes","floor":39,"turns":3},{"damage":8,"enemies":"3 Darklings","floor":41,"turns":4},{"damage":0,"enemies":"Spire Growth","floor":46,"turns":3},{"damage":16,"enemies":"Maw","floor":48,"turns":5},{"damage":21,"enemies":"Awakened One","floor":50,"turns":6}],"seed_played":"-6844763107300469572","potions_obtained":[{"floor":1,"key":"SkillPotion"},{"floor":3,"key":"GamblersBrew"},{"floor":7,"key":"FearPotion"},{"floor":7,"key":"Explosive Potion"},{"floor":8,"key":"LiquidBronze"},{"floor":14,"key":"Energy Potion"},{"floor":20,"key":"EssenceOfSteel"},{"floor":27,"key":"FocusPotion"},{"floor":33,"key":"Poison Potion"},{"floor":36,"key":"Regen Potion"},{"floor":39,"key":"SteroidPotion"},{"floor":46,"key":"Ancient Potion"},{"floor":48,"key":"Fruit Juice"}],"is_trial":false,"path_per_floor":["M","M","M","M","$","E","?","M","T","R","M","R","M","M","R","B",null,"M","M","M","?","?","R","M","R","T","E","$","M","?","M","R","B",null,"M","M","M","?","M","R","M","R","T","?","?","M","$","M","R","B",null],"character_chosen":"DEFECT","items_purchased":["Bag of Marbles","Girya"],"campfire_rested":6,"item_purchase_floors":[5,28],"current_hp_per_floor":[75,75,75,67,67,42,42,42,42,42,36,58,54,46,46,46,75,65,57,57,57,41,63,44,66,66,42,42,27,27,27,49,16,75,75,75,41,32,27,49,53,53,53,53,53,53,53,42,66,45],"gold":50,"neow_bonus":"","is_prod":false,"is_daily":true,"chose_seed":false,"campfire_upgraded":2,"win_rate":0,"timestamp":1542148392,"path_taken":["M","M","M","?","$","E","?","M","T","R","?","R","M","M","R","BOSS","M","M","M","?","?","R","M","R","T","E","$","M","?","?","R","BOSS","M","M","M","?","M","R","M","R","T","?","?","M","?","?","R","BOSS"],"build_version":"2018-11-08","purchased_purges":0,"victory":true,"max_hp_per_floor":[75,75,75,75,75,75,75,75,75,75,75,75,75,75,75,75,75,75,75,75,75,75,75,75,75,75,75,75,75,75,75,75,75,75,75,75,75,75,75,75,75,75,75,75,75,75,75,80,80,80],"card_choices":[{"not_picked":["Skim","Chaos"],"picked":"Gash","floor":1},{"not_picked":["Swift Strike","Leap"],"picked":"Beam Cell","floor":2},{"not_picked":["Aggregate","Defragment"],"picked":"Doom and Gloom","floor":3},{"not_picked":["Streamline","Steam"],"picked":"Turbo","floor":4},{"not_picked":["Turbo","Leap"],"picked":"Finesse","floor":6},{"not_picked":["Purity","Swift Strike"],"picked":"Leap","floor":8},{"not_picked":["Rebound","Coolheaded"],"picked":"Go for the Eyes","floor":11},{"not_picked":["Capacitor","Leap"],"picked":"Conserve Battery","floor":13},{"not_picked":["Steam","Coolheaded","Good Instincts"],"picked":"SKIP","floor":14},{"not_picked":["Meteor Strike","Fission"],"picked":"All For One","floor":16},{"not_picked":["Sweeping Beam","Conserve Battery"],"picked":"Finesse","floor":18},{"not_picked":["Blizzard","Cold Snap","Genetic Algorithm"],"picked":"SKIP","floor":19},{"not_picked":["Redo","Chaos"],"picked":"Stack","floor":20},{"not_picked":["Enlightenment+1","Barrage"],"picked":"Violence","floor":23},{"not_picked":["Compile Driver","Self Repair"],"picked":"Redo+1","floor":24},{"not_picked":["Madness+1","Stack"],"picked":"Chrysalis","floor":25},{"not_picked":["Leap","Stack"],"picked":"Sweeping Beam+1","floor":27},{"not_picked":["Beam Cell","Stack"],"picked":"Go for the Eyes","floor":29},{"not_picked":["Beam Cell","Stack"],"picked":"Trip+1","floor":31},{"not_picked":["Go for the Eyes+1","Rebound"],"picked":"Steam Power","floor":32},{"not_picked":["Machine Learning","Echo Form"],"picked":"HandOfGreed","floor":33},{"not_picked":["Sweeping Beam","Reprogram+1"],"picked":"Finesse+1","floor":35},{"not_picked":["Streamline","Cold Snap"],"picked":"Conserve Battery+1","floor":36},{"not_picked":["Barrage","Stack+1"],"picked":"Go for the Eyes","floor":37},{"not_picked":["Go for the Eyes+1","Cold Snap+1"],"picked":"Turbo+1","floor":39},{"not_picked":["Impatience","Redo"],"picked":"Reboot","floor":40},{"not_picked":["Cold Snap","Forethought+1"],"picked":"Hologram","floor":41},{"not_picked":["Sunder+1","Cold Snap+1"],"picked":"Go for the Eyes+1","floor":46},{"not_picked":["Chaos","Rebound+1"],"picked":"Magnetism","floor":48},{"not_picked":["Cold Snap+1","Beam Cell"],"picked":"Gash+1","floor":49}],"player_experience":436318,"relics_obtained":[{"floor":6,"key":"Calipers"},{"floor":9,"key":"Ancient Tea Set"},{"floor":22,"key":"Enchiridion"},{"floor":26,"key":"Ornamental Fan"},{"floor":27,"key":"Emotion Chip"},{"floor":43,"key":"Singing Bowl"}],"event_choices":[{"damage_healed":0,"gold_gain":0,"player_choice":"Got Potions","damage_taken":0,"max_hp_gain":0,"max_hp_loss":0,"event_name":"Lab","floor":7,"gold_loss":0},{"damage_healed":0,"gold_gain":0,"player_choice":"Opened","damage_taken":0,"relics_obtained":["Dream Catcher"],"max_hp_gain":0,"max_hp_loss":0,"event_name":"The Mausoleum","floor":21,"gold_loss":0,"cards_obtained":["Writhe"]},{"damage_healed":0,"gold_gain":0,"player_choice":"Obtained Book","damage_taken":16,"max_hp_gain":0,"max_hp_loss":0,"event_name":"Cursed Tome","floor":22,"gold_loss":0},{"cards_removed":["Writhe"],"damage_healed":0,"gold_gain":0,"player_choice":"Removed Curses","damage_taken":0,"max_hp_gain":0,"max_hp_loss":0,"event_name":"Fountain of Cleansing","floor":30,"gold_loss":0},{"damage_healed":0,"gold_gain":0,"player_choice":"Embrace Madness","damage_taken":9,"max_hp_gain":0,"max_hp_loss":0,"event_name":"Winding Halls","floor":38,"gold_loss":0,"cards_obtained":["Madness","Madness"]},{"damage_healed":0,"gold_gain":0,"player_choice":"Paid","damage_taken":0,"relics_obtained":["Red Mask"],"max_hp_gain":0,"max_hp_loss":0,"event_name":"Tomb of Lord Red Mask","floor":44,"gold_loss":259},{"cards_removed":["Gash"],"damage_healed":0,"gold_gain":0,"player_choice":"Removed Attack","damage_taken":0,"max_hp_gain":0,"max_hp_loss":0,"event_name":"Falling","floor":45,"gold_loss":0}],"is_beta":false,"boss_relics":[{"not_picked":["Runic Dome","Snecko Eye"],"picked":"Fusion Hammer"},{"not_picked":["Runic Pyramid","Empty Cage"],"picked":"Astrolabe"}],"items_purged_floors":[],"is_endless":false,"potions_floor_spawned":[1,3,8,14,20,27,33,36,39,46,48],"ascension_level":0}