{"gold_per_floor":[114,130,2,2,13,13,25,25,49,78,78,153,153,173,173,249,249,268,268,268,280,280,280,294,294,294,12,12,12,44,44,44,44],"floor_reached":33,"playtime":1259,"items_purged":["Parasite","Writhe"],"score":587,"play_id":"26f3e214-d48a-436a-a451-87280f81f5a0","local_time":"20190823182453","is_ascension_mode":true,"campfire_choices":[{"data":"Go for the Eyes","floor":6,"key":"SMITH"},{"data":"Defragment","floor":8,"key":"SMITH"},{"floor":11,"key":"REST"},{"data":"Zap","floor":13,"key":"SMITH"},{"data":"Darkness","floor":15,"key":"SMITH"},{"data":"Coolheaded","floor":23,"key":"SMITH"},{"data":"Dualcast","floor":25,"key":"SMITH"},{"floor":28,"key":"REST"},{"data":"Fission","floor":32,"key":"SMITH"}],"neow_cost":"CURSE","seed_source_timestamp":215082072816800,"circlet_count":0,"master_deck":["AscendersBane","Defend_B+1","Defend_B+1","Defend_B+1","Defend_B+1","Zap+1","Dualcast+1","Go for the Eyes+1","White Noise","Conserve Battery","Defragment+1","Auto Shields","Darkness+1","Biased Cognition","Coolheaded+1","Parasite","Ball Lightning","Genetic Algorithm+1","Bandage Up","Bite","Bite","Bite","Bite","Bite","Fission+1"],"relics":["Cracked Core","Regal Pillow","Lantern","DataDisk","Cursed Key","Emotion Chip","Gambling Chip","Smiling Mask"],"potions_floor_usage":[5,7,10,16,21,30,30,31],"damage_taken":[{"damage":3,"enemies":"2 Louse","floor":1,"turns":3},{"damage":7,"enemies":"Jaw Worm","floor":2,"turns":4},{"damage":0,"enemies":"Small Slimes","floor":5,"turns":3},{"damage":15,"enemies":"Exordium Wildlife","floor":7,"turns":4},{"damage":28,"enemies":"3 Sentries","floor":10,"turns":6},{"damage":7,"enemies":"Large Slime","floor":14,"turns":5},{"damage":17,"enemies":"Hexaghost","floor":16,"turns":8},{"damage":19,"enemies":"Spheric Guardian","floor":18,"turns":5},{"damage":0,"enemies":"3 Byrds","floor":21,"turns":2},{"damage":9,"enemies":"3 Cultists","floor":24,"turns":6},{"damage":0,"enemies":"Book of Stabbing","floor":30,"turns":5},{"damage":0,"enemies":"Chosen and Byrds","floor":31,"turns":1},{"damage":72,"enemies":"Automaton","floor":33,"turns":8}],"seed_played":"-2667155471923102401","potions_obtained":[{"floor":1,"key":"PowerPotion"},{"floor":5,"key":"SkillPotion"},{"floor":14,"key":"Block Potion"},{"floor":16,"key":"LiquidBronze"},{"floor":24,"key":"Weak Potion"},{"floor":30,"key":"SmokeBomb"}],"is_trial":false,"path_per_floor":["M","M","$","?","M","R","M","R","T","E","R","?","R","M","R","B",null,"M","?","T","M","?","R","M","R","T","$","R","?","E","M","R","B"],"character_chosen":"DEFECT","items_purchased":["Strength Potion","FocusPotion","Bandage Up"],"campfire_rested":2,"item_purchase_floors":[3,27,27],"current_hp_per_floor":[75,68,68,63,63,63,48,48,48,20,59,48,48,41,41,24,68,49,49,49,49,49,49,40,40,40,40,79,57,57,57,57,0],"gold":44,"neow_bonus":"TWENTY_PERCENT_HP_BONUS","is_prod":false,"is_daily":false,"chose_seed":false,"campfire_upgraded":7,"win_rate":0,"timestamp":1566552293,"path_taken":["M","M","$","?","M","R","M","R","T","E","R","?","R","M","R","BOSS","M","?","?","M","?","R","M","R","T","$","R","?","E","M","R","BOSS"],"build_version":"2019-07-17","purchased_purges":2,"victory":false,"max_hp_per_floor":[85,85,82,82,82,82,82,82,82,82,82,82,82,82,82,82,82,82,82,82,82,82,82,82,82,82,82,82,57,57,57,57,57],"card_choices":[{"not_picked":["Turbo","Compile Driver"],"picked":"Go for the Eyes","floor":1},{"not_picked":["Barrage","Stack"],"picked":"White Noise","floor":2},{"not_picked":["Blizzard","Go for the Eyes"],"picked":"Conserve Battery","floor":5},{"not_picked":["Cold Snap","Barrage"],"picked":"Defragment","floor":7},{"not_picked":["Turbo","Creative AI"],"picked":"Auto Shields","floor":10},{"not_picked":["Consume","Compile Driver"],"picked":"Darkness","floor":14},{"not_picked":["Echo Form","All For One"],"picked":"Biased Cognition","floor":16},{"not_picked":["Steam","Sweeping Beam"],"picked":"Coolheaded","floor":18},{"not_picked":["Hologram","Steam"],"picked":"Ball Lightning","floor":21},{"not_picked":["Leap","Rebound+1"],"picked":"Genetic Algorithm+1","floor":24},{"not_picked":["Aggregate","Sweeping Beam"],"picked":"Fission","floor":30}],"player_experience":768957,"relics_obtained":[{"floor":9,"key":"Lantern"},{"floor":10,"key":"DataDisk"},{"floor":20,"key":"Emotion Chip"},{"floor":26,"key":"Gambling Chip"},{"floor":30,"key":"Smiling Mask"}],"event_choices":[{"damage_healed":0,"gold_gain":0,"player_choice":"Success","damage_taken":5,"relics_obtained":["Regal Pillow"],"max_hp_gain":0,"max_hp_loss":0,"event_name":"Scrap Ooze","floor":4,"gold_loss":0},{"damage_healed":0,"gold_gain":75,"player_choice":"Gather Gold","damage_taken":11,"max_hp_gain":0,"max_hp_loss":0,"event_name":"World of Goop","floor":12,"gold_loss":0},{"damage_healed":0,"gold_gain":0,"player_choice":"Ignored","damage_taken":0,"max_hp_gain":0,"max_hp_loss":0,"event_name":"The Mausoleum","floor":19,"gold_loss":0},{"damage_healed":0,"gold_gain":0,"player_choice":"Simplicity","damage_taken":0,"max_hp_gain":0,"max_hp_loss":0,"event_name":"Back to Basics","floor":22,"gold_loss":0,"cards_upgraded":["Strike_B","Strike_B","Strike_B","Strike_B","Defend_B","Defend_B","Defend_B","Defend_B"]},{"damage_healed":0,"gold_gain":0,"player_choice":"Became a vampire","damage_taken":0,"max_hp_gain":0,"max_hp_loss":25,"event_name":"Vampires","floor":29,"gold_loss":0,"cards_obtained":["Bite","Bite","Bite","Bite","Bite"]}],"is_beta":false,"boss_relics":[{"not_picked":["FrozenCore","White Beast Statue"],"picked":"Cursed Key"}],"items_purged_floors":[3,27],"is_endless":false,"potions_floor_spawned":[1,5,14,16,24,30,31],"killed_by":"Automaton","ascension_level":19}