{"gold_per_floor":[111,111,129,147,147,147,186,209,209,209,61,84,84,103,103,227,227,202,202,225,225,246,246,266,266,266,266,286,286,340,353,353,353],"floor_reached":33,"playtime":2371,"items_purged":[],"score":249,"play_id":"50c0afd6-5290-42f7-859d-c8b646905daf","local_time":"20180919173708","is_ascension_mode":false,"campfire_choices":[{"data":"Strike_R","floor":6,"key":"SMITH"},{"floor":10,"key":"REST"},{"data":"Perfected Strike","floor":15,"key":"SMITH"},{"floor":23,"key":"REST"},{"floor":25,"key":"REST"},{"floor":27,"key":"REST"},{"floor":32,"key":"REST"}],"neow_cost":"","seed_source_timestamp":0,"circlet_count":0,"master_deck":["Strike_R+1","Strike_R","Strike_R","Strike_R","Strike_R","Defend_R","Defend_R","Defend_R","Defend_R","Bash","Flame Barrier","Body Slam","Pummel","Twin Strike","Perfected Strike","Swift Strike","Perfected Strike+1","Metallicize","Armaments+1","Berserk","Armaments+1","Shame","Headbutt","Twin Strike","Twin Strike","Flex+1","Iron Wave+1"],"special_seed":0,"relics":["Burning Blood","Kunai","Bloody Idol","Question Card","Toxic Egg 2","Runic Cube","Ginger","Dodecahedron","Bronze Scales"],"potions_floor_usage":[20,24,31],"damage_taken":[{"damage":9.0,"enemies":"2 Louse","floor":1.0,"turns":3.0},{"damage":9,"enemies":"Cultist","floor":3,"turns":4},{"damage":1,"enemies":"Jaw Worm","floor":4,"turns":6},{"damage":43,"enemies":"Lagavulin","floor":7,"turns":8},{"damage":10,"enemies":"3 Louse","floor":8,"turns":3},{"damage":11,"enemies":"Large Slime","floor":12,"turns":4},{"damage":11,"enemies":"Blue Slaver","floor":14,"turns":3},{"damage":49,"enemies":"The Guardian","floor":16,"turns":11},{"damage":16,"enemies":"2 Thieves","floor":18,"turns":5},{"damage":19,"enemies":"Shell Parasite","floor":20,"turns":4},{"damage":45,"enemies":"Centurion and Healer","floor":22,"turns":4},{"damage":23,"enemies":"Snecko","floor":24,"turns":4},{"damage":37,"enemies":"Sentry and Sphere","floor":28,"turns":4},{"damage":34,"enemies":"Centurion and Healer","floor":31,"turns":3},{"damage":54,"enemies":"Champ","floor":33,"turns":7}],"seed_played":"5395193041273822494","potions_obtained":[{"floor":1.0,"key":"Explosive Potion"},{"floor":3,"key":"BloodPotion"},{"floor":12,"key":"AttackPotion"},{"floor":16,"key":"Explosive Potion"},{"floor":20,"key":"Swift Potion"},{"floor":28,"key":"Ancient Potion"}],"is_trial":false,"path_per_floor":["M","?","M","M","?","R","E","M","T","R","$","M","?","M","R","B",null,"M","?","M","?","M","R","M","R","T","R","M","?","T","M","R"],"character_chosen":"IRONCLAD","items_purchased":["Swift Strike","Perfected Strike"],"campfire_rested":5,"item_purchase_floors":[11,11],"current_hp_per_floor":[77,77,74,79,74,74,37,33,33,55,55,50,74,69,69,26,74,64,64,58,58,19,41,24,46,46,68,37,37,42,19,41,0],"gold":353,"neow_bonus":"","is_prod":false,"is_daily":false,"chose_seed":false,"campfire_upgraded":2,"win_rate":0.0,"timestamp":1537403828,"path_taken":["M","?","M","M","?","R","E","M","T","R","?","?","?","M","R","BOSS","M","?","M","?","?","R","M","R","T","R","M","?","?","?","R","BOSS"],"build_version":"2018-09-06","purchased_purges":0,"victory":false,"max_hp_per_floor":[80,80,80,80,74,74,74,74,74,74,74,74,74,74,74,74,74,74,74,74,74,74,74,74,74,74,74,74,74,74,74,74,74],"card_choices":[{"not_picked":["Intimidate","Metallicize"],"picked":"Flame Barrier","floor":1.0},{"not_picked":["Fire Breathing","Burning Pact"],"picked":"Body Slam","floor":3},{"not_picked":["Clash","Second Wind"],"picked":"Pummel","floor":4},{"not_picked":["Warcry","Rupture"],"picked":"Twin Strike","floor":7},{"not_picked":["Iron Wave","Clash","Anger"],"picked":"Perfected Strike","floor":8},{"not_picked":["Carnage","Second Wind+1","Body Slam"],"picked":"Metallicize","floor":12},{"not_picked":["Clothesline","Cleave","Power Through+1"],"picked":"Armaments+1","floor":14},{"not_picked":["Barricade","Feed","Juggernaut"],"picked":"Berserk","floor":16},{"not_picked":["Clothesline","Hemokinesis+1","Flex+1"],"picked":"Armaments+1","floor":18},{"not_picked":["Sever Soul","Carnage","Rupture"],"picked":"Headbutt","floor":20},{"not_picked":["Sword Boomerang","Intimidate+1","Carnage"],"picked":"Twin Strike","floor":22},{"not_picked":["True Grit+1","Cleave","Bloodletting+1"],"picked":"Twin Strike","floor":24},{"not_picked":["Sword Boomerang","Dark Embrace","Armaments+1"],"picked":"Flex+1","floor":28},{"not_picked":["Sever Soul","Clash+1","Flex+1"],"picked":"Iron Wave+1","floor":31}],"player_experience":0,"relics_obtained":[{"floor":7,"key":"Question Card"},{"floor":9,"key":"Toxic Egg 2"},{"floor":26,"key":"Dodecahedron"},{"floor":30,"key":"Bronze Scales"}],"event_choices":[{"event_name":"WeMeetAgain","player_choice":"Potion","floor":2,"damage_taken":0},{"event_name":"Golden Idol","player_choice":"Lose Max HP","floor":5,"damage_taken":0},{"event_name":"Big Fish","player_choice":"Banana","floor":13,"damage_taken":0},{"event_name":"Addict","player_choice":"Stole Relic","floor":19,"damage_taken":0},{"event_name":"Ghosts","player_choice":"Ignored","floor":21,"damage_taken":0},{"event_name":"Forgotten Altar","player_choice":"Gave Idol","floor":29,"damage_taken":0}],"is_beta":false,"boss_relics":[{"not_picked":["Empty Cage","Runic Dome"],"picked":"Runic Cube"}],"items_purged_floors":[],"is_endless":false,"potions_floor_spawned":[1,3,12,16,18,20,28],"killed_by":"Champ","ascension_level":0}