{"gold_per_floor":[18,33,33,53,6,26,26,54,66,78,117,143,120,34,34,136,136,154,169,169,184,184,219,230,246,246,246,265,265,277,296,296,400,400,410,427,477,32,32],"floor_reached":39,"playtime":4271,"items_purged":[],"score":457,"play_id":"2eff8e96-be16-4e60-abfd-9d9f628e3bf0","local_time":"20190810140732","is_ascension_mode":false,"campfire_choices":[{"data":"Anger","floor":10.0,"key":"SMITH"},{"data":"Flex","floor":15.0,"key":"SMITH"},{"floor":27.0,"key":"REST"},{"data":"Demon Form","floor":29.0,"key":"SMITH"},{"floor":32.0,"key":"REST"}],"neow_cost":"NO_GOLD","seed_source_timestamp":0,"circlet_count":0,"master_deck":["Strike_R","Strike_R","Strike_R","Strike_R","Strike_R","Defend_R","Defend_R","Defend_R","Defend_R","Bash","Sword Boomerang","Heavy Blade+1","Impervious","Flex+1","Anger+1","Heavy Blade+1","Uppercut","Dual Wield","Inflame","Clash","Demon Form+1","Pommel Strike+1","Second Wind","Searing Blow+1","Blood for Blood+1","Ghostly Armor","Dual Wield+1","Clash+1","Infernal Blade+1","Second Wind+1","Dark Embrace","True Grit+1","Clothesline+1","Shrug It Off+1","Feel No Pain","Mayhem","Shrug It Off","Anger"],"special_seed":0,"relics":["Black Blood","MawBank","Shuriken","Gambling Chip","FaceOfCleric","Gremlin Horn","Red Skull","Eternal Feather","Pocketwatch","Whetstone"],"potions_floor_usage":[36,37,39],"damage_taken":[{"damage":0.0,"enemies":"2 Louse","floor":1.0,"turns":3.0},{"damage":1.0,"enemies":"Cultist","floor":2.0,"turns":4.0},{"damage":12.0,"enemies":"Small Slimes","floor":4.0,"turns":3.0},{"damage":4.0,"enemies":"Blue Slaver","floor":6.0,"turns":3.0},{"damage":20.0,"enemies":"Looter","floor":8.0,"turns":3.0},{"damage":49.0,"enemies":"3 Sentries","floor":11.0,"turns":8.0},{"damage":7.0,"enemies":"Red Slaver","floor":12.0,"turns":3.0},{"damage":40.0,"enemies":"Hexaghost","floor":16.0,"turns":8.0},{"damage":10.0,"enemies":"Spheric Guardian","floor":18.0,"turns":3.0},{"damage":2.0,"enemies":"Chosen","floor":19.0,"turns":4.0},{"damage":18.0,"enemies":"Snecko","floor":21.0,"turns":5.0},{"damage":70.0,"enemies":"Book of Stabbing","floor":23.0,"turns":7.0},{"damage":6.0,"enemies":"Cultist and Chosen","floor":24.0,"turns":4.0},{"damage":12.0,"enemies":"3 Cultists","floor":25.0,"turns":4.0},{"damage":42.0,"enemies":"Chosen and Byrds","floor":28.0,"turns":6.0},{"damage":21.0,"enemies":"Cultist and Chosen","floor":30.0,"turns":5.0},{"damage":0.0,"enemies":"Snake Plant","floor":31.0,"turns":3.0},{"damage":37.0,"enemies":"Automaton","floor":33.0,"turns":6.0},{"damage":14,"enemies":"3 Shapes","floor":35,"turns":3},{"damage":39,"enemies":"3 Darklings","floor":36,"turns":6},{"damage":71,"enemies":"2 Orb Walkers","floor":37,"turns":5},{"damage":18,"enemies":"Maw","floor":39,"turns":5}],"seed_played":"6211156070106650601","potions_obtained":[{"floor":2.0,"key":"Energy Potion"},{"floor":4.0,"key":"Dexterity Potion"},{"floor":8.0,"key":"Fire Potion"},{"floor":21.0,"key":"GamblersBrew"},{"floor":23.0,"key":"Energy Potion"},{"floor":24.0,"key":"LiquidBronze"},{"floor":28.0,"key":"AttackPotion"},{"floor":37,"key":"SkillPotion"}],"is_trial":false,"path_per_floor":["M","M","?","M","$","M","?","M","T","R","E","M","?","$","R","B",null,"M","M","?","M","?","E","M","M","T","R","M","R","M","M","R","B",null,"M","M","?","$","M"],"character_chosen":"IRONCLAD","items_purchased":["Flex","Inflame","Clash","Feel No Pain","Mayhem","Whetstone","Shrug It Off","Anger"],"campfire_rested":2,"item_purchase_floors":[5,14,14,38,38,38,38,38],"current_hp_per_floor":[96,96,96,90,90,92,92,78,78,78,35,34,58,58,58,24,96,96,96,96,88,88,29,34,33,33,62,31,31,21,32,62,36,103,100,72,12,12,0],"gold":32,"neow_bonus":"TWENTY_PERCENT_HP_BONUS","is_prod":false,"is_daily":false,"chose_seed":false,"campfire_upgraded":3,"win_rate":0.0,"timestamp":1565438852,"path_taken":["M","M","?","M","$","M","?","?","T","R","E","M","?","$","R","BOSS","M","M","?","M","?","E","M","M","T","R","?","R","M","M","R","BOSS","M","M","?","$","M"],"build_version":"2019-07-17","purchased_purges":0,"victory":false,"max_hp_per_floor":[96,96,96,96,96,96,96,96,96,96,96,96,96,96,96,96,96,96,96,96,96,96,97,98,99,99,99,100,100,101,102,102,103,103,104,105,106,106,106],"card_choices":[{"not_picked":["Clash","Second Wind"],"picked":"Sword Boomerang","floor":1.0},{"not_picked":["Clash","Perfected Strike"],"picked":"Heavy Blade","floor":2.0},{"not_picked":["Body Slam","Disarm"],"picked":"Impervious","floor":4.0},{"not_picked":["Rupture","Entrench"],"picked":"Anger","floor":6.0},{"not_picked":["Fire Breathing","Thunderclap"],"picked":"Heavy Blade","floor":8.0},{"not_picked":["Feel No Pain","Burning Pact"],"picked":"Uppercut","floor":11.0},{"not_picked":["Thunderclap","Heavy Blade"],"picked":"Dual Wield","floor":12.0},{"not_picked":["Feed","Impervious"],"picked":"Demon Form","floor":16.0},{"not_picked":["Clash","Twin Strike"],"picked":"Pommel Strike+1","floor":18.0},{"not_picked":["Feel No Pain","Twin Strike"],"picked":"Second Wind","floor":19.0},{"not_picked":["Clash","Iron Wave"],"picked":"Searing Blow","floor":21.0},{"not_picked":["Uppercut+1","Pommel Strike+1"],"picked":"Blood for Blood+1","floor":23.0},{"not_picked":["True Grit","Flex"],"picked":"Ghostly Armor","floor":24.0},{"not_picked":["Fire Breathing","Searing Blow"],"picked":"Dual Wield+1","floor":25.0},{"not_picked":["Perfected Strike","Sword Boomerang"],"picked":"Clash+1","floor":28.0},{"not_picked":["Thunderclap","Clash"],"picked":"Infernal Blade+1","floor":30.0},{"not_picked":["Twin Strike","Sword Boomerang"],"picked":"Second Wind+1","floor":31.0},{"not_picked":["Brutality","Juggernaut"],"picked":"Dark Embrace","floor":33.0},{"not_picked":["Warcry","Second Wind"],"picked":"True Grit+1","floor":35},{"not_picked":["Twin Strike+1","Ghostly Armor"],"picked":"Clothesline+1","floor":36},{"not_picked":["Flame Barrier+1","Twin Strike+1"],"picked":"Shrug It Off+1","floor":37}],"player_experience":5154,"relics_obtained":[{"floor":7.0,"key":"MawBank"},{"floor":9.0,"key":"Shuriken"},{"floor":11.0,"key":"Gambling Chip"},{"floor":23.0,"key":"Gremlin Horn"},{"floor":26.0,"key":"Red Skull"},{"floor":37,"key":"Pocketwatch"}],"event_choices":[{"damage_healed":0.0,"max_hp_gain":0.0,"max_hp_loss":0.0,"gold_gain":0.0,"event_name":"Living Wall","player_choice":"Grow","floor":3.0,"gold_loss":0.0,"damage_taken":0.0,"cards_upgraded":["Heavy Blade"]},{"damage_healed":0.0,"max_hp_gain":0.0,"max_hp_loss":0.0,"gold_gain":0.0,"event_name":"Wheel of Change","player_choice":"Relic","floor":7.0,"gold_loss":0.0,"damage_taken":0.0},{"damage_healed":24.0,"max_hp_gain":0.0,"max_hp_loss":0.0,"gold_gain":0.0,"event_name":"The Cleric","player_choice":"Healed","floor":13.0,"gold_loss":35.0,"damage_taken":0.0},{"damage_healed":0.0,"max_hp_gain":0.0,"max_hp_loss":0.0,"gold_gain":0.0,"event_name":"Beggar","player_choice":"Ignored","floor":20.0,"gold_loss":0.0,"damage_taken":0.0},{"damage_healed":0.0,"max_hp_gain":0.0,"max_hp_loss":0.0,"gold_gain":0.0,"event_name":"FaceTrader","player_choice":"Trade","floor":22.0,"gold_loss":0.0,"damage_taken":0.0,"relics_obtained":["FaceOfCleric"]},{"damage_healed":0,"gold_gain":0,"player_choice":"Fight","damage_taken":0,"max_hp_gain":0,"max_hp_loss":0,"event_name":"Mysterious Sphere","floor":37,"gold_loss":0}],"is_beta":false,"boss_relics":[{"not_picked":["Calling Bell","Runic Pyramid"],"picked":"Black Blood"},{"not_picked":["Philosopher\u0027s Stone","Black Star"],"picked":"Eternal Feather"}],"items_purged_floors":[],"is_endless":false,"potions_floor_spawned":[2,4,8,21,23,24,28,37],"killed_by":"Maw","ascension_level":0}