{"gold_per_floor":[111,111,111,122,297,322,337,337,391,423,442,469,469,482,482,586,586,601,611,611],"floor_reached":20,"playtime":1108,"items_purged":[],"score":252,"play_id":"828e2d94-2a38-484b-9ff4-7937900f0354","local_time":"20190822115411","is_ascension_mode":true,"campfire_choices":[{"floor":13,"key":"RECALL"},{"data":"Anger","floor":15,"key":"SMITH"}],"neow_cost":"NONE","seed_source_timestamp":223457023233600,"circlet_count":0,"master_deck":["Strike_R","Strike_R","Strike_R","Strike_R","Strike_R","Defend_R","Defend_R","Defend_R","Bash","Spot Weakness","Offering","Cleave","Doubt","Anger+1","Pommel Strike","Regret","Rampage","Shrug It Off","Rage","Juggernaut","Brutality","Clash+1","Inflame+1"],"relics":["Burning Blood","PreservedInsect","Anchor","Dream Catcher","Happy Flower","Bronze Scales","Incense Burner","Ornamental Fan","Black Star"],"potions_floor_usage":[6,20],"damage_taken":[{"damage":5,"enemies":"Small Slimes","floor":1,"turns":3},{"damage":0,"enemies":"Jaw Worm","floor":4,"turns":3},{"damage":10,"enemies":"Gremlin Nob","floor":6,"turns":3},{"damage":0,"enemies":"2 Louse","floor":7,"turns":2},{"damage":3,"enemies":"3 Sentries","floor":10,"turns":3},{"damage":13,"enemies":"Large Slime","floor":11,"turns":5},{"damage":11,"enemies":"Gremlin Nob","floor":12,"turns":3},{"damage":0,"enemies":"Looter","floor":14,"turns":2},{"damage":44,"enemies":"The Guardian","floor":16,"turns":8},{"damage":24,"enemies":"Shell Parasite","floor":18,"turns":5},{"damage":32,"enemies":"Spheric Guardian","floor":19,"turns":4},{"damage":36,"enemies":"Masked Bandits","floor":20,"turns":2}],"seed_played":"-7765607173413098817","potions_obtained":[{"floor":1,"key":"Fire Potion"},{"floor":7,"key":"Energy Potion"},{"floor":16,"key":"FearPotion"},{"floor":18,"key":"SteroidPotion"}],"is_trial":false,"path_per_floor":["M","?","?","M","?","E","M","?","T","E","M","E","R","M","R","B",null,"M","M","?"],"character_chosen":"IRONCLAD","items_purchased":[],"campfire_rested":0,"item_purchase_floors":[],"current_hp_per_floor":[80,80,77,80,80,76,80,80,80,80,73,68,68,74,74,36,80,62,36,0],"gold":611,"neow_bonus":"RANDOM_COMMON_RELIC","is_prod":false,"is_daily":false,"chose_seed":false,"campfire_upgraded":1,"win_rate":0,"timestamp":1566500051,"path_taken":["M","?","?","M","?","E","M","?","T","E","M","E","R","M","R","BOSS","M","M","?"],"build_version":"2019-07-17","purchased_purges":0,"victory":false,"max_hp_per_floor":[80,80,80,80,80,80,80,80,80,80,80,80,80,80,80,80,80,80,80,80],"card_choices":[{"not_picked":["Warcry","Clothesline"],"picked":"Spot Weakness","floor":1},{"not_picked":["Thunderclap","Iron Wave"],"picked":"Cleave","floor":4},{"not_picked":["Iron Wave","Body Slam"],"picked":"Anger","floor":6},{"not_picked":["Sword Boomerang","Clothesline"],"picked":"Pommel Strike","floor":7},{"not_picked":["Rupture","Feel No Pain"],"picked":"Rampage","floor":10},{"not_picked":["Clothesline","Pommel Strike"],"picked":"Shrug It Off","floor":11},{"not_picked":["Twin Strike","Body Slam"],"picked":"Rage","floor":12},{"not_picked":["Body Slam","Power Through"],"picked":"Juggernaut","floor":14},{"not_picked":["Reaper","Immolate"],"picked":"Brutality","floor":16},{"not_picked":["Whirlwind","Ghostly Armor"],"picked":"Clash+1","floor":18},{"not_picked":["Uppercut","Shrug It Off"],"picked":"Inflame+1","floor":19}],"player_experience":65883,"relics_obtained":[{"floor":6,"key":"Dream Catcher"},{"floor":9,"key":"Bronze Scales"},{"floor":10,"key":"Incense Burner"},{"floor":12,"key":"Ornamental Fan"}],"event_choices":[{"damage_healed":0,"gold_gain":0,"cards_transformed":["Defend_R"],"player_choice":"Change","damage_taken":0,"max_hp_gain":0,"max_hp_loss":0,"event_name":"Living Wall","floor":2,"gold_loss":0,"cards_obtained":["Offering"]},{"damage_healed":0,"gold_gain":0,"player_choice":"Success","damage_taken":3,"relics_obtained":["Anchor"],"max_hp_gain":0,"max_hp_loss":0,"event_name":"Scrap Ooze","floor":3,"gold_loss":0},{"damage_healed":0,"gold_gain":175,"player_choice":"AGREE","damage_taken":0,"max_hp_gain":0,"max_hp_loss":0,"event_name":"Liars Game","floor":5,"gold_loss":0,"cards_obtained":["Doubt"]},{"damage_healed":0,"gold_gain":0,"player_choice":"Box","damage_taken":0,"relics_obtained":["Happy Flower"],"max_hp_gain":0,"max_hp_loss":0,"event_name":"Big Fish","floor":8,"gold_loss":0,"cards_obtained":["Regret"]},{"damage_healed":0,"gold_gain":0,"player_choice":"Fought Bandits","damage_taken":0,"max_hp_gain":0,"max_hp_loss":0,"event_name":"Masked Bandits","floor":20,"gold_loss":0}],"is_beta":false,"boss_relics":[{"not_picked":["Busted Crown","Lizard Tail"],"picked":"Black Star"}],"items_purged_floors":[],"is_endless":false,"potions_floor_spawned":[1,7,16,18],"killed_by":"Masked Bandits","ascension_level":3}