{"gold_per_floor":[11,31,51,61,71,98,98,130,130,165,177,190,224,241,241,345,345,360,360,360,379,396,396,396,466,466,481,491,503,503],"floor_reached":30,"playtime":2730,"items_purged":[],"score":452,"play_id":"720b5dd7-d78a-4e86-9c14-4aa75c41c4ca","local_time":"20190826083624","is_ascension_mode":true,"campfire_choices":[{"floor":7,"key":"REST"},{"data":"Barricade","floor":15,"key":"SMITH"},{"floor":23,"key":"REST"}],"neow_cost":"NO_GOLD","seed_source_timestamp":437503947943500,"circlet_count":0,"master_deck":["AscendersBane","Strike_R+1","Defend_R+1","Defend_R+1","Defend_R+1","Bash","Feed","Double Tap","Infernal Blade","Flex","Dropkick","Dark Embrace","Battle Trance","Flame Barrier","Anger","Evolve","Second Wind","True Grit","Barricade+1","Fiend Fire","Warcry+1","Double Tap+1","Shrug It Off+1","Intimidate+1","Warcry+1","Warcry+1","Exhume","Shrug It Off","Wild Strike"],"relics":["Burning Blood","Darkstone Periapt","Kunai","Blue Candle","Mango","Dodecahedron","Astrolabe","Frozen Egg 2","Bottled Flame","Self Forming Clay"],"potions_floor_usage":[5,10,10,13,16,16,21,21,22,29,30],"damage_taken":[{"damage":1,"enemies":"Cultist","floor":1,"turns":4},{"damage":6,"enemies":"2 Louse","floor":2,"turns":3},{"damage":12,"enemies":"Jaw Worm","floor":3,"turns":2},{"damage":14,"enemies":"Red Slaver","floor":4,"turns":2},{"damage":42,"enemies":"Gremlin Gang","floor":5,"turns":5},{"damage":40,"enemies":"Gremlin Nob","floor":6,"turns":4},{"damage":25,"enemies":"Lagavulin","floor":8,"turns":7},{"damage":4,"enemies":"Gremlin Nob","floor":10,"turns":3},{"damage":8,"enemies":"Blue Slaver","floor":11,"turns":4},{"damage":2,"enemies":"Large Slime","floor":12,"turns":5},{"damage":21,"enemies":"Lagavulin","floor":13,"turns":6},{"damage":0,"enemies":"Exordium Wildlife","floor":14,"turns":2},{"damage":38,"enemies":"Slime Boss","floor":16,"turns":7},{"damage":33,"enemies":"Shell Parasite","floor":18,"turns":7},{"damage":1,"enemies":"Chosen","floor":21,"turns":4},{"damage":38,"enemies":"Snecko","floor":22,"turns":10},{"damage":25,"enemies":"Snake Plant","floor":27,"turns":8},{"damage":38,"enemies":"Sentry and Sphere","floor":28,"turns":10},{"damage":22,"enemies":"Snecko","floor":29,"turns":11},{"damage":20,"enemies":"Shelled Parasite and Fungi","floor":30,"turns":6}],"seed_played":"2747733990592649667","potions_obtained":[{"floor":1,"key":"BloodPotion"},{"floor":6,"key":"Explosive Potion"},{"floor":8,"key":"Block Potion"},{"floor":10,"key":"FearPotion"},{"floor":11,"key":"SkillPotion"},{"floor":14,"key":"Energy Potion"},{"floor":20,"key":"Explosive Potion"},{"floor":20,"key":"Weak Potion"},{"floor":20,"key":"AttackPotion"},{"floor":21,"key":"LiquidBronze"},{"floor":27,"key":"Ancient Potion"}],"is_trial":false,"path_per_floor":["M","M","M","M","M","E","R","E","T","E","M","M","E","M","R","B",null,"M","?","?","M","M","R","?","T","T","M","M","M","M"],"character_chosen":"IRONCLAD","items_purchased":[],"campfire_rested":2,"item_purchase_floors":[],"current_hp_per_floor":[80,83,80,72,62,28,55,36,36,52,50,57,45,54,54,22,92,65,65,65,70,38,72,72,72,72,53,24,11,0],"gold":503,"neow_bonus":"TRANSFORM_TWO_CARDS","is_prod":false,"is_daily":false,"chose_seed":false,"campfire_upgraded":1,"win_rate":0,"timestamp":1566776184,"path_taken":["M","M","M","M","M","E","R","E","T","E","?","M","E","M","R","BOSS","M","?","?","?","?","R","?","?","T","M","M","M","M"],"build_version":"2019-07-17","purchased_purges":0,"victory":false,"max_hp_per_floor":[83,86,89,89,92,92,92,92,92,106,106,109,112,115,115,115,115,115,115,115,115,115,115,115,115,115,115,118,121,121],"card_choices":[{"not_picked":["Warcry","Entrench"],"picked":"Infernal Blade","floor":1},{"not_picked":["Intimidate","Shrug It Off"],"picked":"Flex","floor":2},{"not_picked":["Thunderclap","Rampage"],"picked":"Dropkick","floor":3},{"not_picked":["Whirlwind","Cleave"],"picked":"Dark Embrace","floor":4},{"not_picked":["Cleave","Wild Strike"],"picked":"Battle Trance","floor":5},{"not_picked":["Fire Breathing","Rage"],"picked":"Flame Barrier","floor":6},{"not_picked":["Headbutt","Bloodletting"],"picked":"Anger","floor":8},{"not_picked":["Rupture","Rage"],"picked":"Evolve","floor":10},{"not_picked":["Pommel Strike","Iron Wave"],"picked":"Second Wind","floor":11},{"not_picked":["Headbutt","Cleave"],"picked":"True Grit","floor":12},{"not_picked":["Combust","Rampage","Warcry"],"picked":"SKIP","floor":13},{"not_picked":["Iron Wave","Infernal Blade"],"picked":"Barricade","floor":14},{"not_picked":["Bludgeon","Feed"],"picked":"Fiend Fire","floor":16},{"not_picked":["Thunderclap+1","Pommel Strike"],"picked":"Intimidate+1","floor":18},{"not_picked":["Pommel Strike","Sword Boomerang+1"],"picked":"Warcry+1","floor":21},{"not_picked":["Heavy Blade+1","Sword Boomerang"],"picked":"Warcry+1","floor":22},{"not_picked":["Flex","Iron Wave"],"picked":"Exhume","floor":27},{"not_picked":["Body Slam","Searing Blow+1"],"picked":"Shrug It Off","floor":28},{"not_picked":["Anger","Dropkick"],"picked":"Wild Strike","floor":29}],"player_experience":832804,"relics_obtained":[{"floor":6,"key":"Darkstone Periapt"},{"floor":8,"key":"Kunai"},{"floor":9,"key":"Blue Candle"},{"floor":10,"key":"Mango"},{"floor":13,"key":"Dodecahedron"},{"floor":25,"key":"Bottled Flame"},{"floor":26,"key":"Self Forming Clay"}],"event_choices":[{"damage_healed":0,"gold_gain":0,"player_choice":"Opened","damage_taken":0,"relics_obtained":["Frozen Egg 2"],"max_hp_gain":0,"max_hp_loss":0,"event_name":"The Mausoleum","floor":19,"gold_loss":0},{"damage_healed":0,"gold_gain":0,"player_choice":"Got Potions","damage_taken":0,"max_hp_gain":0,"max_hp_loss":0,"event_name":"Lab","floor":20,"gold_loss":0},{"damage_healed":0,"gold_gain":0,"player_choice":"Simplicity","damage_taken":0,"max_hp_gain":0,"max_hp_loss":0,"event_name":"Back to Basics","floor":24,"gold_loss":0,"cards_upgraded":["Strike_R","Defend_R","Defend_R","Defend_R"]}],"is_beta":false,"boss_relics":[{"not_picked":["Lizard Tail","Eternal Feather"],"picked":"Astrolabe"}],"items_purged_floors":[],"is_endless":false,"potions_floor_spawned":[1,6,8,10,11,14,21,27],"killed_by":"Shelled Parasite and Fungi","ascension_level":10}