{"path_per_floor":["M","?","M","?","$","E","R","M","T","M","R","M","R","M","R","B",null,"M","?","?","M","?","E","R"],"character_chosen":"DEFECT","items_purchased":["Defragment"],"gold_per_floor":[116,116,132,132,51,76,76,96,96,113,113,133,133,147,147,252,252,265,265,190,206,233,267,267,267],"floor_reached":25,"campfire_rested":1,"playtime":1346,"item_purchase_floors":[5],"current_hp_per_floor":[75,75,75,75,75,75,75,75,75,72,72,70,70,70,70,58,75,53,53,53,40,29,1,23,0],"items_purged":[],"gold":267,"score":246,"play_id":"e448031c-81dd-42cb-bfa0-b16e284a0b53","local_time":"20180607034639","is_prod":false,"is_daily":false,"chose_seed":false,"is_ascension_mode":false,"campfire_upgraded":4,"win_rate":0.0,"timestamp":1528310799,"campfire_choices":[{"data":"Fission","floor":7,"key":"SMITH"},{"data":"Doom and Gloom","floor":11,"key":"SMITH"},{"data":"Glacier","floor":13,"key":"SMITH"},{"data":"Static Discharge","floor":15,"key":"SMITH"},{"floor":24,"key":"REST"}],"path_taken":["M","?","M","?","?","E","R","M","T","M","R","?","R","M","R","BOSS","M","?","?","?","?","E","R","M"],"build_version":"2018-05-31","seed_source_timestamp":828805246593260,"purchased_purges":0,"victory":false,"master_deck":["Strike_B","Strike_B","Defend_B","Defend_B","Defend_B","Zap","Dualcast","Coolheaded","Gash","Doom and Gloom+1","Glacier+1","Defragment","Fission+1","Chill","Cold Snap","Static Discharge+1","Steam","Rainbow","White Noise","Chill","Rebound","Loop","Coolheaded","Gash","Conserve Battery+1","Aggregate"],"max_hp_per_floor":[75,75,75,75,75,75,75,75,75,75,75,75,75,75,75,75,75,75,75,75,75,75,75,75,75],"relics":["Cracked Core","NeowsBlessing","The Courier","Ornamental Fan","Orrery","Red Mask","Vajra"],"card_choices":[{"not_picked":["Barrage","Compile Driver"],"picked":"Coolheaded","floor":1},{"not_picked":["Undo","Reinforced Body"],"picked":"Doom and Gloom","floor":3},{"not_picked":["Conserve Battery","Compile Driver"],"picked":"Fission","floor":6},{"not_picked":["Scrape","Stack"],"picked":"Chill","floor":8},{"not_picked":["Self Repair","Double Energy"],"picked":"Cold Snap","floor":10},{"not_picked":["Sweeping Beam","Conserve Battery"],"picked":"Static Discharge","floor":12},{"not_picked":["Leap","Fusion"],"picked":"Steam","floor":14},{"not_picked":["All For One","Biased Cognition"],"picked":"Rainbow","floor":16},{"not_picked":["Compile Driver","Lockon"],"picked":"White Noise","floor":17},{"not_picked":["Coolheaded","Defragment"],"picked":"Chill","floor":17},{"not_picked":["Hologram","Genetic Algorithm"],"picked":"Rebound","floor":17},{"not_picked":["Hologram","Reinforced Body"],"picked":"Loop","floor":17},{"not_picked":["Darkness+1","Rip and Tear"],"picked":"Coolheaded","floor":18},{"not_picked":["Redo","Stack"],"picked":"Gash","floor":21},{"not_picked":["Amplify","Redo"],"picked":"Conserve Battery+1","floor":22},{"not_picked":["Barrage+1","Undo"],"picked":"Aggregate","floor":23}],"player_experience":332319,"potions_floor_usage":[14,16,18,22],"damage_taken":[{"damage":0,"enemies":"2 Louse","floor":1,"turns":1},{"damage":0,"enemies":"Cultist","floor":3,"turns":1},{"damage":0,"enemies":"3 Sentries","floor":6,"turns":1},{"damage":0,"enemies":"Small Slimes","floor":8,"turns":4},{"damage":3,"enemies":"Blue Slaver","floor":10,"turns":4},{"damage":2,"enemies":"Exordium Wildlife","floor":12,"turns":3},{"damage":0,"enemies":"Exordium Thugs","floor":14,"turns":4},{"damage":12,"enemies":"The Guardian","floor":16,"turns":12},{"damage":22,"enemies":"2 Thieves","floor":18,"turns":4},{"damage":13,"enemies":"Shell Parasite","floor":21,"turns":7},{"damage":11,"enemies":"ï¢ñ ÇÃìêëØ","floor":22,"turns":4},{"damage":28,"enemies":"Book of Stabbing","floor":23,"turns":7},{"damage":25,"enemies":"Snecko","floor":25,"turns":5}],"relics_obtained":[{"floor":6,"key":"The Courier"},{"floor":9,"key":"Ornamental Fan"},{"floor":22,"key":"Red Mask"},{"floor":23,"key":"Vajra"}],"event_choices":[{"event_name":"Transmorgrifier","player_choice":"Transform","floor":2,"damage_taken":0},{"event_name":"Living Wall","player_choice":"Change","floor":4,"damage_taken":0},{"event_name":"Vampires","player_choice":"Ignored","floor":19,"damage_taken":0},{"event_name":"Beggar","player_choice":"Gave Gold","floor":20,"damage_taken":0}],"boss_relics":[{"not_picked":["Ectoplasm","Sozu"],"picked":"Orrery"}],"items_purged_floors":[],"potions_floor_spawned":[6,8,12,14,23],"seed_played":"2510940392911624346","killed_by":"Snecko","ascension_level":0,"potions_obtained":[{"floor":6,"key":"Ancient Potion"},{"floor":8,"key":"SpeedPotion"},{"floor":12,"key":"Block Potion"},{"floor":14,"key":"Fire Potion"},{"floor":23,"key":"Dexterity Potion"}],"is_trial":false}