{"gold_per_floor":[360,376,396,407,407,440,440,473,497,497,0,0],"floor_reached":12,"playtime":681,"items_purged":["Strike_R"],"score":101,"play_id":"98f60193-bc81-4df4-99d7-606f1446aa96","local_time":"20181025111416","is_ascension_mode":true,"campfire_choices":[{"floor":7,"key":"REST"}],"neow_cost":"TEN_PERCENT_HP_LOSS","seed_source_timestamp":738442467075447,"circlet_count":0,"master_deck":["Strike_R+1","Strike_R","Strike_R","Strike_R","Defend_R+1","Defend_R","Defend_R","Defend_R+1","Bash+1","Pommel Strike","Clothesline","Cleave","Twin Strike","Headbutt","Cleave"],"relics":["Burning Blood","Regal Pillow","Blood Vial","War Paint","MawBank","Shuriken","Medical Kit"],"potions_floor_usage":[6,6],"damage_taken":[{"damage":15,"enemies":"Small Slimes","floor":1,"turns":5},{"damage":0,"enemies":"2 Louse","floor":2,"turns":2},{"damage":9,"enemies":"Jaw Worm","floor":3,"turns":3},{"damage":17,"enemies":"Looter","floor":4,"turns":4},{"damage":35,"enemies":"3 Sentries","floor":6,"turns":6},{"damage":45,"enemies":"Lagavulin","floor":8,"turns":6},{"damage":19,"enemies":"Exordium Wildlife","floor":12,"turns":5}],"seed_played":"5330956950389334550","potions_obtained":[{"floor":1,"key":"Regen Potion"},{"floor":2,"key":"SteroidPotion"}],"is_trial":false,"path_per_floor":["M","M","M","M","?","E","R","E","T","?","$"],"character_chosen":"IRONCLAD","items_purchased":["Shuriken","Medical Kit"],"campfire_rested":1,"item_purchase_floors":[11,11],"current_hp_per_floor":[63,69,66,55,41,27,63,24,24,6,6,0],"gold":0,"neow_bonus":"TWO_FIFTY_GOLD","is_prod":false,"is_daily":false,"chose_seed":false,"campfire_upgraded":0,"win_rate":0,"timestamp":1540491256,"path_taken":["M","M","M","M","?","E","R","E","T","?","?","?"],"build_version":"2018-10-18","purchased_purges":1,"victory":false,"max_hp_per_floor":[72,72,72,72,72,72,72,72,72,72,72,72],"card_choices":[{"not_picked":["Battle Trance","Sword Boomerang"],"picked":"Pommel Strike","floor":1},{"not_picked":["Twin Strike","Entrench"],"picked":"Clothesline","floor":2},{"not_picked":["Hemokinesis","Anger"],"picked":"Cleave","floor":3},{"not_picked":["Perfected Strike","Sword Boomerang"],"picked":"Twin Strike","floor":4},{"not_picked":["Anger","Wild Strike"],"picked":"Headbutt","floor":6},{"not_picked":["Clash","Clothesline"],"picked":"Cleave","floor":8}],"player_experience":176284,"relics_obtained":[{"floor":6,"key":"Regal Pillow"},{"floor":8,"key":"Blood Vial"},{"floor":9,"key":"War Paint"}],"event_choices":[{"damage_healed":0,"gold_gain":0,"player_choice":"Entered Light","damage_taken":14,"max_hp_gain":0,"max_hp_loss":0,"event_name":"Shining Light","floor":5,"gold_loss":0,"cards_upgraded":["Strike_R","Bash"]},{"damage_healed":0,"gold_gain":0,"player_choice":"Success","damage_taken":18,"relics_obtained":["MawBank"],"max_hp_gain":0,"max_hp_loss":0,"event_name":"Scrap Ooze","floor":10,"gold_loss":0}],"is_beta":false,"boss_relics":[],"items_purged_floors":[11],"is_endless":false,"potions_floor_spawned":[1,2],"killed_by":"Exordium Wildlife","ascension_level":3}