{"gold_per_floor":[109,127,127,127,17,50,66,66,119,145,33,98,149,324,324,424,424,437,1,16,16,29,29,62,93,117,127,127,159,179,279,279,374,374,385,385,385,58,73,73,102,113,139,153,187,187,202,222,222,222,222,222,35,64,64],"floor_reached":56,"playtime":4996,"items_purged":["Strike_G","Strike_G+1"],"score":1362,"play_id":"7d87fe05-9a93-480b-8057-af8acfad7131","local_time":"20190827203557","is_ascension_mode":true,"campfire_choices":[{"floor":8,"key":"REST"},{"data":"Catalyst","floor":15,"key":"SMITH"},{"floor":23,"key":"REST"},{"floor":28,"key":"REST"},{"floor":32,"key":"REST"},{"floor":40,"key":"REST"},{"floor":46,"key":"REST"},{"floor":49,"key":"RECALL"},{"data":"Noxious Fumes","floor":52,"key":"SMITH"}],"neow_cost":"NONE","seed_source_timestamp":3781333553800,"circlet_count":0,"master_deck":["Strike_G+1","Strike_G+1","Defend_G+1","Defend_G+1","Defend_G+1","Defend_G+1","Defend_G+1","Survivor","Neutralize+1","Riddle With Holes+1","Crippling Poison","Mind Blast","Neutralize","Die Die Die+1","Footwork","Dash","PiercingWail","Calculated Gamble","Reflex","Noxious Fumes+1","Catalyst+1","Footwork","Doubt","Die Die Die","Bouncing Flask+1","Backflip+1","Adrenaline","Backflip","After Image","Backflip+1","Escape Plan","Backstab","Bouncing Flask+1","PiercingWail","Parasite","Crippling Poison","Burst"],"relics":["Ring of the Serpent","Orichalcum","Bag of Preparation","Mango","Tiny Chest","Whetstone","TwistedFunnel","Regal Pillow","Bronze Scales","Red Mask","Snake Skull","Matryoshka","Gambling Chip","Paper Crane","Cursed Key","Vajra","Lantern","Ancient Tea Set","Centennial Puzzle","Oddly Smooth Stone","Mummified Hand"],"potions_floor_usage":[10,12,24,25,29,33,37,41,42,45,45,45,45,45,45,47,50,50,50,55],"damage_taken":[{"damage":6,"enemies":"Jaw Worm","floor":1,"turns":8},{"damage":2,"enemies":"2 Louse","floor":2,"turns":3},{"damage":13,"enemies":"3 Sentries","floor":6,"turns":8},{"damage":0,"enemies":"Cultist","floor":7,"turns":4},{"damage":0,"enemies":"Lagavulin","floor":10,"turns":8},{"damage":8,"enemies":"3 Sentries","floor":12,"turns":7},{"damage":9,"enemies":"Hexaghost","floor":16,"turns":10},{"damage":15,"enemies":"Spheric Guardian","floor":18,"turns":6},{"damage":11,"enemies":"2 Thieves","floor":20,"turns":3},{"damage":6,"enemies":"Snake Plant","floor":22,"turns":4},{"damage":22,"enemies":"Slavers","floor":24,"turns":5},{"damage":7,"enemies":"Masked Bandits","floor":25,"turns":3},{"damage":0,"enemies":"Centurion and Healer","floor":27,"turns":4},{"damage":8,"enemies":"Book of Stabbing","floor":29,"turns":6},{"damage":0,"enemies":"Shelled Parasite and Fungi","floor":30,"turns":4},{"damage":1,"enemies":"Colosseum Slavers","floor":31,"turns":3},{"damage":12,"enemies":"Colosseum Nobs","floor":31,"turns":5},{"damage":17,"enemies":"Champ","floor":33,"turns":8},{"damage":36,"enemies":"3 Shapes","floor":35,"turns":2},{"damage":4,"enemies":"3 Darklings","floor":39,"turns":2},{"damage":20,"enemies":"Reptomancer","floor":41,"turns":5},{"damage":13,"enemies":"Sphere and 2 Shapes","floor":42,"turns":2},{"damage":11,"enemies":"Writhing Mass","floor":44,"turns":3},{"damage":21,"enemies":"Nemesis","floor":45,"turns":5},{"damage":0,"enemies":"Transient","floor":47,"turns":5},{"damage":0,"enemies":"Jaw Worm Horde","floor":48,"turns":3},{"damage":15,"enemies":"Time Eater","floor":50,"turns":5},{"damage":8,"enemies":"Shield and Spear","floor":54,"turns":4},{"damage":35,"enemies":"The Heart","floor":55,"turns":8}],"seed_played":"-4127240884895136417","potions_obtained":[{"floor":1,"key":"Poison Potion"},{"floor":2,"key":"Regen Potion"},{"floor":18,"key":"Poison Potion"},{"floor":20,"key":"Dexterity Potion"},{"floor":22,"key":"SkillPotion"},{"floor":24,"key":"EssenceOfSteel"},{"floor":33,"key":"EntropicBrew"},{"floor":37,"key":"Fruit Juice"},{"floor":37,"key":"Fire Potion"},{"floor":37,"key":"EntropicBrew"},{"floor":41,"key":"SkillPotion"},{"floor":45,"key":"AttackPotion"},{"floor":47,"key":"Poison Potion"},{"floor":48,"key":"Weak Potion"},{"floor":54,"key":"Fire Potion"}],"is_trial":false,"path_per_floor":["M","M","?","?","$","E","M","R","T","E","$","E","T","?","R","B",null,"M","$","M","?","M","R","E","?","T","M","R","E","M","?","R","B",null,"M","?","?","$","M","R","E","M","T","M","E","R","M","M","R","B",null,"R","$","E","B",null],"character_chosen":"THE_SILENT","items_purchased":["Footwork","Dash","Noxious Fumes","Catalyst","TwistedFunnel","Regal Pillow","Vajra","Escape Plan","Oddly Smooth Stone","Crippling Poison"],"campfire_rested":6,"item_purchase_floors":[5,5,11,11,19,19,38,38,53,53],"current_hp_per_floor":[64,62,55,55,55,42,42,63,63,77,77,81,81,81,81,72,84,69,69,58,58,52,84,62,55,55,55,84,76,76,63,84,67,84,48,48,53,53,49,89,69,56,56,45,24,65,65,65,65,50,89,89,89,81,46],"gold":64,"neow_bonus":"UPGRADE_CARD","is_prod":false,"is_daily":false,"chose_seed":false,"campfire_upgraded":2,"win_rate":0,"timestamp":1566930957,"path_taken":["M","M","?","?","$","E","?","R","T","E","$","E","?","?","R","BOSS","M","$","M","?","M","R","E","?","T","M","R","E","M","?","R","BOSS","M","?","?","$","?","R","E","M","T","M","E","R","M","M","R","BOSS","R","$","E","BOSS"],"build_version":"2019-07-17","purchased_purges":2,"victory":true,"max_hp_per_floor":[70,70,70,70,70,70,70,70,70,84,84,84,84,84,84,84,84,84,84,84,84,84,84,84,84,84,84,84,84,84,84,84,84,84,84,84,89,89,89,89,89,89,89,89,89,89,89,89,89,89,89,89,89,89,89],"card_choices":[{"not_picked":["Prepared","Flying Knee"],"picked":"Riddle With Holes","floor":1},{"not_picked":["Bane","Deadly Poison"],"picked":"Crippling Poison","floor":2},{"not_picked":["Cloak And Dagger","Doppelganger"],"picked":"PiercingWail","floor":6},{"not_picked":["Poisoned Stab","Accuracy"],"picked":"Calculated Gamble","floor":7},{"not_picked":["Dagger Throw","Cloak And Dagger"],"picked":"Reflex","floor":10},{"not_picked":["Riddle With Holes","Heel Hook"],"picked":"Footwork","floor":12},{"not_picked":["Malaise","Glass Knife"],"picked":"Die Die Die","floor":16},{"not_picked":["Dagger Throw+1","PiercingWail+1"],"picked":"Bouncing Flask+1","floor":18},{"not_picked":["Dagger Spray","Cloak And Dagger"],"picked":"Backflip+1","floor":20},{"not_picked":["Dagger Throw","Flying Knee+1","Acrobatics"],"picked":"SKIP","floor":22},{"not_picked":["Flechettes","Calculated Gamble"],"picked":"Adrenaline","floor":24},{"not_picked":["Prepared","Acrobatics","Masterful Stab"],"picked":"SKIP","floor":27},{"not_picked":["Cloak And Dagger","Dagger Throw"],"picked":"Backflip","floor":29},{"not_picked":["Predator","Bane"],"picked":"Deadly Poison","floor":30},{"not_picked":["Bullet Time","Storm of Steel"],"picked":"After Image","floor":33},{"not_picked":["Calculated Gamble","Dash+1"],"picked":"Backflip+1","floor":35},{"not_picked":["Outmaneuver+1","Blur"],"picked":"Backstab","floor":39},{"not_picked":["Venomology","Backflip"],"picked":"Bouncing Flask+1","floor":41},{"not_picked":["Blade Dance+1","Slice"],"picked":"PiercingWail","floor":42},{"not_picked":["Deflect+1","Cloak And Dagger","Quick Slash"],"picked":"SKIP","floor":44},{"not_picked":["Flying Knee","Dagger Spray","Infinite Blades+1"],"picked":"SKIP","floor":45},{"not_picked":["Calculated Gamble+1","Sucker Punch+1","Endless Agony+1"],"picked":"SKIP","floor":47},{"not_picked":["Outmaneuver+1","Terror+1","Blade Dance+1"],"picked":"SKIP","floor":48},{"not_picked":["Accuracy","Reflex"],"picked":"Burst","floor":54}],"player_experience":74075,"relics_obtained":[{"floor":6,"key":"Orichalcum"},{"floor":9,"key":"Bag of Preparation"},{"floor":10,"key":"Mango"},{"floor":12,"key":"Tiny Chest"},{"floor":13,"key":"Whetstone"},{"floor":24,"key":"Bronze Scales"},{"floor":25,"key":"Red Mask"},{"floor":26,"key":"Snake Skull"},{"floor":29,"key":"Matryoshka"},{"floor":31,"key":"Gambling Chip"},{"floor":31,"key":"Paper Crane"},{"floor":41,"key":"Lantern"},{"floor":43,"key":"Ancient Tea Set"},{"floor":45,"key":"Centennial Puzzle"},{"floor":54,"key":"Mummified Hand"}],"event_choices":[{"cards_removed":["Strike_G"],"damage_healed":0,"gold_gain":0,"player_choice":"Card Removal","damage_taken":7,"max_hp_gain":0,"max_hp_loss":0,"event_name":"Golden Wing","floor":3,"gold_loss":0},{"damage_healed":0,"gold_gain":0,"player_choice":"3 cards matched","damage_taken":0,"max_hp_gain":0,"max_hp_loss":0,"event_name":"Match and Keep!","floor":4,"gold_loss":0,"cards_obtained":["Mind Blast","Neutralize","Die Die Die"]},{"damage_healed":0,"gold_gain":175,"player_choice":"AGREE","damage_taken":0,"max_hp_gain":0,"max_hp_loss":0,"event_name":"Liars Game","floor":14,"gold_loss":0,"cards_obtained":["Doubt"]},{"damage_healed":0,"gold_gain":0,"player_choice":"Simplicity","damage_taken":0,"max_hp_gain":0,"max_hp_loss":0,"event_name":"Back to Basics","floor":21,"gold_loss":0,"cards_upgraded":["Strike_G","Strike_G","Strike_G","Defend_G","Defend_G","Defend_G","Defend_G","Defend_G"]},{"damage_healed":0,"gold_gain":0,"player_choice":"Fought Bandits","damage_taken":0,"max_hp_gain":0,"max_hp_loss":0,"event_name":"Masked Bandits","floor":25,"gold_loss":0},{"damage_healed":0,"gold_gain":0,"player_choice":"Fight","damage_taken":0,"max_hp_gain":0,"max_hp_loss":0,"event_name":"Colosseum","floor":31,"gold_loss":0},{"damage_healed":0,"gold_gain":0,"player_choice":"Fought Nobs","damage_taken":0,"max_hp_gain":0,"max_hp_loss":0,"event_name":"Colosseum","floor":31,"gold_loss":0},{"cards_removed":["Deadly Poison"],"damage_healed":0,"gold_gain":0,"player_choice":"Removed Skill","damage_taken":0,"max_hp_gain":0,"max_hp_loss":0,"event_name":"Falling","floor":36,"gold_loss":0},{"damage_healed":0,"gold_gain":0,"player_choice":"Got Potions","damage_taken":0,"max_hp_gain":0,"max_hp_loss":0,"event_name":"Lab","floor":37,"gold_loss":0}],"is_beta":false,"boss_relics":[{"not_picked":["Lizard Tail","Black Star"],"picked":"Ring of the Serpent"},{"not_picked":["WristBlade","HoveringKite"],"picked":"Cursed Key"}],"items_purged_floors":[19,38],"is_endless":false,"potions_floor_spawned":[1,2,18,20,22,24,31,33,41,45,47,48,54],"ascension_level":1}