{"gold_per_floor":[117,127,145,95,95,95,106,106,106,106,69,95,110,126,126,229,229,247,88,98,197,214,240,240,273,273,289,289,289,309,309],"floor_reached":31,"playtime":2558,"items_purged":["Regret"],"score":316,"play_id":"281060fb-59cb-442a-8a1c-a299a08dc95b","local_time":"20190703101844","is_ascension_mode":true,"campfire_choices":[{"data":"Neutralize","floor":6,"key":"SMITH"},{"data":"Sucker Punch","floor":8,"key":"SMITH"},{"data":"Dagger Spray","floor":10,"key":"SMITH"},{"data":"Sucker Punch","floor":15,"key":"SMITH"},{"data":"Bullet Time","floor":24,"key":"SMITH"},{"data":"Blur","floor":28,"key":"SMITH"}],"neow_cost":"NONE","seed_source_timestamp":165854427868100,"circlet_count":0,"master_deck":["Strike_G","Strike_G","Strike_G","Defend_G","Defend_G","Defend_G","Defend_G","Defend_G","Survivor","Neutralize+1","Sucker Punch+1","Dagger Spray","Storm of Steel","Dagger Spray+1","Well Laid Plans","Burst","Cloak And Dagger","Sucker Punch+1","Bullet Time+1","Writhe","Decay","Heel Hook+1","Bandage Up","Dodge and Roll+1","Finisher","Blur+1","Ghostly","Ghostly","Ghostly","Ghostly","Ghostly","PiercingWail"],"relics":["Ring of the Snake","NeowsBlessing","Ninja Scroll","Gambling Chip","Calling Bell","Anchor","Shuriken","Calipers","Tough Bandages","Darkstone Periapt","Bag of Preparation"],"potions_floor_usage":[12,16,25,31],"damage_taken":[{"damage":0,"enemies":"Jaw Worm","floor":1,"turns":1},{"damage":0,"enemies":"Cultist","floor":2,"turns":1},{"damage":0,"enemies":"2 Louse","floor":3,"turns":1},{"damage":2,"enemies":"Looter","floor":7,"turns":3},{"damage":15,"enemies":"Lagavulin","floor":12,"turns":7},{"damage":1,"enemies":"Blue Slaver","floor":13,"turns":2},{"damage":0,"enemies":"Exordium Wildlife","floor":14,"turns":2},{"damage":33,"enemies":"The Guardian","floor":16,"turns":18},{"damage":3,"enemies":"2 Thieves","floor":18,"turns":3},{"damage":2,"enemies":"Shell Parasite","floor":20,"turns":4},{"damage":2,"enemies":"Cultist and Chosen","floor":22,"turns":5},{"damage":12,"enemies":"Slavers","floor":23,"turns":5},{"damage":14,"enemies":"Book of Stabbing","floor":25,"turns":5},{"damage":0,"enemies":"Chosen and Byrds","floor":27,"turns":5},{"damage":2,"enemies":"Shelled Parasite and Fungi","floor":30,"turns":7},{"damage":27,"enemies":"Gremlin Leader","floor":31,"turns":8}],"seed_played":"3132216530741617748","potions_obtained":[{"floor":1,"key":"Dexterity Potion"},{"floor":3,"key":"Fruit Juice"},{"floor":7,"key":"Weak Potion"},{"floor":13,"key":"Swift Potion"},{"floor":18,"key":"PowerPotion"},{"floor":25,"key":"PowerPotion"},{"floor":27,"key":"Strength Potion"}],"is_trial":false,"path_per_floor":["M","M","M","?","?","R","M","R","T","R","$","E","M","M","R","B",null,"M","$","M","?","M","E","R","E","T","M","R","?","M","E"],"character_chosen":"THE_SILENT","items_purchased":["Well Laid Plans","Bandage Up"],"campfire_rested":0,"item_purchase_floors":[11,19],"current_hp_per_floor":[70,70,70,70,70,70,68,68,68,68,68,58,57,57,57,24,75,72,72,74,74,72,64,64,54,54,58,58,37,35,10],"gold":309,"neow_bonus":"THREE_ENEMY_KILL","is_prod":false,"is_daily":false,"chose_seed":false,"campfire_upgraded":6,"win_rate":0,"timestamp":1562116724,"path_taken":["M","M","M","?","?","R","?","R","T","R","$","E","M","M","R","BOSS","M","$","?","?","M","E","R","E","T","M","R","?","M","E"],"build_version":"2019-07-01","purchased_purges":1,"victory":false,"max_hp_per_floor":[70,70,70,70,70,70,70,70,70,70,70,75,75,75,75,75,75,75,75,75,75,75,75,75,75,75,75,75,37,37,37],"card_choices":[{"not_picked":["Flechettes","Flying Knee","Choke"],"picked":"SKIP","floor":1},{"not_picked":["Accuracy","Deflect"],"picked":"Sucker Punch","floor":2},{"not_picked":["Blade Dance","Masterful Stab"],"picked":"Dagger Spray","floor":3},{"not_picked":["Outmaneuver","Blade Dance"],"picked":"Dagger Spray","floor":7},{"not_picked":["Quick Slash","Predator"],"picked":"Burst","floor":12},{"not_picked":["Sucker Punch","Dagger Spray"],"picked":"Cloak And Dagger","floor":13},{"not_picked":["Reflex","Deflect"],"picked":"Sucker Punch","floor":14},{"not_picked":["Tools of the Trade","Die Die Die"],"picked":"Bullet Time","floor":16},{"not_picked":["Deadly Poison","Eviscerate"],"picked":"Heel Hook+1","floor":18},{"not_picked":["Poisoned Stab","Distraction"],"picked":"Dodge and Roll+1","floor":20},{"not_picked":["Sucker Punch","Poisoned Stab","Quick Slash"],"picked":"SKIP","floor":22},{"not_picked":["Sucker Punch","After Image"],"picked":"Finisher","floor":23},{"not_picked":["Infinite Blades","Choke+1"],"picked":"Blur","floor":25},{"not_picked":["Flechettes","Outmaneuver+1","Acrobatics"],"picked":"SKIP","floor":27},{"not_picked":["Eviscerate","Dagger Throw"],"picked":"PiercingWail","floor":30}],"player_experience":169795,"relics_obtained":[{"floor":9,"key":"Ninja Scroll"},{"floor":12,"key":"Gambling Chip"},{"floor":17,"key":"Anchor"},{"floor":17,"key":"Shuriken"},{"floor":17,"key":"Calipers"},{"floor":23,"key":"Tough Bandages"},{"floor":25,"key":"Darkstone Periapt"},{"floor":26,"key":"Bag of Preparation"}],"event_choices":[{"cards_removed":["Strike_G"],"damage_healed":0,"gold_gain":0,"player_choice":"Card Removal","damage_taken":0,"max_hp_gain":0,"max_hp_loss":0,"event_name":"The Cleric","floor":4,"gold_loss":50},{"damage_healed":0,"gold_gain":0,"cards_transformed":["Strike_G"],"player_choice":"Change","damage_taken":0,"max_hp_gain":0,"max_hp_loss":0,"event_name":"Living Wall","floor":5,"gold_loss":0,"cards_obtained":["Storm of Steel"]},{"damage_healed":0,"gold_gain":99,"player_choice":"Stole From Cult","damage_taken":0,"max_hp_gain":0,"max_hp_loss":0,"event_name":"Nest","floor":21,"gold_loss":0},{"damage_healed":0,"gold_gain":0,"player_choice":"Became a Ghost","damage_taken":0,"max_hp_gain":0,"max_hp_loss":38,"event_name":"Ghosts","floor":29,"gold_loss":0,"cards_obtained":["Ghostly","Ghostly","Ghostly","Ghostly","Ghostly"]}],"is_beta":false,"boss_relics":[{"not_picked":["HoveringKite","Ring of the Serpent"],"picked":"Calling Bell"}],"items_purged_floors":[19],"is_endless":false,"potions_floor_spawned":[1,3,7,13,14,18,25,27],"killed_by":"Gremlin Leader","ascension_level":1}