{"gold_per_floor":[118,118,129,141,161,161,172,172,196,23,38,49,84,96,96,201,201,221,67,167,167,23,23,51,70,70,70,70,70,82,99,99,202,202,221,80,99,115,115,115,115,115,139,157,174,188,91,103,103,103],"floor_reached":50,"playtime":4192,"items_purged":[],"score":493,"play_id":"835f66e4-d374-499a-8582-65f29001ed4e","local_time":"20180920120938","is_ascension_mode":false,"campfire_choices":[{"floor":6,"key":"REST"},{"data":"Strike_R","floor":8,"key":"SMITH"},{"floor":15,"key":"REST"},{"floor":23,"key":"REST"},{"data":"Bandage Up","floor":29,"key":"SMITH"},{"data":"Perfected Strike","floor":32,"key":"SMITH"},{"floor":40,"key":"REST"},{"data":"Perfected Strike","floor":42,"key":"SMITH"},{"data":"Flex","floor":49,"key":"SMITH"}],"neow_cost":"TEN_PERCENT_HP_LOSS","seed_source_timestamp":87611910903840,"circlet_count":0,"master_deck":["Strike_R+1","Strike_R+1","Strike_R+1","Strike_R+1","Strike_R+1","Defend_R+1","Defend_R+1","Defend_R+1","Defend_R+1","Bash+1","Anger+1","Infernal Blade","Flex+1","Cleave","Clothesline","Perfected Strike+1","Bandage Up+1","Flex","Cleave","Pommel Strike","Blood for Blood","Impervious","Reaper","Hemokinesis+1","Flame Barrier","Clothesline+1","Pommel Strike","Heavy Blade","Flex+1","Limit Break","Inflame","Double Tap","Anger+1","Perfected Strike+1","Magnetism","Chrysalis","Rampage+1","Metallicize","Dramatic Entrance","Uppercut"],"relics":["Burning Blood","StoneCalendar","Red Skull","Bag of Marbles","Lizard Tail","Bronze Scales","Thread and Needle","Letter Opener","Strawberry","Pen Nib","Whetstone","MutagenicStrength","Mercury Hourglass","Eternal Feather","Ginger","Anchor"],"potions_floor_usage":[16,20,20,20,33,33,33,38,50,50],"damage_taken":[{"damage":13,"enemies":"Jaw Worm","floor":1,"turns":4},{"damage":0,"enemies":"2 Louse","floor":3,"turns":2},{"damage":0,"enemies":"Cultist","floor":4,"turns":3},{"damage":14,"enemies":"Lots of Slimes","floor":5,"turns":4},{"damage":11,"enemies":"3 Louse","floor":7,"turns":4},{"damage":8,"enemies":"Blue Slaver","floor":11,"turns":3},{"damage":5,"enemies":"Exordium Wildlife","floor":12,"turns":3},{"damage":26,"enemies":"Lagavulin","floor":13,"turns":5},{"damage":9,"enemies":"3 Louse","floor":14,"turns":3},{"damage":48,"enemies":"The Guardian","floor":16,"turns":7},{"damage":30,"enemies":"Spheric Guardian","floor":18,"turns":4},{"damage":19,"enemies":"Colosseum Slavers","floor":20,"turns":3},{"damage":57,"enemies":"Colosseum Nobs","floor":20,"turns":5},{"damage":32,"enemies":"Gremlin Leader","floor":24,"turns":6},{"damage":2,"enemies":"Chosen","floor":25,"turns":4},{"damage":0,"enemies":"Snake Plant","floor":30,"turns":2},{"damage":11,"enemies":"Sentry and Sphere","floor":31,"turns":4},{"damage":62,"enemies":"Collector","floor":33,"turns":8},{"damage":3,"enemies":"Orb Walker","floor":35,"turns":2},{"damage":23,"enemies":"3 Darklings","floor":37,"turns":3},{"damage":27,"enemies":"Spire Growth","floor":38,"turns":4},{"damage":12,"enemies":"Mind Bloom Boss Battle","floor":41,"turns":4},{"damage":18,"enemies":"Reptomancer","floor":44,"turns":5},{"damage":22,"enemies":"3 Darklings","floor":45,"turns":3},{"damage":22,"enemies":"Sphere and 2 Shapes","floor":46,"turns":5},{"damage":4,"enemies":"Reptomancer","floor":48,"turns":2},{"damage":133,"enemies":"Time Eater","floor":50,"turns":9}],"seed_played":"1484068273883204681","potions_obtained":[{"floor":3,"key":"SpeedPotion"},{"floor":5,"key":"Swift Potion"},{"floor":7,"key":"Dexterity Potion"},{"floor":12,"key":"Ancient Potion"},{"floor":13,"key":"Strength Potion"},{"floor":16,"key":"EssenceOfSteel"},{"floor":20,"key":"EssenceOfSteel"},{"floor":24,"key":"Strength Potion"},{"floor":25,"key":"Swift Potion"},{"floor":37,"key":"EssenceOfSteel"},{"floor":38,"key":"BloodPotion"},{"floor":44,"key":"LiquidBronze"},{"floor":45,"key":"SpeedPotion"}],"is_trial":false,"path_per_floor":["M","?","M","M","M","R","M","R","T","$","M","M","E","M","R","B",null,"M","$","?","?","$","R","E","M","T","?","?","R","M","M","R","B",null,"M","$","M","M","?","R","?","R","T","M","M","M","$","M","R"],"character_chosen":"IRONCLAD","items_purchased":["Perfected Strike","Bandage Up","Flex","Bronze Scales","Strawberry","Double Tap","Dramatic Entrance"],"campfire_rested":4,"item_purchase_floors":[10,10,10,19,22,36,47],"current_hp_per_floor":[65,51,57,63,55,72,67,67,67,67,69,72,52,53,72,30,72,52,52,46,46,53,76,53,61,61,61,61,61,67,68,68,36,79,79,79,68,53,48,79,73,79,79,67,51,67,67,69,79,0],"gold":103,"neow_bonus":"ONE_RARE_RELIC","is_prod":false,"is_daily":false,"chose_seed":false,"campfire_upgraded":5,"win_rate":0.0,"timestamp":1537470578,"path_taken":["M","?","M","M","?","R","?","R","T","$","M","M","E","M","R","BOSS","M","$","?","?","$","R","E","M","T","?","?","R","M","M","R","BOSS","M","$","M","M","?","R","?","R","T","M","M","M","$","?","R","BOSS"],"build_version":"2018-09-06","purchased_purges":0,"victory":false,"max_hp_per_floor":[72,72,72,72,72,72,72,72,72,72,72,72,72,72,72,72,72,72,72,72,72,79,79,79,79,79,79,79,79,79,79,79,79,79,79,79,79,79,79,79,79,79,79,79,79,79,79,79,79,79],"card_choices":[{"not_picked":["Flex","Perfected Strike"],"picked":"Anger","floor":1},{"not_picked":["Burning Pact","Warcry"],"picked":"Infernal Blade","floor":3},{"not_picked":["Thunderclap","Headbutt"],"picked":"Flex","floor":4},{"not_picked":["Clash","Uppercut"],"picked":"Cleave","floor":5},{"not_picked":["Anger","Sword Boomerang"],"picked":"Clothesline","floor":7},{"not_picked":["Combust","Warcry"],"picked":"Cleave","floor":11},{"not_picked":["Heavy Blade","Thunderclap"],"picked":"Pommel Strike","floor":12},{"not_picked":["Battle Trance","Corruption"],"picked":"Blood for Blood","floor":13},{"not_picked":["Anger","Iron Wave"],"picked":"Impervious","floor":14},{"not_picked":["Bludgeon","Limit Break"],"picked":"Reaper","floor":16},{"not_picked":["Headbutt","Armaments+1"],"picked":"Hemokinesis+1","floor":18},{"not_picked":["Pummel","Second Wind"],"picked":"Flame Barrier","floor":20},{"not_picked":["Intimidate","Infernal Blade"],"picked":"Clothesline","floor":24},{"not_picked":["Clash+1","Hemokinesis"],"picked":"Pommel Strike","floor":25},{"not_picked":["Anger","True Grit+1"],"picked":"Heavy Blade","floor":30},{"not_picked":["Flame Barrier","Anger+1"],"picked":"Flex+1","floor":31},{"not_picked":["Brutality","Bludgeon"],"picked":"Limit Break","floor":33},{"not_picked":["Cleave","Headbutt"],"picked":"Inflame","floor":35},{"not_picked":["Clash","Clothesline+1"],"picked":"Anger+1","floor":37},{"not_picked":["Armaments","Combust+1"],"picked":"Perfected Strike","floor":38},{"not_picked":["Finesse","Jack Of All Trades"],"picked":"Magnetism","floor":39},{"not_picked":["Forethought","Enlightenment"],"picked":"Chrysalis","floor":39},{"not_picked":["Sword Boomerang","Headbutt+1"],"picked":"Rampage+1","floor":41},{"not_picked":["Rage+1","Thunderclap","Pummel"],"picked":"SKIP","floor":44},{"not_picked":["Heavy Blade","Clash+1","Combust"],"picked":"SKIP","floor":45},{"not_picked":["Thunderclap+1","Headbutt+1"],"picked":"Metallicize","floor":46},{"not_picked":["Clash+1","Warcry+1"],"picked":"Uppercut","floor":48}],"player_experience":14877,"relics_obtained":[{"floor":9,"key":"Red Skull"},{"floor":13,"key":"Bag of Marbles"},{"floor":20,"key":"Thread and Needle"},{"floor":20,"key":"Letter Opener"},{"floor":24,"key":"Pen Nib"},{"floor":26,"key":"Whetstone"},{"floor":28,"key":"Mercury Hourglass"},{"floor":41,"key":"Ginger"},{"floor":43,"key":"Anchor"}],"event_choices":[{"event_name":"Shining Light","player_choice":"Entered Light","floor":2,"damage_taken":0},{"event_name":"Colosseum","player_choice":"Fight","floor":20,"damage_taken":0},{"event_name":"Colosseum","player_choice":"Fought Nobs","floor":20,"damage_taken":0},{"event_name":"Back to Basics","player_choice":"Simplicity","floor":21,"damage_taken":0},{"event_name":"Drug Dealer","player_choice":"Inject Mutagens","floor":27,"damage_taken":0},{"event_name":"Wheel of Change","player_choice":"Relic","floor":28,"damage_taken":0},{"event_name":"SensoryStone","player_choice":"Memory 2","floor":39,"damage_taken":0},{"event_name":"MindBloom","player_choice":"Fight","floor":41,"damage_taken":0}],"is_beta":false,"boss_relics":[{"not_picked":["Snecko Eye","Velvet Choker"],"picked":"Lizard Tail"},{"not_picked":["Runic Pyramid","Black Star"],"picked":"Eternal Feather"}],"items_purged_floors":[],"is_endless":false,"potions_floor_spawned":[3,5,7,12,13,16,20,24,25,30,37,38,44,45],"killed_by":"Time Eater","ascension_level":0}