{"gold_per_floor":[116,126,144,156,172,172,207,207,207,237,71,81,81,81,81,158,158,169,27,30,30,30,30,46,46,46,46,46,60,60,60,60,134,134,150,150,17,17,17,17,48,48,126,145,165,182,182,182,182,182],"floor_reached":51,"playtime":3018,"items_purged":["Pain","Defend_B"],"score":1431,"play_id":"3c329ac0-acc1-4116-b3a0-bba834faace1","local_time":"20190824083022","is_ascension_mode":true,"campfire_choices":[{"data":"Zap","floor":6,"key":"SMITH"},{"data":"Defragment","floor":13,"key":"SMITH"},{"floor":15,"key":"REST"},{"data":"Defragment","floor":23,"key":"SMITH"},{"data":"Coolheaded","floor":25,"key":"SMITH"},{"data":"Dualcast","floor":27,"key":"SMITH"},{"floor":32,"key":"REST"},{"data":"Defragment","floor":40,"key":"SMITH"},{"data":"Coolheaded","floor":42,"key":"SMITH"},{"data":"Fusion","floor":47,"key":"SMITH"},{"floor":49,"key":"REST"}],"neow_cost":"NONE","seed_source_timestamp":264043775827999,"circlet_count":0,"master_deck":["AscendersBane","Defend_B+1","Defend_B+1","Defend_B+1","Zap+1","Dualcast+1","Capacitor+1","All For One+1","Glacier+1","Conserve Battery+1","Go for the Eyes+1","Scrape+1","Go for the Eyes+1","Defragment+1","Glacier+1","Electrodynamics+1","Melter+1","Chill+1","All For One+1","BootSequence+1","Defragment+1","Steam+1","Coolheaded+1","Self Repair+1","Glacier+1","Machine Learning+1","Chaos+1","Defragment+1","Coolheaded+1","Glacier+1","Hologram+1","Fusion+1"],"relics":["Astrolabe","Bronze Scales","WarpedTongs","Emotion Chip","Mango","Sozu","Bottled Lightning","Enchiridion","Inserter","Ginger","Frozen Egg 2","Mark of the Bloom"],"potions_floor_usage":[7,10,16,24],"damage_taken":[{"damage":3,"enemies":"Cultist","floor":1,"turns":6},{"damage":0,"enemies":"2 Louse","floor":2,"turns":3},{"damage":0,"enemies":"Small Slimes","floor":3,"turns":6},{"damage":1,"enemies":"Looter","floor":4,"turns":4},{"damage":8,"enemies":"Large Slime","floor":5,"turns":10},{"damage":13,"enemies":"Gremlin Nob","floor":7,"turns":4},{"damage":4,"enemies":"3 Sentries","floor":10,"turns":6},{"damage":0,"enemies":"3 Louse","floor":12,"turns":2},{"damage":0,"enemies":"Slime Boss","floor":16,"turns":6},{"damage":0,"enemies":"3 Byrds","floor":18,"turns":1},{"damage":2,"enemies":"2 Thieves","floor":20,"turns":4},{"damage":6,"enemies":"Cultist and Chosen","floor":24,"turns":5},{"damage":3,"enemies":"Chosen and Byrds","floor":29,"turns":6},{"damage":7,"enemies":"Automaton","floor":33,"turns":9},{"damage":0,"enemies":"3 Darklings","floor":35,"turns":6},{"damage":6,"enemies":"Giant Head","floor":41,"turns":9},{"damage":0,"enemies":"3 Shapes","floor":44,"turns":4},{"damage":0,"enemies":"Writhing Mass","floor":45,"turns":8},{"damage":0,"enemies":"Maw","floor":46,"turns":8},{"damage":68,"enemies":"Awakened One","floor":50,"turns":18}],"seed_played":"1810279045487838775","potions_obtained":[{"floor":1,"key":"PowerPotion"},{"floor":3,"key":"Fire Potion"},{"floor":16,"key":"Block Potion"}],"is_trial":false,"path_per_floor":["M","M","M","M","M","R","E","?","T","E","$","M","R","?","R","B",null,"M","$","M","?","$","R","M","R","T","R","?","M","?","?","R","B",null,"M","?","$","?","$","R","E","R","T","M","M","M","R","?","R","B",null],"character_chosen":"DEFECT","items_purchased":["Melter","FearPotion","Defragment","Defragment","Coolheaded"],"campfire_rested":3,"item_purchase_floors":[11,11,19,37,37],"current_hp_per_floor":[61,61,61,60,52,52,39,39,39,49,49,49,49,49,74,74,82,82,82,80,80,80,80,74,74,74,74,74,71,50,50,75,75,83,85,85,85,85,85,85,85,85,85,85,85,85,85,85,85,17],"gold":182,"neow_bonus":"BOSS_RELIC","is_prod":false,"is_daily":false,"chose_seed":false,"campfire_upgraded":8,"win_rate":0,"timestamp":1566603022,"path_taken":["M","M","M","?","M","R","E","?","T","E","$","?","R","?","R","BOSS","M","$","M","?","$","R","M","R","T","R","?","M","?","?","R","BOSS","M","?","$","?","$","R","E","R","T","M","?","M","R","?","R","BOSS"],"build_version":"2019-07-17","purchased_purges":2,"victory":true,"max_hp_per_floor":[71,71,71,71,71,71,71,71,71,85,85,85,85,85,85,85,85,85,85,85,85,85,85,85,85,85,85,85,85,85,85,85,85,85,85,85,85,85,85,85,85,85,85,85,85,85,85,85,85,85],"card_choices":[{"not_picked":["Skim","Storm"],"picked":"Conserve Battery","floor":1},{"not_picked":["Streamline","Conserve Battery"],"picked":"Go for the Eyes","floor":2},{"not_picked":["Beam Cell","Coolheaded"],"picked":"Scrape","floor":3},{"not_picked":["Double Energy","Rainbow"],"picked":"Go for the Eyes","floor":4},{"not_picked":["Undo","Steam"],"picked":"Defragment","floor":5},{"not_picked":["Go for the Eyes","Redo"],"picked":"Glacier","floor":7},{"not_picked":["Leap","BootSequence"],"picked":"Electrodynamics","floor":10},{"not_picked":["Double Energy","Leap"],"picked":"Chill","floor":12},{"not_picked":["Machine Learning","Fission"],"picked":"All For One","floor":16},{"not_picked":["Turbo","Sweeping Beam"],"picked":"BootSequence","floor":18},{"not_picked":["Coolheaded","Barrage"],"picked":"Steam","floor":20},{"not_picked":["Melter","Leap"],"picked":"Coolheaded","floor":24},{"not_picked":["Auto Shields","Compile Driver"],"picked":"Self Repair","floor":29},{"not_picked":["Multi-Cast","Electrodynamics"],"picked":"Machine Learning","floor":33},{"not_picked":["Capacitor+1","Ball Lightning+1"],"picked":"Chaos+1","floor":35},{"not_picked":["Sunder+1","Steam"],"picked":"Glacier","floor":41},{"not_picked":["Recycle","Sweeping Beam"],"picked":"Hologram","floor":44},{"not_picked":["Beam Cell","Leap"],"picked":"Fusion","floor":45},{"not_picked":["Beam Cell","Compile Driver","Storm+1"],"picked":"SKIP","floor":46}],"player_experience":799314,"relics_obtained":[{"floor":7,"key":"Bronze Scales"},{"floor":9,"key":"Emotion Chip"},{"floor":10,"key":"Mango"},{"floor":26,"key":"Bottled Lightning"},{"floor":30,"key":"Enchiridion"},{"floor":41,"key":"Ginger"},{"floor":43,"key":"Frozen Egg 2"}],"event_choices":[{"damage_healed":0,"gold_gain":0,"player_choice":"Rummage","damage_taken":0,"relics_obtained":["WarpedTongs"],"max_hp_gain":0,"max_hp_loss":0,"event_name":"Accursed Blacksmith","floor":8,"gold_loss":0,"cards_obtained":["Pain"]},{"damage_healed":0,"gold_gain":0,"player_choice":"Ignored","damage_taken":0,"max_hp_gain":0,"max_hp_loss":0,"event_name":"Shining Light","floor":14,"gold_loss":0},{"damage_healed":0,"gold_gain":0,"player_choice":"Ignored","damage_taken":0,"max_hp_gain":0,"max_hp_loss":0,"event_name":"Vampires","floor":21,"gold_loss":0},{"damage_healed":0,"gold_gain":0,"player_choice":"Ignored","damage_taken":0,"max_hp_gain":0,"max_hp_loss":0,"event_name":"Ghosts","floor":28,"gold_loss":0},{"damage_healed":0,"gold_gain":0,"player_choice":"Obtained Book","damage_taken":21,"max_hp_gain":0,"max_hp_loss":0,"event_name":"Cursed Tome","floor":30,"gold_loss":0},{"damage_healed":0,"gold_gain":0,"player_choice":"Read","damage_taken":0,"max_hp_gain":0,"max_hp_loss":0,"event_name":"The Library","floor":31,"gold_loss":0,"cards_obtained":["Glacier"]},{"damage_healed":0,"gold_gain":0,"player_choice":"Ignored","damage_taken":0,"max_hp_gain":0,"max_hp_loss":0,"event_name":"Mysterious Sphere","floor":36,"gold_loss":0},{"cards_removed":["Strike_B"],"damage_healed":0,"gold_gain":0,"player_choice":"Purged","damage_taken":0,"max_hp_gain":0,"max_hp_loss":0,"event_name":"Purifier","floor":38,"gold_loss":0},{"damage_healed":0,"gold_gain":0,"player_choice":"Upgrade","damage_taken":0,"relics_obtained":["Mark of the Bloom"],"max_hp_gain":0,"max_hp_loss":0,"event_name":"MindBloom","floor":48,"gold_loss":0,"cards_upgraded":["Defend_B","Defend_B","Defend_B","Conserve Battery","Go for the Eyes","Scrape","Go for the Eyes","Glacier","Electrodynamics","Melter","Chill","All For One","BootSequence","Steam","Self Repair","Glacier","Machine Learning","Glacier","Hologram"]}],"is_beta":false,"boss_relics":[{"not_picked":["Fusion Hammer","Lizard Tail"],"picked":"Sozu"},{"not_picked":["Pandora\u0027s Box","Calling Bell"],"picked":"Inserter"}],"items_purged_floors":[11,19],"is_endless":false,"potions_floor_spawned":[1,3,16,24,29,41,46],"ascension_level":19}