{"gold_per_floor":[360,535,535,56,77,77,100,100,124,168,168,209,209,234,234,360,360,372,402,430,467,479],"floor_reached":22,"playtime":1233,"items_purged":["Doubt"],"score":245,"play_id":"cff920ba-6b7f-4020-9c34-cb022e318bc0","local_time":"20190826054238","is_ascension_mode":true,"campfire_choices":[{"data":"Coolheaded","floor":6,"key":"SMITH"},{"data":"Glacier","floor":8,"key":"SMITH"},{"floor":11,"key":"REST"},{"data":"Echo Form","floor":15,"key":"SMITH"}],"neow_cost":"PERCENT_DAMAGE","seed_source_timestamp":87910350169000,"circlet_count":0,"master_deck":["Strike_B","Strike_B","Strike_B","Strike_B","Defend_B","Defend_B","Defend_B","Zap","Dualcast","Compile Driver","Defragment","Coolheaded+1","Glacier+1","Echo Form+1","White Noise","Rip and Tear","Buffer","Clumsy","Heatsinks","Auto Shields","Go for the Eyes"],"relics":["Cracked Core","Golden Idol","Mummified Hand","Regal Pillow","Pen Nib","Omamori","Calling Bell","MawBank","Kunai","Gambling Chip"],"potions_floor_usage":[14,18,21],"damage_taken":[{"damage":0,"enemies":"Cultist","floor":1,"turns":3},{"damage":0,"enemies":"2 Louse","floor":5,"turns":3},{"damage":5,"enemies":"Small Slimes","floor":7,"turns":4},{"damage":3,"enemies":"3 Sentries","floor":10,"turns":11},{"damage":15,"enemies":"Gremlin Nob","floor":12,"turns":5},{"damage":6,"enemies":"Gremlin Gang","floor":14,"turns":6},{"damage":10,"enemies":"Hexaghost","floor":16,"turns":9},{"damage":12,"enemies":"3 Byrds","floor":18,"turns":2},{"damage":0,"enemies":"Shell Parasite","floor":19,"turns":7},{"damage":43,"enemies":"Centurion and Healer","floor":20,"turns":9},{"damage":8,"enemies":"Snake Plant","floor":21,"turns":4},{"damage":6,"enemies":"3 Cultists","floor":22,"turns":2}],"seed_played":"9185376479353513226","potions_obtained":[{"floor":1,"key":"FearPotion"},{"floor":12,"key":"Block Potion"},{"floor":14,"key":"Explosive Potion"},{"floor":19,"key":"EssenceOfSteel"}],"is_trial":false,"path_per_floor":["M","?","?","$","M","R","M","R","T","E","R","E","?","M","R","B",null,"M","M","M","M","M"],"character_chosen":"DEFECT","items_purchased":["Defragment","Mummified Hand","SmokeBomb"],"campfire_rested":1,"item_purchase_floors":[4,4,4],"current_hp_per_floor":[54,54,36,36,36,36,31,31,31,28,65,50,50,44,44,34,65,53,53,10,2,0],"gold":479,"neow_bonus":"TWO_FIFTY_GOLD","is_prod":false,"is_daily":false,"chose_seed":false,"campfire_upgraded":3,"win_rate":0,"timestamp":1566765758,"path_taken":["M","?","?","$","M","R","M","R","T","E","R","E","?","M","R","BOSS","M","?","M","M","M"],"build_version":"2019-07-17","purchased_purges":1,"victory":false,"max_hp_per_floor":[75,75,75,75,75,75,75,75,75,75,75,75,75,75,75,75,75,75,75,75,75,75],"card_choices":[{"not_picked":["Force Field","Turbo"],"picked":"Compile Driver","floor":1},{"not_picked":["Tempest","Darkness"],"picked":"Coolheaded","floor":5},{"not_picked":["Coolheaded","Streamline"],"picked":"Glacier","floor":7},{"not_picked":["Rebound","Ball Lightning"],"picked":"Echo Form","floor":10},{"not_picked":["Reinforced Body","Cold Snap"],"picked":"White Noise","floor":12},{"not_picked":["Steam","Coolheaded"],"picked":"Rip and Tear","floor":14},{"not_picked":["Rainbow","Meteor Strike"],"picked":"Buffer","floor":16},{"not_picked":["Conserve Battery","Compile Driver"],"picked":"Heatsinks","floor":19},{"not_picked":["Beam Cell","Hologram"],"picked":"Auto Shields","floor":20},{"not_picked":["Compile Driver","Auto Shields"],"picked":"Go for the Eyes","floor":21}],"player_experience":702068,"relics_obtained":[{"floor":9,"key":"Regal Pillow"},{"floor":10,"key":"Pen Nib"},{"floor":12,"key":"Omamori"},{"floor":17,"key":"MawBank"},{"floor":17,"key":"Kunai"},{"floor":17,"key":"Gambling Chip"}],"event_choices":[{"damage_healed":0,"gold_gain":175,"player_choice":"AGREE","damage_taken":0,"max_hp_gain":0,"max_hp_loss":0,"event_name":"Liars Game","floor":2,"gold_loss":0,"cards_obtained":["Doubt"]},{"damage_healed":0,"gold_gain":0,"player_choice":"Take Damage","damage_taken":18,"relics_obtained":["Golden Idol"],"max_hp_gain":0,"max_hp_loss":0,"event_name":"Golden Idol","floor":3,"gold_loss":0},{"cards_removed":["Defend_B"],"damage_healed":0,"gold_gain":0,"player_choice":"Offered Basic","damage_taken":0,"max_hp_gain":0,"max_hp_loss":0,"event_name":"Bonfire Elementals","floor":13,"gold_loss":0}],"is_beta":false,"boss_relics":[{"not_picked":["White Beast Statue","Coffee Dripper"],"picked":"Calling Bell"}],"items_purged_floors":[4],"is_endless":false,"potions_floor_spawned":[1,12,14,19],"killed_by":"3 Cultists","ascension_level":5}