{"gold_per_floor":[109,127,140,156,176,176,210,220,247,247,257,257,282,292,292,397,397,385,385,78,78,93,128,128,144,144,144,169,184,184,196,196,291,291,307,2,2,2,2,2,2,2,2,14,49,49,49,59,59,59],"floor_reached":50,"playtime":5122,"items_purged":["Strike_B","Writhe"],"score":572,"play_id":"231f98f8-fb04-4125-a652-7fdaeffdd4df","local_time":"20181028225348","is_ascension_mode":false,"campfire_choices":[{"floor":6.0,"key":"REST"},{"data":"Doom and Gloom","floor":15.0,"key":"SMITH"},{"data":"Defragment","floor":30.0,"key":"SMITH"},{"data":"White Noise","floor":32.0,"key":"SMITH"},{"data":"Creative AI","floor":40,"key":"SMITH"},{"floor":47,"key":"REST"},{"floor":49,"key":"REST"}],"neow_cost":"PERCENT_DAMAGE","seed_source_timestamp":0,"circlet_count":0,"master_deck":["Zap+1","Dualcast","Doom and Gloom+1","Cold Snap","Self Repair","Ball Lightning","Chill","Conserve Battery","Go for the Eyes","Redo","BootSequence+1","Static Discharge","Sunder","Creative AI+1","Undo","RitualDagger","Loop","Defragment+1","Force Field","Bite","Bite","Bite","Bite","Bite","White Noise+1","J.A.X.","White Noise+1","Sweeping Beam+1","Thunder Strike+1","Reinforced Body","Compile Driver","Gash","BootSequence+1","Panacea","Leap+1","Madness","Madness","Leap"],"special_seed":0,"relics":["FrozenCore","Strawberry","Pen Nib","War Paint","Oddly Smooth Stone","Juzu Bracelet","Art of War","Ancient Tea Set","Matryoshka","Ornamental Fan","Pandora\u0027s Box","Bronze Scales","Potion Belt","Bottled Flame","Question Card"],"potions_floor_usage":[41,45,45,50],"damage_taken":[{"damage":12.0,"enemies":"Jaw Worm","floor":1.0,"turns":4.0},{"damage":0.0,"enemies":"Cultist","floor":2.0,"turns":4.0},{"damage":10.0,"enemies":"Small Slimes","floor":3.0,"turns":4.0},{"damage":13.0,"enemies":"Looter","floor":4.0,"turns":3.0},{"damage":4.0,"enemies":"3 Louse","floor":5.0,"turns":3.0},{"damage":4.0,"enemies":"Gremlin Nob","floor":7.0,"turns":3.0},{"damage":6.0,"enemies":"Exordium Wildlife","floor":8.0,"turns":6.0},{"damage":3.0,"enemies":"Large Slime","floor":11.0,"turns":5.0},{"damage":13.0,"enemies":"3 Sentries","floor":13.0,"turns":6.0},{"damage":12.0,"enemies":"2 Fungi Beasts","floor":14.0,"turns":3.0},{"damage":1.0,"enemies":"Slime Boss","floor":16.0,"turns":7.0},{"damage":16.0,"enemies":"2 Thieves","floor":18.0,"turns":4.0},{"damage":12.0,"enemies":"Spheric Guardian","floor":22.0,"turns":5.0},{"damage":11.0,"enemies":"Gremlin Leader","floor":23.0,"turns":7.0},{"damage":5.0,"enemies":"Cultist and Chosen","floor":25.0,"turns":5.0},{"damage":19.0,"enemies":"Book of Stabbing","floor":28.0,"turns":7.0},{"damage":5.0,"enemies":"Snecko","floor":29.0,"turns":7.0},{"damage":9.0,"enemies":"Snake Plant","floor":31.0,"turns":7.0},{"damage":44.0,"enemies":"Collector","floor":33.0,"turns":10.0},{"damage":22,"enemies":"Orb Walker","floor":35,"turns":5},{"damage":19,"enemies":"3 Darklings","floor":44,"turns":5},{"damage":42,"enemies":"Reptomancer","floor":45,"turns":7},{"damage":34,"enemies":"Jaw Worm Horde","floor":48,"turns":4},{"damage":47,"enemies":"Time Eater","floor":50,"turns":6}],"seed_played":"-3343912279298546141","potions_obtained":[{"floor":4.0,"key":"SpeedPotion"},{"floor":5.0,"key":"SteroidPotion"},{"floor":8.0,"key":"EssenceOfSteel"},{"floor":13.0,"key":"EssenceOfSteel"},{"floor":14.0,"key":"Dexterity Potion"},{"floor":18.0,"key":"SkillPotion"},{"floor":28.0,"key":"Fire Potion"},{"floor":31.0,"key":"Explosive Potion"},{"floor":41,"key":"Fruit Juice"},{"floor":41,"key":"SteroidPotion"}],"is_trial":false,"path_per_floor":["M","M","M","M","M","R","E","M","T","?","M","?","E","M","R","B",null,"M","?","$","?","M","E","?","M","T","?","E","M","R","M","R","B",null,"M","$","?","?","?","R","?","$","T","M","E","?","R","M","R"],"character_chosen":"DEFECT","items_purchased":["Juzu Bracelet","Loop","Bronze Scales","Fire Potion"],"campfire_rested":3,"item_purchase_floors":[20,20,36,36],"current_hp_per_floor":[42,42,39,33,36,58,68,69,69,92,92,74,68,63,63,69,92,83,77,77,77,72,68,64,64,64,64,56,59,59,64,64,34,64,55,55,55,55,55,55,60,60,60,58,35,26,46,21,41,0],"gold":59,"neow_bonus":"TRANSFORM_TWO_CARDS","is_prod":false,"is_daily":false,"chose_seed":false,"campfire_upgraded":4,"win_rate":0,"timestamp":1540792428,"path_taken":["M","M","M","M","M","R","E","M","T","?","M","?","E","M","R","BOSS","M","?","$","?","M","E","?","M","T","?","E","M","R","M","R","BOSS","M","$","?","?","?","R","?","?","T","M","E","?","R","M","R","BOSS"],"build_version":"2018-10-25v2","purchased_purges":2,"victory":false,"max_hp_per_floor":[75,75,75,75,75,75,82,82,82,92,92,92,92,92,92,92,92,92,92,92,92,92,92,64,64,64,64,64,64,64,64,64,64,64,64,64,64,64,64,64,69,69,69,69,69,69,69,69,69,69],"card_choices":[{"not_picked":["Barrage","Compile Driver"],"picked":"Cold Snap","floor":1.0},{"not_picked":["Fusion","Conserve Battery"],"picked":"Self Repair","floor":2.0},{"not_picked":["Self Repair","Redo"],"picked":"Ball Lightning","floor":3.0},{"not_picked":["Hologram","Turbo"],"picked":"Chill","floor":4.0},{"not_picked":["Tempest","Coolheaded"],"picked":"Conserve Battery","floor":5.0},{"not_picked":["Conserve Battery","Hologram"],"picked":"Go for the Eyes","floor":7.0},{"not_picked":["Coolheaded","Rainbow"],"picked":"Redo","floor":8.0},{"not_picked":["Compile Driver","Stack"],"picked":"BootSequence","floor":11.0},{"not_picked":["Steam Power","Steam"],"picked":"Static Discharge","floor":13.0},{"not_picked":["Glacier","Stack"],"picked":"Sunder","floor":14.0},{"not_picked":["Seek","Core Surge"],"picked":"Creative AI","floor":16.0},{"not_picked":["Aggregate","Conserve Battery"],"picked":"Undo","floor":18.0},{"not_picked":["Steam","Rebound"],"picked":"Defragment","floor":22.0},{"not_picked":["Defragment","Steam"],"picked":"Force Field","floor":23.0},{"not_picked":["Ball Lightning","Coolheaded"],"picked":"White Noise","floor":25.0},{"not_picked":["Streamline","Consume"],"picked":"White Noise+1","floor":28.0},{"not_picked":["Echo Form","Storm"],"picked":"Sweeping Beam+1","floor":29.0},{"not_picked":["Undo","Sweeping Beam","Reinforced Body+1"],"picked":"SKIP","floor":31.0},{"not_picked":["Rainbow","Biased Cognition"],"picked":"Thunder Strike","floor":33.0},{"not_picked":["Darkness","Steam Power+1","Sweeping Beam"],"picked":"SKIP","floor":35},{"not_picked":["Transmutation","Mind Blast"],"picked":"Panacea","floor":39},{"not_picked":["FTL","Cold Snap+1"],"picked":"Leap+1","floor":44},{"not_picked":["Streamline","Gash+1","Echo Form"],"picked":"SKIP","floor":45},{"not_picked":["Conserve Battery","Self Repair+1","Sweeping Beam"],"picked":"Leap","floor":48}],"player_experience":192545,"relics_obtained":[{"floor":7.0,"key":"Strawberry"},{"floor":9.0,"key":"Pen Nib"},{"floor":13.0,"key":"Oddly Smooth Stone"},{"floor":23.0,"key":"Ancient Tea Set"},{"floor":26.0,"key":"Matryoshka"},{"floor":28.0,"key":"Ornamental Fan"},{"floor":43,"key":"Potion Belt"},{"floor":43,"key":"Bottled Flame"},{"floor":45,"key":"Question Card"}],"event_choices":[{"cards_removed":["Amplify"],"damage_healed":13.0,"max_hp_gain":10.0,"max_hp_loss":0.0,"gold_gain":0.0,"event_name":"Bonfire Elementals","player_choice":"Offered Rare","floor":10.0,"gold_loss":0.0,"damage_taken":0.0},{"damage_healed":0.0,"max_hp_gain":0.0,"max_hp_loss":0.0,"gold_gain":0.0,"event_name":"Scrap Ooze","player_choice":"Success","floor":12.0,"gold_loss":0.0,"damage_taken":18.0,"relics_obtained":["War Paint"]},{"damage_healed":0.0,"max_hp_gain":0.0,"max_hp_loss":0.0,"gold_gain":0.0,"event_name":"Nest","player_choice":"Joined the Cult","floor":19.0,"gold_loss":0.0,"damage_taken":6.0,"cards_obtained":["RitualDagger"]},{"damage_healed":0.0,"max_hp_gain":0.0,"max_hp_loss":0.0,"gold_gain":0.0,"event_name":"The Mausoleum","player_choice":"Opened","floor":21.0,"gold_loss":0.0,"damage_taken":0.0,"relics_obtained":["Art of War"],"cards_obtained":["Writhe"]},{"damage_healed":0.0,"max_hp_gain":0.0,"max_hp_loss":28.0,"gold_gain":0.0,"event_name":"Vampires","player_choice":"Became a vampire","floor":24.0,"gold_loss":0.0,"damage_taken":0.0,"cards_obtained":["Bite","Bite","Bite","Bite","Bite"]},{"damage_healed":0.0,"max_hp_gain":0.0,"max_hp_loss":0.0,"gold_gain":0.0,"event_name":"Drug Dealer","player_choice":"Obtain J.A.X.","floor":27.0,"gold_loss":0.0,"damage_taken":0.0,"cards_obtained":["J.A.X."]},{"damage_healed":0,"gold_gain":0,"player_choice":"Upgraded","damage_taken":0,"max_hp_gain":0,"max_hp_loss":0,"event_name":"Upgrade Shrine","floor":37,"gold_loss":0,"cards_upgraded":["Thunder Strike"]},{"damage_healed":0,"gold_gain":0,"player_choice":"Copied","damage_taken":0,"max_hp_gain":0,"max_hp_loss":0,"event_name":"Duplicator","floor":38,"gold_loss":0,"cards_obtained":["BootSequence"]},{"damage_healed":0,"gold_gain":0,"player_choice":"Memory 1","damage_taken":0,"max_hp_gain":0,"max_hp_loss":0,"event_name":"SensoryStone","floor":39,"gold_loss":0},{"damage_healed":0,"gold_gain":0,"player_choice":"Got Potions","damage_taken":0,"max_hp_gain":0,"max_hp_loss":0,"event_name":"The Lab","floor":41,"gold_loss":0},{"damage_healed":0,"gold_gain":0,"player_choice":"Embrace Madness","damage_taken":9,"max_hp_gain":0,"max_hp_loss":0,"event_name":"Winding Halls","floor":46,"gold_loss":0,"cards_obtained":["Madness","Madness"]}],"is_beta":false,"boss_relics":[{"not_picked":["Astrolabe","Cursed Key"],"picked":"FrozenCore"},{"not_picked":["Coffee Dripper","Snecko Eye"],"picked":"Pandora\u0027s Box"}],"items_purged_floors":[20,36],"is_endless":false,"potions_floor_spawned":[4,5,8,13,14,18,28,31],"killed_by":"Time Eater","ascension_level":0}