{"path_per_floor":["M","M","M","M","M","E","?","$","T","R","?","M","M","M","R","B",null,"M","M","$","M","?","E","R","$","T","E","M","?","R","M","R","B",null,"M","M","M","$","M","R","E","M","T","E","?","M","$","?","R","B"],"character_chosen":"DEFECT","items_purchased":["Apotheosis","Ice Cream","Pear","Anchor","Dramatic Entrance","Juzu Bracelet","Happy Flower","Cables","Medical Kit","Shuriken","Thread and Needle","Skim","Circlet","Lantern","Bag of Preparation","Centennial Puzzle","Kunai","Gremlin Horn"],"gold_per_floor":[382,573,809,1027,1249,1630,1591,660,660,660,660,1039,1262,1640,1640,3525,3525,3816,4134,3384,3615,3615,4063,4063,3277,3277,3838,4227,4227,4227,4556,4556,6415,6415,6929,7310,7564,6713,7021,7021,7632,7908,7908,8557,8890,9178,8293,8293,8293,8293],"floor_reached":51,"campfire_rested":1,"playtime":3300,"current_hp_per_floor":[74,69,61,61,54,16,16,26,40,73,73,73,73,73,73,32,104,93,93,93,87,104,103,103,103,103,104,104,114,114,114,114,121,121,121,121,121,121,121,121,121,121,127,127,127,127,127,127,127,53],"items_purged":["Decay","Dualcast","Strike_B","Injury"],"gold":8293,"score":1103,"play_id":"ad41fe58-c999-4585-be14-b7239f8c1c05","local_time":"20180507174816","is_prod":false,"is_daily":false,"chose_seed":false,"is_ascension_mode":false,"campfire_upgraded":3,"timestamp":1525686496,"path_taken":["M","M","M","M","M","E","?","$","T","R","?","?","M","M","R","BOSS","M","M","$","M","?","E","R","$","T","E","M","?","R","M","R","BOSS","M","M","M","$","M","R","E","M","T","E","?","M","$","?","R","BOSS"],"build_version":"2018-05-03","seed_source_timestamp":12416721615463,"purchased_purges":4,"victory":true,"master_deck":["Strike_B+1","Strike_B","Strike_B+1","Defend_B","Defend_B","Defend_B","Defend_B","Zap+1","Conserve Battery","Turbo+1","Reprogram+1","Turbo","Skim","Turbo","Tempest+1","Static Discharge","Apotheosis+1","Turbo","Defragment","Skim","Echo Form","Dramatic Entrance","Skim+1","Tempest+1","Skim+1","Turbo+1","Turbo+1"],"max_hp_per_floor":[89,89,89,89,89,89,89,99,113,113,104,104,104,104,104,104,104,104,104,104,104,104,104,104,104,104,104,104,114,114,114,114,121,121,121,121,121,121,121,121,121,121,127,127,127,127,127,127,127,127],"relics":["Cracked Core","Darkstone Periapt","Girya","Bag of Marbles","Dodecahedron","Unceasing Top","Mummified Hand","Meat on the Bone","Ice Cream","Pear","Anchor","Mango","War Paint","Sundial","Question Card","Torii","Calipers","Turnip","Nuclear Battery","Toxic Egg 2","Gambling Chip","Juzu Bracelet","Happy Flower","Cables","Mercury Hourglass","Blood Vial","Ancient Tea Set","Medical Kit","Shuriken","Thread and Needle","Ornamental Fan","Bird Faced Urn","Ginger","Pen Nib","Bottled Tornado","Whetstone","Oddly Smooth Stone","Strawberry","Cursed Key","Old Coin","Vajra","Dream Catcher","Circlet","Lantern","Bag of Preparation","Bottled Flame","Pantograph","Molten Egg 2","Bottled Lightning","Frozen Egg 2","Orichalcum","Regal Pillow","Matryoshka","Centennial Puzzle","Kunai","Gremlin Horn"],"card_choices":[{"not_picked":["Sweeping Beam","Go for the Eyes"],"picked":"Conserve Battery","floor":1},{"not_picked":["Ball Lightning","Barrage"],"picked":"Turbo","floor":1},{"not_picked":["Gash","Leap"],"picked":"Reprogram","floor":2},{"not_picked":["Reprogram","Beam Cell"],"picked":"Turbo","floor":3},{"not_picked":["Storm","Genetic Algorithm"],"picked":"Skim","floor":3},{"not_picked":["Ball Lightning","White Noise"],"picked":"Turbo","floor":4},{"not_picked":["Scrape","Cold Snap"],"picked":"Tempest","floor":4},{"not_picked":["Hello World","Heatsinks"],"picked":"Static Discharge","floor":5},{"not_picked":["Coolheaded","Cold Snap"],"picked":"Turbo","floor":13},{"not_picked":["Barrage","Conserve Battery"],"picked":"Defragment","floor":13},{"not_picked":["Ball Lightning","Hologram"],"picked":"Skim","floor":14},{"not_picked":["Fission","Hyperbeam","Seek"],"picked":"Echo Form","floor":16},{"not_picked":["Redo","Multi-Cast","Prime"],"picked":"Thunder Strike","floor":16},{"not_picked":["Aggregate","Chill","Chaos"],"picked":"Tempest","floor":36},{"not_picked":["Stack","Sweeping Beam","Rebound"],"picked":"Skim","floor":37},{"not_picked":["Biased Cognition","Impulse","Leap"],"picked":"Turbo","floor":39},{"not_picked":["Sweeping Beam","Beam Cell","Go for the Eyes"],"picked":"Turbo","floor":39}],"player_experience":20581,"potions_floor_usage":[4,4,5,12,13,19,19,19,23,33,33,39,44,46],"damage_taken":[{"damage":15,"enemies":"2 Louse","floor":1,"turns":2},{"damage":5,"enemies":"Small Slimes","floor":2,"turns":3},{"damage":8,"enemies":"Jaw Worm","floor":3,"turns":4},{"damage":0,"enemies":"3 Louse","floor":4,"turns":1},{"damage":7,"enemies":"2 Fungi Beasts","floor":5,"turns":4},{"damage":38,"enemies":"Gremlin Nob","floor":6,"turns":5},{"damage":0,"enemies":"Lots of Slimes","floor":12,"turns":2},{"damage":0,"enemies":"Looter","floor":13,"turns":2},{"damage":0,"enemies":"2 Fungi Beasts","floor":14,"turns":2},{"damage":53,"enemies":"Hexaghost","floor":16,"turns":5},{"damage":11,"enemies":"Spheric Guardian","floor":18,"turns":3},{"damage":0,"enemies":"2 Thieves","floor":19,"turns":2},{"damage":6,"enemies":"Snake Plant","floor":21,"turns":2},{"damage":1,"enemies":"Slavers","floor":23,"turns":2},{"damage":0,"enemies":"Book of Stabbing","floor":27,"turns":2},{"damage":0,"enemies":"3 Cultists","floor":28,"turns":1},{"damage":0,"enemies":"Cultist and Chosen","floor":31,"turns":1},{"damage":0,"enemies":"Collector","floor":33,"turns":2},{"damage":0,"enemies":"3 Shapes","floor":35,"turns":1},{"damage":0,"enemies":"Orb Walker","floor":36,"turns":1},{"damage":0,"enemies":"Sphere and 2 Shapes","floor":37,"turns":2},{"damage":0,"enemies":"Flame Bruiser 2 Orb","floor":39,"turns":1},{"damage":0,"enemies":"Giant Head","floor":41,"turns":2},{"damage":0,"enemies":"3 Darklings","floor":42,"turns":1},{"damage":0,"enemies":"Nemesis","floor":44,"turns":2},{"damage":0,"enemies":"4 Shapes","floor":46,"turns":1},{"damage":92,"enemies":"Time Eater","floor":50,"turns":6}],"event_choices":[{"event_name":"World of Goop","player_choice":"Left","floor":7,"damage_taken":0},{"event_name":"Golden Idol","player_choice":"Lose Max HP","floor":11,"damage_taken":0},{"event_name":"The Library","player_choice":"Heal","floor":22,"damage_taken":0},{"event_name":"Bonfire Elementals","player_choice":"RARE","floor":29,"damage_taken":0},{"event_name":"The Moai Head","player_choice":"Gave Idol","floor":45,"damage_taken":0},{"event_name":"SensoryStone","player_choice":"Memory 1","floor":48,"damage_taken":0}],"boss_relics":[{"not_picked":["White Beast Statue","Eternal Feather"],"picked":"Nuclear Battery"},{"not_picked":["Runic Pyramid","Orrery"],"picked":"Cursed Key"}],"potions_floor_spawned":[1,2,2,3,3,4,5,5,6,6,6,12,12,13,13,14,14,16,16,18,19,21,21,21,21,23,27,27,27,28,28,31,31,33,35,35,36,37,39,39,39,41,41,42,42,42,44,44,44,46],"seed_played":"-843535137024166604","ascension_level":0,"is_trial":false}