{"gold_per_floor":[20,38,54,73,73,108,183,196,196,196,229,229,43,63,63,158,158,174,19,33,46,57,57,57,57,81,98,98,130,130,30,30,131,131,144,54,4,22,33,33,47,47,71,71],"floor_reached":44,"playtime":3206,"items_purged":["Strike_B","Strike_B"],"score":440,"play_id":"481338da-6ec5-4e7c-aeab-436f33281f87","local_time":"20181028234732","is_ascension_mode":false,"campfire_choices":[{"floor":10,"key":"REST"},{"data":"Scrape","floor":15,"key":"SMITH"},{"floor":23,"key":"REST"},{"data":"Genetic Algorithm","floor":25,"key":"SMITH"},{"floor":28,"key":"REST"},{"floor":32,"key":"REST"},{"floor":40,"key":"REST"},{"data":"Capacitor","floor":42,"key":"SMITH"}],"neow_cost":"NO_GOLD","seed_source_timestamp":1040308209983657,"circlet_count":0,"master_deck":["Defend_B+1","Defend_B+1","Zap+1","Dualcast","All For One","Leap","Self Repair+1","FTL","Gash","Conserve Battery","Capacitor+1","Beam Cell","Genetic Algorithm+1","Scrape+1","Hyperbeam","White Noise+1","Genetic Algorithm","Electrodynamics+1","Go for the Eyes+1","Consume+1","Parasite"],"relics":["Cracked Core","Shuriken","Sundial","Pantograph","Art of War","War Paint","Ornamental Fan","Oddly Smooth Stone","Centennial Puzzle","Bronze Scales"],"potions_floor_usage":[6,6,11,16,22,22,29,33,38,39],"damage_taken":[{"damage":0,"enemies":"Cultist","floor":1,"turns":4},{"damage":0,"enemies":"2 Louse","floor":2,"turns":3},{"damage":13,"enemies":"Jaw Worm","floor":3,"turns":4},{"damage":10,"enemies":"Looter","floor":4,"turns":3},{"damage":9,"enemies":"3 Sentries","floor":6,"turns":7},{"damage":18,"enemies":"Exordium Thugs","floor":8,"turns":5},{"damage":28,"enemies":"Gremlin Nob","floor":11,"turns":4},{"damage":13,"enemies":"3 Louse","floor":14,"turns":5},{"damage":58,"enemies":"The Guardian","floor":16,"turns":8},{"damage":23,"enemies":"2 Thieves","floor":18,"turns":4},{"damage":11,"enemies":"Spheric Guardian","floor":20,"turns":4},{"damage":28,"enemies":"Snake Plant","floor":21,"turns":6},{"damage":23,"enemies":"Centurion and Healer","floor":22,"turns":7},{"damage":28,"enemies":"Shelled Parasite and Fungi","floor":27,"turns":5},{"damage":43,"enemies":"Gremlin Leader","floor":29,"turns":6},{"damage":37,"enemies":"Automaton","floor":33,"turns":9},{"damage":42,"enemies":"3 Darklings","floor":35,"turns":5},{"damage":14,"enemies":"Orb Walker","floor":38,"turns":5},{"damage":6,"enemies":"Transient","floor":39,"turns":5},{"damage":43,"enemies":"Writhing Mass","floor":41,"turns":5},{"damage":34,"enemies":"Spire Growth","floor":44,"turns":4}],"seed_played":"7635734442437995106","potions_obtained":[{"floor":1,"key":"SkillPotion"},{"floor":2,"key":"Fire Potion"},{"floor":8,"key":"SkillPotion"},{"floor":14,"key":"SteroidPotion"},{"floor":16,"key":"LiquidBronze"},{"floor":20,"key":"SteroidPotion"},{"floor":29,"key":"Fire Potion"},{"floor":33,"key":"Dexterity Potion"},{"floor":35,"key":"Block Potion"},{"floor":39,"key":"Explosive Potion"}],"is_trial":false,"path_per_floor":["M","M","M","M","?","E","?","M","T","R","E","?","$","M","R","B",null,"M","$","M","M","M","R","?","R","T","M","R","E","?","$","R","B",null,"M","?","$","M","M","R","M","R","T"],"character_chosen":"DEFECT","items_purchased":["Regen Potion","Genetic Algorithm","War Paint","Strength Potion"],"campfire_rested":5,"item_purchase_floors":[13,13,19,37],"current_hp_per_floor":[75,75,69,66,51,52,41,33,33,55,37,34,34,31,31,23,75,62,62,61,43,30,52,52,52,52,34,56,23,23,23,45,43,75,43,43,43,39,43,65,32,32,32,0],"gold":71,"neow_bonus":"TRANSFORM_TWO_CARDS","is_prod":false,"is_daily":false,"chose_seed":false,"campfire_upgraded":3,"win_rate":0,"timestamp":1540795652,"path_taken":["M","M","M","M","?","E","?","M","T","R","E","?","$","M","R","BOSS","M","$","M","M","M","R","?","R","T","M","R","E","?","?","R","BOSS","M","?","$","M","M","R","M","R","T","M"],"build_version":"2018-10-25v2","purchased_purges":2,"victory":false,"max_hp_per_floor":[75,75,75,75,75,75,75,75,75,75,75,75,75,75,75,75,75,75,75,75,75,75,75,75,75,75,75,75,75,75,75,75,75,75,75,75,75,75,75,75,75,75,75,75],"card_choices":[{"not_picked":["Compile Driver","Steam"],"picked":"Self Repair","floor":1},{"not_picked":["Barrage","Rebound"],"picked":"FTL","floor":2},{"not_picked":["Barrage","Static Discharge"],"picked":"Gash","floor":3},{"not_picked":["Lockon","Force Field"],"picked":"Conserve Battery","floor":4},{"not_picked":["Redo","Barrage"],"picked":"Capacitor","floor":6},{"not_picked":["Streamline","Fusion"],"picked":"Beam Cell","floor":8},{"not_picked":["Meteor Strike","Fusion","Biased Cognition"],"picked":"SKIP","floor":11},{"not_picked":["Barrage","Aggregate"],"picked":"Scrape","floor":14},{"not_picked":["Biased Cognition","Multi-Cast"],"picked":"Hyperbeam","floor":16},{"not_picked":["Conserve Battery","Turbo","Stack"],"picked":"SKIP","floor":18},{"not_picked":["Stack+1","Barrage","Compile Driver"],"picked":"SKIP","floor":20},{"not_picked":["Compile Driver","Reprogram+1","Multi-Cast"],"picked":"SKIP","floor":21},{"not_picked":["Redo","Hello World+1"],"picked":"White Noise+1","floor":22},{"not_picked":["Barrage","Stack","Rebound"],"picked":"SKIP","floor":27},{"not_picked":["Redo","Rip and Tear+1"],"picked":"Genetic Algorithm","floor":29},{"not_picked":["Meteor Strike","Thunder Strike"],"picked":"Electrodynamics","floor":33},{"not_picked":["Turbo+1","Rebound"],"picked":"Go for the Eyes+1","floor":35},{"not_picked":["Sweeping Beam+1","Streamline+1"],"picked":"Consume+1","floor":38},{"not_picked":["Sunder","Beam Cell","Chaos+1"],"picked":"SKIP","floor":39},{"not_picked":["Tempest+1","Barrage","Stack"],"picked":"SKIP","floor":41}],"player_experience":197667,"relics_obtained":[{"floor":6,"key":"Shuriken"},{"floor":9,"key":"Sundial"},{"floor":11,"key":"Pantograph"},{"floor":26,"key":"Oddly Smooth Stone"},{"floor":29,"key":"Centennial Puzzle"},{"floor":43,"key":"Bronze Scales"}],"event_choices":[{"damage_healed":0,"gold_gain":0,"player_choice":"Entered Light","damage_taken":15,"max_hp_gain":0,"max_hp_loss":0,"event_name":"Shining Light","floor":5,"gold_loss":0,"cards_upgraded":["Zap","Self Repair"]},{"damage_healed":0,"gold_gain":75,"player_choice":"Gather Gold","damage_taken":11,"max_hp_gain":0,"max_hp_loss":0,"event_name":"World of Goop","floor":7,"gold_loss":0},{"damage_healed":0,"gold_gain":0,"player_choice":"Success","damage_taken":3,"relics_obtained":["Art of War"],"max_hp_gain":0,"max_hp_loss":0,"event_name":"Scrap Ooze","floor":12,"gold_loss":0},{"damage_healed":0,"gold_gain":0,"player_choice":"Opened","damage_taken":0,"relics_obtained":["Ornamental Fan"],"max_hp_gain":0,"max_hp_loss":0,"event_name":"The Mausoleum","floor":24,"gold_loss":0},{"cards_removed":["Defend_B"],"damage_healed":0,"gold_gain":0,"player_choice":"Elegance","damage_taken":0,"max_hp_gain":0,"max_hp_loss":0,"event_name":"Back to Basics","floor":30,"gold_loss":0},{"cards_removed":["Strike_B"],"damage_healed":0,"gold_gain":0,"player_choice":"Upgrade and Remove","damage_taken":0,"max_hp_gain":0,"max_hp_loss":0,"event_name":"Designer","floor":36,"gold_loss":90,"cards_upgraded":["Electrodynamics"]}],"is_beta":false,"boss_relics":[{"not_picked":["Velvet Choker","Orrery","Runic Dome"]},{"not_picked":["Pandora\u0027s Box","Snecko Eye","Philosopher\u0027s Stone"]}],"items_purged_floors":[13,31],"is_endless":false,"potions_floor_spawned":[1,2,8,14,16,20,21,29,33,35,39],"killed_by":"Spire Growth","ascension_level":0}