{"gold_per_floor":[112,124,124,142,158,183,183,217,243,257,290,305,324,336,336,435,435,451,71,86,97,97,97,125,25,50,62,62,62,25,42,42,142,142,152,162,70,84,98,129,129,129],"floor_reached":42,"playtime":4474,"items_purged":["Strike_R","Strike_R"],"score":629,"play_id":"b6e31f1b-b64d-46a0-9aaa-95a3d0cd9e69","local_time":"20181202174304","is_ascension_mode":true,"campfire_choices":[{"floor":7.0,"key":"REST"},{"floor":15.0,"key":"REST"},{"data":"Flame Barrier","floor":23.0,"key":"SMITH"},{"data":"Metallicize","floor":29,"key":"SMITH"},{"data":"Inflame","floor":32,"key":"SMITH"},{"floor":41,"key":"REST"}],"neow_cost":"NONE","seed_source_timestamp":10844495341679,"circlet_count":0,"master_deck":["Bash","Reaper","Shrug It Off","Shockwave","Shrug It Off","Spot Weakness","Carnage","Barricade","Pommel Strike","Flame Barrier+1","Body Slam","Heavy Blade","Juggernaut","Armaments+1","Rampage+1","Metallicize+1","Limit Break","Battle Trance+1","Inflame+1","True Grit","Juggernaut","Shrug It Off","Pommel Strike","Shockwave","Headbutt","True Grit","Twin Strike","Evolve","Entrench","Clothesline","Dark Embrace","Spot Weakness"],"special_seed":0,"relics":["Burning Blood","Regal Pillow","Centennial Puzzle","Omamori","Bag of Preparation","Snecko Eye","Lantern","Potion Belt","Bottled Tornado","Oddly Smooth Stone","Nloth\u0027s Gift","Pandora\u0027s Box","Happy Flower"],"potions_floor_usage":[36,40,40,40,40,42],"damage_taken":[{"damage":13.0,"enemies":"Jaw Worm","floor":1.0,"turns":4.0},{"damage":3.0,"enemies":"Cultist","floor":2.0,"turns":4.0},{"damage":6.0,"enemies":"2 Louse","floor":4.0,"turns":4.0},{"damage":5.0,"enemies":"Exordium Thugs","floor":5.0,"turns":6.0},{"damage":78.0,"enemies":"Lagavulin","floor":6.0,"turns":11.0},{"damage":29.0,"enemies":"3 Sentries","floor":8.0,"turns":8.0},{"damage":21.0,"enemies":"Gremlin Gang","floor":10.0,"turns":6.0},{"damage":29.0,"enemies":"Gremlin Nob","floor":11.0,"turns":4.0},{"damage":21.0,"enemies":"Lots of Slimes","floor":12.0,"turns":5.0},{"damage":15.0,"enemies":"Red Slaver","floor":13.0,"turns":6.0},{"damage":13.0,"enemies":"Looter","floor":14.0,"turns":4.0},{"damage":80.0,"enemies":"Slime Boss","floor":16.0,"turns":18.0},{"damage":37.0,"enemies":"Spheric Guardian","floor":18.0,"turns":6.0},{"damage":5.0,"enemies":"Shell Parasite","floor":20.0,"turns":3.0},{"damage":5.0,"enemies":"Snake Plant","floor":21.0,"turns":4.0},{"damage":21,"enemies":"Book of Stabbing","floor":24,"turns":3},{"damage":7,"enemies":"Centurion and Healer","floor":27,"turns":3},{"damage":0,"enemies":"3 Cultists","floor":31,"turns":3},{"damage":0,"enemies":"Collector","floor":33,"turns":7},{"damage":0,"enemies":"3 Shapes","floor":35,"turns":4},{"damage":11,"enemies":"3 Darklings","floor":36,"turns":4},{"damage":2,"enemies":"Jaw Worm Horde","floor":38,"turns":5},{"damage":3,"enemies":"4 Shapes","floor":39,"turns":5},{"damage":75,"enemies":"Giant Head","floor":40,"turns":9},{"damage":52,"enemies":"Reptomancer","floor":42,"turns":5}],"seed_played":"-6428325367717570822","potions_obtained":[{"floor":2.0,"key":"SteroidPotion"},{"floor":4.0,"key":"Block Potion"},{"floor":5.0,"key":"Regen Potion"},{"floor":10.0,"key":"SpeedPotion"},{"floor":12.0,"key":"SteroidPotion"},{"floor":13.0,"key":"FairyPotion"},{"floor":18.0,"key":"Poison Potion"},{"floor":20.0,"key":"Fire Potion"},{"floor":27,"key":"SkillPotion"},{"floor":33,"key":"Dexterity Potion"},{"floor":38,"key":"Dexterity Potion"},{"floor":39,"key":"SkillPotion"}],"is_trial":false,"path_per_floor":["M","M","?","M","M","E","R","E","T","M","E","M","M","M","R","B",null,"M","$","M","M","$","R","E","$","T","M","?","R","$","M","R","B",null,"M","M","$","M","M","E","R","E"],"character_chosen":"IRONCLAD","items_purchased":["Lantern","Potion Belt","Inflame","Entrench","Clothesline"],"campfire_rested":3,"item_purchase_floors":[19,19,30,37,37],"current_hp_per_floor":[73,76,76,80,80,25,64,62,62,49,28,33,26,23,62,14,80,49,49,59,67,67,67,54,54,54,66,66,66,66,80,80,80,80,80,75,75,79,80,11,50,0],"gold":129,"neow_bonus":"ONE_RANDOM_RARE_CARD","is_prod":false,"is_daily":false,"chose_seed":false,"campfire_upgraded":3,"win_rate":0,"timestamp":1543801384,"path_taken":["M","M","?","M","M","E","R","E","T","?","E","M","M","M","R","BOSS","M","$","?","M","$","R","E","$","T","M","?","R","?","?","R","BOSS","M","M","?","?","M","E","R","E"],"build_version":"2018-11-15","purchased_purges":2,"victory":false,"max_hp_per_floor":[80,80,80,80,80,80,80,80,80,80,80,80,80,80,80,80,80,80,80,80,80,80,80,80,80,80,80,80,80,80,80,80,80,80,80,80,80,80,80,80,80,80],"card_choices":[{"not_picked":["Iron Wave","Uppercut"],"picked":"Shrug It Off","floor":1.0},{"not_picked":["Warcry","Anger","Intimidate"],"picked":"SKIP","floor":2.0},{"not_picked":["Pummel","Sentinel"],"picked":"Shockwave","floor":4.0},{"not_picked":["Clash","Clothesline"],"picked":"Shrug It Off","floor":5.0},{"not_picked":["Thunderclap","Entrench"],"picked":"Spot Weakness","floor":6.0},{"not_picked":["Bloodletting","Pummel"],"picked":"Carnage","floor":8.0},{"not_picked":["Burning Pact","Disarm"],"picked":"Barricade","floor":10.0},{"not_picked":["Feel No Pain","Headbutt"],"picked":"Pommel Strike","floor":11.0},{"not_picked":["Pommel Strike","Entrench"],"picked":"Flame Barrier","floor":12.0},{"not_picked":["Twin Strike","Warcry"],"picked":"Body Slam","floor":13.0},{"not_picked":["Combust","Wild Strike"],"picked":"Heavy Blade","floor":14.0},{"not_picked":["Berserk","Brutality"],"picked":"Juggernaut","floor":16.0},{"not_picked":["Bloodletting+1","Cleave+1"],"picked":"Armaments+1","floor":18.0},{"not_picked":["Anger","Iron Wave"],"picked":"Rampage+1","floor":20.0},{"not_picked":["Heavy Blade","Perfected Strike"],"picked":"Metallicize","floor":21.0},{"not_picked":["Entrench","Uppercut"],"picked":"Limit Break","floor":24},{"not_picked":["Armaments+1","Evolve"],"picked":"Battle Trance+1","floor":27},{"not_picked":["Offering","Warcry"],"picked":"True Grit","floor":31},{"not_picked":["Exhume","Berserk"],"picked":"Juggernaut","floor":33},{"not_picked":["Corruption","Flex+1","Sentinel"],"picked":"SKIP","floor":35},{"not_picked":["Armaments+1","Cleave+1","Iron Wave+1"],"picked":"SKIP","floor":36},{"not_picked":["Warcry+1","Perfected Strike+1"],"picked":"Dark Embrace","floor":38},{"not_picked":["Armaments","Rage+1"],"picked":"Spot Weakness","floor":39},{"not_picked":["Clothesline","Cleave+1","Blood for Blood"],"picked":"SKIP","floor":40}],"player_experience":354651,"relics_obtained":[{"floor":6.0,"key":"Centennial Puzzle"},{"floor":8.0,"key":"Blood Vial"},{"floor":9.0,"key":"Omamori"},{"floor":11.0,"key":"Bag of Preparation"},{"floor":24,"key":"Bottled Tornado"},{"floor":26,"key":"Oddly Smooth Stone"},{"floor":40,"key":"Happy Flower"}],"event_choices":[{"damage_healed":0.0,"max_hp_gain":0.0,"max_hp_loss":0.0,"gold_gain":0.0,"event_name":"WeMeetAgain","player_choice":"Gave Potion","floor":3.0,"gold_loss":0.0,"damage_taken":0.0,"relics_obtained":["Regal Pillow"]},{"damage_healed":0,"gold_gain":0,"player_choice":"Traded Relic","damage_taken":0,"relics_obtained":["Nloth\u0027s Gift"],"max_hp_gain":0,"max_hp_loss":0,"event_name":"N\u0027loth","floor":28,"relics_lost":["Blood Vial"],"gold_loss":0}],"is_beta":false,"boss_relics":[{"not_picked":["White Beast Statue","Philosopher\u0027s Stone"],"picked":"Snecko Eye"},{"not_picked":["Mark of Pain","Runic Pyramid"],"picked":"Pandora\u0027s Box"}],"items_purged_floors":[19,25],"is_endless":false,"potions_floor_spawned":[2,4,5,10,12,13,18,20,27,33,38,39],"killed_by":"Reptomancer","ascension_level":4}