{"gold_per_floor":[110,125,138,138,158,158,202,167,192,192,192,210,210,25,25,153,153,166,191,191,191,91,91,116,116,168,168,168,187,205,251,251,251],"floor_reached":33,"playtime":1516,"items_purged":["Strike_R","Strike_R"],"score":343,"play_id":"e43b3e5e-d18c-4474-bc16-e89e7e2c723c","local_time":"20190823221317","is_ascension_mode":true,"campfire_choices":[{"data":"Rampage","floor":6,"key":"SMITH"},{"data":"Thunderclap","floor":10,"key":"SMITH"},{"floor":15,"key":"REST"},{"data":"Bash","floor":23,"key":"SMITH"},{"floor":25,"key":"REST"},{"data":"True Grit","floor":27,"key":"SMITH"},{"floor":32,"key":"REST"}],"neow_cost":"NONE","seed_source_timestamp":734650986468000,"circlet_count":0,"master_deck":["Strike_R","Strike_R","Strike_R","Defend_R+1","Defend_R+1","Defend_R","Defend_R","Bash+1","Rampage+1","Metallicize","Thunderclap+1","Evolve","Battle Trance","Pommel Strike+1","True Grit+1","True Grit"],"relics":["Burning Blood","Golden Idol","Vajra","War Paint","Bag of Marbles","Sozu","Shuriken","Juzu Bracelet","Orichalcum"],"potions_floor_usage":[5,7,7,16,16,18],"damage_taken":[{"damage":6,"enemies":"Cultist","floor":1,"turns":4},{"damage":10,"enemies":"2 Louse","floor":2,"turns":2},{"damage":10,"enemies":"Small Slimes","floor":3,"turns":3},{"damage":5,"enemies":"Gremlin Gang","floor":5,"turns":2},{"damage":42,"enemies":"Lagavulin","floor":7,"turns":8},{"damage":22,"enemies":"3 Louse","floor":12,"turns":3},{"damage":32,"enemies":"The Guardian","floor":16,"turns":10},{"damage":9,"enemies":"Chosen","floor":18,"turns":4},{"damage":16,"enemies":"3 Byrds","floor":19,"turns":6},{"damage":16,"enemies":"Snake Plant","floor":24,"turns":4},{"damage":13,"enemies":"Colosseum Slavers","floor":28,"turns":4},{"damage":30,"enemies":"Shelled Parasite and Fungi","floor":29,"turns":8},{"damage":24,"enemies":"Snecko","floor":30,"turns":5},{"damage":55,"enemies":"Automaton","floor":33,"turns":6}],"seed_played":"7319804547916358177","potions_obtained":[{"floor":0,"key":"Strength Potion"},{"floor":0,"key":"SneckoOil"},{"floor":0,"key":"Dexterity Potion"},{"floor":1,"key":"Explosive Potion"},{"floor":5,"key":"BloodPotion"},{"floor":16,"key":"GamblersBrew"}],"is_trial":false,"path_per_floor":["M","M","M","?","M","R","E","?","T","R","?","M","?","$","R","B",null,"M","M","?","T","$","R","M","R","T","R","?","M","M","T","R","B"],"character_chosen":"IRONCLAD","items_purchased":["Battle Trance","LiquidBronze"],"campfire_rested":3,"item_purchase_floors":[14,14],"current_hp_per_floor":[72,68,64,64,65,65,29,47,47,47,40,24,24,24,46,38,65,62,52,52,52,52,52,42,64,64,64,57,33,15,15,37,0],"gold":251,"neow_bonus":"THREE_SMALL_POTIONS","is_prod":false,"is_daily":false,"chose_seed":false,"campfire_upgraded":4,"win_rate":0,"timestamp":1566565997,"path_taken":["M","M","M","?","M","R","E","?","T","R","?","M","?","$","R","BOSS","M","?","?","?","$","R","M","R","T","R","?","M","M","?","R","BOSS"],"build_version":"2019-07-17","purchased_purges":2,"victory":false,"max_hp_per_floor":[80,80,80,74,74,74,74,74,74,74,74,74,74,74,74,74,74,74,74,74,74,74,74,74,74,74,74,74,74,74,74,74,74],"card_choices":[{"not_picked":["Pummel","Searing Blow"],"picked":"Rampage","floor":1},{"not_picked":["Perfected Strike","Second Wind","Armaments"],"picked":"SKIP","floor":2},{"not_picked":["Havoc","Warcry"],"picked":"Metallicize","floor":3},{"not_picked":["Twin Strike","Bloodletting"],"picked":"Thunderclap","floor":5},{"not_picked":["Twin Strike","Sword Boomerang"],"picked":"Evolve","floor":7},{"not_picked":["Pummel","Seeing Red","Perfected Strike"],"picked":"SKIP","floor":12},{"not_picked":["Inflame","Dual Wield"],"picked":"Pommel Strike+1","floor":18},{"not_picked":["Pommel Strike","Thunderclap","Cleave+1"],"picked":"SKIP","floor":19},{"not_picked":["Anger+1","Iron Wave"],"picked":"True Grit","floor":24},{"not_picked":["Whirlwind","Disarm"],"picked":"True Grit","floor":29},{"not_picked":["Clash","Infernal Blade","Dual Wield"],"picked":"SKIP","floor":30}],"player_experience":189654,"relics_obtained":[{"floor":7,"key":"Vajra"},{"floor":9,"key":"War Paint"},{"floor":21,"key":"Shuriken"},{"floor":26,"key":"Juzu Bracelet"},{"floor":31,"key":"Orichalcum"}],"event_choices":[{"damage_healed":0,"gold_gain":0,"player_choice":"Lose Max HP","damage_taken":0,"relics_obtained":["Golden Idol"],"max_hp_gain":0,"max_hp_loss":6,"event_name":"Golden Idol","floor":4,"gold_loss":0},{"damage_healed":18,"gold_gain":0,"player_choice":"Healed","damage_taken":0,"max_hp_gain":0,"max_hp_loss":0,"event_name":"The Cleric","floor":8,"gold_loss":35},{"damage_healed":0,"gold_gain":0,"player_choice":"Success","damage_taken":7,"relics_obtained":["Bag of Marbles"],"max_hp_gain":0,"max_hp_loss":0,"event_name":"Scrap Ooze","floor":11,"gold_loss":0},{"damage_healed":0,"gold_gain":0,"player_choice":"Leave","damage_taken":0,"max_hp_gain":0,"max_hp_loss":0,"event_name":"FaceTrader","floor":13,"gold_loss":0},{"damage_healed":0,"gold_gain":0,"player_choice":"Fight","damage_taken":0,"max_hp_gain":0,"max_hp_loss":0,"event_name":"Colosseum","floor":28,"gold_loss":0},{"damage_healed":0,"gold_gain":0,"player_choice":"Fled From Nobs","damage_taken":0,"max_hp_gain":0,"max_hp_loss":0,"event_name":"Colosseum","floor":28,"gold_loss":0}],"is_beta":false,"boss_relics":[{"not_picked":["Astrolabe","Tiny House"],"picked":"Sozu"}],"items_purged_floors":[14,22],"is_endless":false,"potions_floor_spawned":[1,2,5,16,19,28],"killed_by":"Automaton","ascension_level":8}