{"gold_per_floor":[116,41,41,53,69,69,81,81,105,140,140,155,187,262,262,341,341,341],"floor_reached":18,"playtime":719,"items_purged":[],"score":332,"play_id":"12f66d56-fb49-45fa-b47a-d9b3b762d486","local_time":"20190823093308","is_ascension_mode":true,"campfire_choices":[{"data":"Streamline","floor":6.0,"key":"SMITH"},{"floor":8.0,"key":"REST"},{"floor":11.0,"key":"REST"},{"floor":15.0,"key":"REST"}],"neow_cost":"TEN_PERCENT_HP_LOSS","seed_source_timestamp":0,"circlet_count":0,"master_deck":["AscendersBane","Strike_B","Strike_B","Defend_B","Defend_B","Defend_B","Zap","Dualcast","Coolheaded","Streamline+1","Capacitor","Fusion","Leap","Leap","Multi-Cast"],"special_seed":0,"relics":["Cracked Core","Pen Nib","Juzu Bracelet","Dodecahedron","Bag of Preparation","Snecko Eye"],"potions_floor_usage":[],"damage_taken":[{"damage":9.0,"enemies":"Jaw Worm","floor":1.0,"turns":4.0},{"damage":0.0,"enemies":"2 Louse","floor":4.0,"turns":4.0},{"damage":1.0,"enemies":"Cultist","floor":5.0,"turns":3.0},{"damage":10.0,"enemies":"2 Fungi Beasts","floor":7.0,"turns":4.0},{"damage":24.0,"enemies":"Lagavulin","floor":10.0,"turns":6.0},{"damage":5.0,"enemies":"Red Slaver","floor":12.0,"turns":3.0},{"damage":17.0,"enemies":"3 Sentries","floor":13.0,"turns":7.0},{"damage":25.0,"enemies":"The Guardian","floor":16.0,"turns":14.0},{"damage":0,"enemies":"3 Byrds","floor":18,"turns":1}],"seed_played":"-4110442836419389122","potions_obtained":[{"floor":5.0,"key":"Fire Potion"},{"floor":10.0,"key":"SpeedPotion"},{"floor":16.0,"key":"PowerPotion"}],"is_trial":false,"path_per_floor":["M","?","?","M","M","R","M","R","T","E","R","M","E","?","R","B",null,"M"],"character_chosen":"DEFECT","items_purchased":[],"campfire_rested":3,"item_purchase_floors":[],"current_hp_per_floor":[55,55,44,44,43,43,33,52,52,28,47,42,25,14,33,8,50,50],"gold":341,"neow_bonus":"REMOVE_TWO","is_prod":false,"is_daily":false,"chose_seed":false,"campfire_upgraded":1,"win_rate":0,"timestamp":1566520388,"path_taken":["M","?","?","M","M","R","M","R","T","E","R","M","E","?","R","BOSS","M"],"build_version":"2019-07-17","purchased_purges":0,"victory":false,"max_hp_per_floor":[64,64,64,64,64,64,64,64,64,64,64,64,64,64,64,64,64,64],"card_choices":[{"not_picked":["Stack","Double Energy"],"picked":"Coolheaded","floor":1.0},{"not_picked":["Storm","Hologram"],"picked":"Streamline","floor":4.0},{"not_picked":["Loop","Static Discharge"],"picked":"Capacitor","floor":5.0},{"not_picked":["Conserve Battery","Sunder"],"picked":"Fusion","floor":7.0},{"not_picked":["Sweeping Beam","Beam Cell"],"picked":"Leap","floor":10.0},{"not_picked":["Blizzard","Compile Driver","Heatsinks"],"picked":"SKIP","floor":12.0},{"not_picked":["Lockon","Static Discharge"],"picked":"Leap","floor":13.0},{"not_picked":["Rainbow","Echo Form"],"picked":"Multi-Cast","floor":16.0}],"player_experience":765948,"relics_obtained":[{"floor":9.0,"key":"Juzu Bracelet"},{"floor":10.0,"key":"Dodecahedron"},{"floor":13.0,"key":"Bag of Preparation"}],"event_choices":[{"cards_removed":["Strike_B"],"damage_healed":0.0,"max_hp_gain":0.0,"max_hp_loss":0.0,"gold_gain":0.0,"event_name":"The Cleric","player_choice":"Card Removal","floor":2.0,"gold_loss":75.0,"damage_taken":0.0},{"damage_healed":0.0,"max_hp_gain":0.0,"max_hp_loss":0.0,"gold_gain":0.0,"event_name":"Scrap Ooze","player_choice":"Success","floor":3.0,"gold_loss":0.0,"damage_taken":11.0,"relics_obtained":["Pen Nib"]},{"damage_healed":0.0,"max_hp_gain":0.0,"max_hp_loss":0.0,"gold_gain":75.0,"event_name":"World of Goop","player_choice":"Gather Gold","floor":14.0,"gold_loss":0.0,"damage_taken":11.0}],"is_beta":false,"boss_relics":[{"not_picked":["Lizard Tail","Runic Pyramid"],"picked":"Snecko Eye"}],"items_purged_floors":[],"is_endless":false,"potions_floor_spawned":[5,10,16],"killed_by":"3 Byrds","ascension_level":19}