{"gold_per_floor":[359,376,396,413,488,488,508,508,533,566,624,624,624,658,658,753,753,769,796,796,796,812,842,842,853,853,853,864,875,875,888,888,888],"floor_reached":33,"playtime":1241,"items_purged":[],"score":302,"play_id":"83af4d97-feeb-4e49-b5db-249e797c5d2d","local_time":"20190806001450","is_ascension_mode":false,"campfire_choices":[{"data":"Bash","floor":6,"key":"SMITH"},{"data":"Clothesline","floor":8,"key":"SMITH"},{"data":"Sword Boomerang","floor":13,"key":"SMITH"},{"data":"Uppercut","floor":15,"key":"SMITH"},{"data":"Searing Blow+1","floor":24,"key":"SMITH"},{"data":"Searing Blow+2","floor":27,"key":"SMITH"},{"data":"Searing Blow+3","floor":32,"key":"SMITH"}],"neow_cost":"PERCENT_DAMAGE","seed_source_timestamp":7145262446839,"circlet_count":0,"master_deck":["Strike_R","Strike_R","Strike_R","Defend_R","Defend_R","Defend_R","Defend_R","Bash+1","Clothesline+1","Metallicize","Flame Barrier","Sword Boomerang+1","Headbutt","Pummel+1","Uppercut+1","Immolate","Pommel Strike+1","Searing Blow+4","Flame Barrier","True Grit","Armaments+1","Clothesline","Sever Soul","Double Tap","Sword Boomerang"],"relics":["Burning Blood","Centennial Puzzle","Boot","Oddly Smooth Stone","Bronze Scales","Snecko Eye","Red Mask","Thread and Needle","Nloth\u0027s Gift"],"potions_floor_usage":[7,7,7,10,14,19,29,29,33],"damage_taken":[{"damage":0,"enemies":"2 Louse","floor":1,"turns":3},{"damage":4,"enemies":"Small Slimes","floor":2,"turns":3},{"damage":3,"enemies":"Jaw Worm","floor":3,"turns":5},{"damage":2,"enemies":"Looter","floor":4,"turns":4},{"damage":0,"enemies":"Exordium Thugs","floor":7,"turns":5},{"damage":20,"enemies":"Lagavulin","floor":10,"turns":7},{"damage":4,"enemies":"Gremlin Nob","floor":11,"turns":4},{"damage":2,"enemies":"3 Sentries","floor":14,"turns":5},{"damage":29,"enemies":"Slime Boss","floor":16,"turns":10},{"damage":0,"enemies":"Chosen","floor":18,"turns":2},{"damage":7,"enemies":"Masked Bandits","floor":19,"turns":2},{"damage":0,"enemies":"3 Byrds","floor":22,"turns":2},{"damage":0,"enemies":"Book of Stabbing","floor":23,"turns":5},{"damage":0,"enemies":"Snecko","floor":25,"turns":3},{"damage":8,"enemies":"Centurion and Healer","floor":28,"turns":5},{"damage":0,"enemies":"Snake Plant","floor":29,"turns":4},{"damage":0,"enemies":"Snecko","floor":31,"turns":2},{"damage":94,"enemies":"Collector","floor":33,"turns":7}],"seed_played":"-2418085681792821388","potions_obtained":[{"floor":3,"key":"SkillPotion"},{"floor":4,"key":"EntropicBrew"},{"floor":10,"key":"PowerPotion"},{"floor":16,"key":"Strength Potion"},{"floor":22,"key":"Strength Potion"},{"floor":23,"key":"SpeedPotion"},{"floor":31,"key":"FearPotion"}],"is_trial":false,"path_per_floor":["M","M","M","M","?","R","M","R","T","E","?","?","R","E","R","B",null,"M","?","?","?","M","E","R","M","T","R","M","M","?","M","R","B"],"character_chosen":"IRONCLAD","items_purchased":[],"campfire_rested":0,"item_purchase_floors":[],"current_hp_per_floor":[62,64,67,71,60,60,66,66,66,52,54,54,54,58,58,35,80,80,79,79,64,70,76,76,82,82,82,80,85,85,85,85,0],"gold":888,"neow_bonus":"TWO_FIFTY_GOLD","is_prod":false,"is_daily":false,"chose_seed":false,"campfire_upgraded":7,"win_rate":0,"timestamp":1565072090,"path_taken":["M","M","M","M","?","R","M","R","T","E","?","?","R","E","R","BOSS","M","?","?","?","M","E","R","M","T","R","M","?","?","M","R","BOSS"],"build_version":"2019-07-17","purchased_purges":0,"victory":false,"max_hp_per_floor":[80,80,80,80,80,80,80,80,80,80,80,80,80,80,80,80,80,80,80,80,85,85,85,85,85,85,85,85,85,85,85,85,85],"card_choices":[{"not_picked":["Warcry","Headbutt"],"picked":"Clothesline","floor":1},{"not_picked":["Fire Breathing","Clothesline"],"picked":"Metallicize","floor":2},{"not_picked":["Iron Wave","Warcry"],"picked":"Flame Barrier","floor":3},{"not_picked":["Fire Breathing","Body Slam"],"picked":"Sword Boomerang","floor":4},{"not_picked":["Armaments","Entrench","Wild Strike"],"picked":"SKIP","floor":7},{"not_picked":["Feel No Pain","Shrug It Off"],"picked":"Headbutt","floor":10},{"not_picked":["Pommel Strike","Juggernaut"],"picked":"Pummel","floor":11},{"not_picked":["Perfected Strike","Flame Barrier"],"picked":"Uppercut","floor":14},{"not_picked":["Feed","Barricade"],"picked":"Immolate","floor":16},{"not_picked":["Rage+1","Flex"],"picked":"Pommel Strike+1","floor":18},{"not_picked":["Infernal Blade+1","Warcry+1"],"picked":"Searing Blow+1","floor":19},{"not_picked":["Sentinel","Sword Boomerang"],"picked":"Armaments+1","floor":22},{"not_picked":["Havoc","Anger+1"],"picked":"Clothesline","floor":23},{"not_picked":["Feel No Pain","Iron Wave"],"picked":"Sever Soul","floor":25},{"not_picked":["Hemokinesis","Shrug It Off","Perfected Strike"],"picked":"SKIP","floor":28},{"not_picked":["Iron Wave","Flex"],"picked":"Double Tap","floor":29},{"not_picked":["Twin Strike","Wild Strike"],"picked":"Sword Boomerang","floor":31}],"player_experience":1632568,"relics_obtained":[{"floor":9,"key":"Centennial Puzzle"},{"floor":10,"key":"Boot"},{"floor":11,"key":"Oddly Smooth Stone"},{"floor":14,"key":"Bronze Scales"},{"floor":19,"key":"Red Mask"},{"floor":23,"key":"Thread and Needle"},{"floor":26,"key":"Sundial"}],"event_choices":[{"damage_healed":0,"gold_gain":75,"player_choice":"Gather Gold","damage_taken":11,"max_hp_gain":0,"max_hp_loss":0,"event_name":"World of Goop","floor":5,"gold_loss":0},{"damage_healed":0,"gold_gain":0,"player_choice":"Searched \u00271\u0027 times","damage_taken":0,"max_hp_gain":0,"max_hp_loss":0,"event_name":"Dead Adventurer","floor":11,"gold_loss":0},{"damage_healed":0,"gold_gain":0,"player_choice":"Grow","damage_taken":0,"max_hp_gain":0,"max_hp_loss":0,"event_name":"Living Wall","floor":12,"gold_loss":0,"cards_upgraded":["Pummel"]},{"damage_healed":0,"gold_gain":0,"player_choice":"Fought Bandits","damage_taken":0,"max_hp_gain":0,"max_hp_loss":0,"event_name":"Masked Bandits","floor":19,"gold_loss":0},{"damage_healed":0,"gold_gain":0,"cards_transformed":["Strike_R","Strike_R"],"player_choice":"Became Test Subject","damage_taken":0,"max_hp_gain":0,"max_hp_loss":0,"event_name":"Drug Dealer","floor":20,"gold_loss":0,"cards_obtained":["Flame Barrier","True Grit"]},{"damage_healed":0,"gold_gain":0,"player_choice":"Shed Blood","damage_taken":20,"max_hp_gain":5,"max_hp_loss":0,"event_name":"Forgotten Altar","floor":21,"gold_loss":0},{"damage_healed":0,"gold_gain":0,"player_choice":"Traded Relic","damage_taken":0,"relics_obtained":["Nloth\u0027s Gift"],"max_hp_gain":0,"max_hp_loss":0,"event_name":"N\u0027loth","floor":30,"relics_lost":["Sundial"],"gold_loss":0}],"is_beta":false,"boss_relics":[{"not_picked":["Astrolabe","Black Blood"],"picked":"Snecko Eye"}],"items_purged_floors":[],"is_endless":false,"potions_floor_spawned":[3,4,10,16,22,23,28,31],"killed_by":"Collector","ascension_level":0}