{"gold_per_floor":[119,119,138,152,427,454,464,464],"floor_reached":8,"playtime":338,"items_purged":[],"score":58,"play_id":"cfdeb68c-9300-4db5-a39f-ee58772cc47b","local_time":"20181202195903","is_ascension_mode":false,"campfire_choices":[],"neow_cost":"NONE","seed_source_timestamp":423525442414500,"circlet_count":0,"master_deck":["Strike_B","Strike_B","Strike_B","Strike_B","Defend_B","Defend_B","Defend_B+1","Defend_B","Zap+1","Dualcast","Sunder","Turbo","Go for the Eyes","Regret","Conserve Battery","Turbo"],"relics":["White Beast Statue","Omamori"],"potions_floor_usage":[6,7],"damage_taken":[{"damage":6,"enemies":"Jaw Worm","floor":1,"turns":4},{"damage":0,"enemies":"Small Slimes","floor":3,"turns":3},{"damage":0,"enemies":"Cultist","floor":4,"turns":3},{"damage":39,"enemies":"Gremlin Nob","floor":6,"turns":4},{"damage":7,"enemies":"Exordium Thugs","floor":7,"turns":3},{"damage":9,"enemies":"Blue Slaver","floor":8,"turns":2}],"seed_played":"-5972200233861127897","potions_obtained":[{"floor":1,"key":"SteroidPotion"},{"floor":3,"key":"Energy Potion"},{"floor":4,"key":"Swift Potion"},{"floor":6,"key":"Explosive Potion"},{"floor":7,"key":"Ancient Potion"}],"is_trial":false,"path_per_floor":["M","?","M","M","?","E","M","M"],"character_chosen":"DEFECT","items_purchased":[],"campfire_rested":0,"item_purchase_floors":[],"current_hp_per_floor":[69,54,54,54,54,15,8,0],"gold":464,"neow_bonus":"BOSS_RELIC","is_prod":false,"is_daily":false,"chose_seed":false,"campfire_upgraded":0,"win_rate":0,"timestamp":1543748343,"path_taken":["M","?","M","M","?","E","M","?"],"build_version":"2018-11-15","purchased_purges":0,"victory":false,"max_hp_per_floor":[75,75,75,75,75,75,75,75],"card_choices":[{"not_picked":["Rebound","FTL"],"picked":"Sunder","floor":1},{"not_picked":["Barrage","Compile Driver"],"picked":"Turbo","floor":3},{"not_picked":["Conserve Battery","Streamline"],"picked":"Go for the Eyes","floor":4},{"not_picked":["Darkness","Meteor Strike"],"picked":"Conserve Battery","floor":6},{"not_picked":["Barrage","Storm"],"picked":"Turbo","floor":7}],"player_experience":587297,"relics_obtained":[{"floor":6,"key":"Omamori"}],"event_choices":[{"damage_healed":0,"gold_gain":0,"player_choice":"Entered Light","damage_taken":15,"max_hp_gain":0,"max_hp_loss":0,"event_name":"Shining Light","floor":2,"gold_loss":0,"cards_upgraded":["Zap","Defend_B"]},{"damage_healed":0,"gold_gain":275,"player_choice":"Desecrate","damage_taken":0,"max_hp_gain":0,"max_hp_loss":0,"event_name":"Golden Shrine","floor":5,"gold_loss":0,"cards_obtained":["Regret"]}],"is_beta":false,"boss_relics":[],"items_purged_floors":[],"is_endless":false,"potions_floor_spawned":[1,3,4,6,7],"killed_by":"Blue Slaver","ascension_level":0}