{"gold_per_floor":[11,27,41,55,69,101,101,118,141,151,171,171,171,187,187,291,291,309,309,323,323],"floor_reached":21,"playtime":1359,"items_purged":[],"score":187,"play_id":"7a991cd8-9978-47e1-bc2a-5e93486381d8","local_time":"20181119193233","is_ascension_mode":false,"campfire_choices":[{"floor":13,"key":"REST"},{"floor":15,"key":"REST"}],"neow_cost":"NO_GOLD","seed_source_timestamp":64717755669300,"circlet_count":0,"master_deck":["Bash","Shockwave","Bloodletting","Rupture","Battle Trance","Combust","Rupture","Seeing Red","Heavy Blade","Intimidate","Corruption","Brutality","Thunderclap","Rampage","Rupture","Body Slam","Ghostly Armor","Seeing Red","Armaments","Writhe","Ghostly Armor"],"relics":["Burning Blood","Centennial Puzzle","Pandora\u0027s Box","Blue Candle"],"potions_floor_usage":[6,6,11,11,14,20],"damage_taken":[{"damage":1,"enemies":"Cultist","floor":1,"turns":3},{"damage":10,"enemies":"Small Slimes","floor":2,"turns":4},{"damage":0,"enemies":"2 Louse","floor":3,"turns":3},{"damage":18,"enemies":"Exordium Wildlife","floor":4,"turns":6},{"damage":10,"enemies":"Blue Slaver","floor":5,"turns":5},{"damage":43,"enemies":"3 Sentries","floor":6,"turns":6},{"damage":11,"enemies":"2 Fungi Beasts","floor":8,"turns":4},{"damage":8,"enemies":"Large Slime","floor":10,"turns":5},{"damage":0,"enemies":"Exordium Wildlife","floor":11,"turns":4},{"damage":19,"enemies":"Gremlin Gang","floor":14,"turns":4},{"damage":31,"enemies":"Slime Boss","floor":16,"turns":8},{"damage":24,"enemies":"Shell Parasite","floor":18,"turns":5},{"damage":32,"enemies":"Spheric Guardian","floor":20,"turns":4},{"damage":36,"enemies":"Cultist and Chosen","floor":21,"turns":6}],"seed_played":"4364214020423006315","potions_obtained":[{"floor":3,"key":"SkillPotion"},{"floor":4,"key":"SkillPotion"},{"floor":6,"key":"Fire Potion"},{"floor":8,"key":"FearPotion"},{"floor":11,"key":"Ancient Potion"},{"floor":14,"key":"Weak Potion"}],"is_trial":false,"path_per_floor":["M","M","M","M","M","E","?","M","T","M","M","?","R","M","R","B",null,"M","?","M","M"],"character_chosen":"IRONCLAD","items_purchased":[],"campfire_rested":2,"item_purchase_floors":[],"current_hp_per_floor":[80,76,80,68,64,27,20,15,15,13,19,19,43,30,54,29,80,62,62,36,0],"gold":323,"neow_bonus":"REMOVE_TWO","is_prod":false,"is_daily":false,"chose_seed":false,"campfire_upgraded":0,"win_rate":0,"timestamp":1542623553,"path_taken":["M","M","M","M","M","E","?","M","T","M","M","?","R","M","R","BOSS","M","?","M","M"],"build_version":"2018-11-15","purchased_purges":0,"victory":false,"max_hp_per_floor":[80,80,80,80,80,80,80,80,80,80,80,80,80,80,80,80,80,80,80,80,80],"card_choices":[{"not_picked":["Heavy Blade","Sentinel"],"picked":"Shockwave","floor":1},{"not_picked":["True Grit","Iron Wave"],"picked":"Bloodletting","floor":2},{"not_picked":["Evolve","Burning Pact"],"picked":"Rupture","floor":3},{"not_picked":["Ghostly Armor","Cleave"],"picked":"Battle Trance","floor":4},{"not_picked":["Pummel","Anger"],"picked":"Combust","floor":5},{"not_picked":["Thunderclap","Clothesline"],"picked":"Rupture","floor":6},{"not_picked":["Iron Wave","Sword Boomerang"],"picked":"Seeing Red","floor":8},{"not_picked":["Sentinel","Havoc"],"picked":"Heavy Blade","floor":10},{"not_picked":["Sentinel","Searing Blow"],"picked":"Intimidate","floor":11},{"not_picked":["Thunderclap","Dual Wield"],"picked":"Corruption","floor":14},{"not_picked":["Barricade","Limit Break"],"picked":"Brutality","floor":16},{"not_picked":["Cleave","Heavy Blade"],"picked":"Armaments","floor":18},{"not_picked":["Body Slam","Twin Strike"],"picked":"Ghostly Armor","floor":20}],"player_experience":464066,"relics_obtained":[{"floor":6,"key":"Centennial Puzzle"}],"event_choices":[{"cards_removed":["Strike_R"],"damage_healed":0,"gold_gain":0,"player_choice":"Card Removal","damage_taken":7,"max_hp_gain":0,"max_hp_loss":0,"event_name":"Golden Wing","floor":7,"gold_loss":0},{"damage_healed":0,"gold_gain":0,"player_choice":"Fled","damage_taken":0,"max_hp_gain":0,"max_hp_loss":0,"event_name":"Scrap Ooze","floor":12,"gold_loss":0},{"damage_healed":0,"gold_gain":0,"player_choice":"Opened","damage_taken":0,"relics_obtained":["Blue Candle"],"max_hp_gain":0,"max_hp_loss":0,"event_name":"The Mausoleum","floor":19,"gold_loss":0,"cards_obtained":["Writhe"]}],"is_beta":false,"boss_relics":[{"not_picked":["Snecko Eye","Runic Dome"],"picked":"Pandora\u0027s Box"}],"items_purged_floors":[],"is_endless":false,"potions_floor_spawned":[3,4,6,8,11,14],"killed_by":"Cultist and Chosen","ascension_level":0}