{"gold_per_floor":[99,24,24,24,24,24,24,24,24,0,0,0,0,0,0,0,0,0,0,0,0,0,0,0,0,0,0,0,0,0,0,0,0,0,0,0,0,0,0,0,0,0,0,0,0,0,0,0,0,0,0,0,0,0,0],"floor_reached":55,"playtime":5583,"items_purged":["Strike_G"],"score":822,"play_id":"f53e8b06-eb61-42b5-856a-b77d890a0908","local_time":"20190703115243","is_ascension_mode":true,"campfire_choices":[{"data":"Neutralize","floor":6,"key":"SMITH"},{"data":"Sucker Punch","floor":8,"key":"SMITH"},{"floor":12,"key":"REST"},{"floor":15,"key":"REST"},{"data":"Terror","floor":23,"key":"SMITH"},{"data":"Sucker Punch","floor":25,"key":"SMITH"},{"data":"Backflip","floor":27,"key":"SMITH"},{"floor":32,"key":"REST"},{"data":"Thinking Ahead","floor":41,"key":"SMITH"},{"floor":47,"key":"RECALL"},{"data":"Footwork","floor":49,"key":"SMITH"},{"data":"Blade Dance","floor":52,"key":"SMITH"}],"neow_cost":"NONE","seed_source_timestamp":168466798345000,"circlet_count":0,"master_deck":["Survivor","Neutralize+1","Sucker Punch+1","PiercingWail","Backflip","Heel Hook","Sucker Punch+1","Cloak And Dagger","Malaise","Bouncing Flask+1","Cloak And Dagger","Backflip+1","Terror+1","Backflip","Night Terror","Masterful Stab","PiercingWail","Backflip","Endless Agony","Footwork+1","Predator","Backflip","Cloak And Dagger+1","Blade Dance+1","Impatience","Thinking Ahead+1","Flash of Steel","Infinite Blades+1","Infinite Blades","Acrobatics+1"],"relics":["Ectoplasm","Vajra","Happy Flower","Gremlin Horn","WristBlade","NlothsMask","Pandora\u0027s Box","FossilizedHelix","Red Mask","Blood Vial","Blue Candle","Potion Belt"],"potions_floor_usage":[13,16,16,20,33,33,44,50,50,54],"damage_taken":[{"damage":1,"enemies":"Cultist","floor":1,"turns":5},{"damage":0,"enemies":"2 Louse","floor":3,"turns":3},{"damage":2,"enemies":"Small Slimes","floor":4,"turns":5},{"damage":0,"enemies":"Looter","floor":10,"turns":4},{"damage":15,"enemies":"3 Sentries","floor":11,"turns":10},{"damage":16,"enemies":"Gremlin Nob","floor":13,"turns":4},{"damage":5,"enemies":"Red Slaver","floor":14,"turns":3},{"damage":24,"enemies":"Slime Boss","floor":16,"turns":13},{"damage":0,"enemies":"Chosen","floor":18,"turns":6},{"damage":6,"enemies":"3 Byrds","floor":20,"turns":4},{"damage":7,"enemies":"Centurion and Healer","floor":21,"turns":7},{"damage":2,"enemies":"Snake Plant","floor":22,"turns":4},{"damage":8,"enemies":"Chosen and Byrds","floor":29,"turns":7},{"damage":0,"enemies":"Colosseum Slavers","floor":30,"turns":4},{"damage":9,"enemies":"Centurion and Healer","floor":31,"turns":6},{"damage":42,"enemies":"Collector","floor":33,"turns":10},{"damage":0,"enemies":"3 Darklings","floor":35,"turns":4},{"damage":0,"enemies":"Mind Bloom Boss Battle","floor":36,"turns":4},{"damage":0,"enemies":"Giant Head","floor":40,"turns":5},{"damage":0,"enemies":"3 Shapes","floor":42,"turns":4},{"damage":0,"enemies":"Reptomancer","floor":44,"turns":4},{"damage":0,"enemies":"Jaw Worm Horde","floor":46,"turns":3},{"damage":0,"enemies":"Sphere and 2 Shapes","floor":48,"turns":4},{"damage":58,"enemies":"Time Eater","floor":50,"turns":16},{"damage":24,"enemies":"Shield and Spear","floor":54,"turns":6},{"damage":44,"enemies":"The Heart","floor":55,"turns":2}],"seed_played":"322741894525865382","potions_obtained":[{"floor":3,"key":"AttackPotion"},{"floor":11,"key":"Block Potion"},{"floor":13,"key":"Explosive Potion"},{"floor":14,"key":"GhostInAJar"},{"floor":16,"key":"Swift Potion"},{"floor":20,"key":"SneckoOil"},{"floor":22,"key":"Regen Potion"},{"floor":28,"key":"Ancient Potion"},{"floor":35,"key":"SkillPotion"},{"floor":36,"key":"SmokeBomb"},{"floor":48,"key":"SpeedPotion"}],"is_trial":false,"path_per_floor":["M","$","M","M","?","R","?","R","T","M","E","R","E","M","R","B",null,"M","?","M","M","M","R","?","R","T","R","?","M","?","M","R","B",null,"M","?","?","?","?","E","R","M","T","E","?","M","R","M","R","B",null,"R","$","E","B"],"character_chosen":"THE_SILENT","items_purchased":[],"campfire_rested":3,"item_purchase_floors":[],"current_hp_per_floor":[69,69,69,67,60,60,49,49,49,49,34,55,39,34,55,31,70,70,70,64,57,55,55,55,55,55,55,55,47,47,38,59,32,70,70,70,60,60,60,62,62,64,64,66,66,66,66,66,66,8,66,66,66,42,0],"gold":0,"neow_bonus":"BOSS_RELIC","is_prod":false,"is_daily":false,"chose_seed":false,"campfire_upgraded":8,"win_rate":0,"timestamp":1562122363,"path_taken":["M","$","?","M","?","R","?","R","T","M","E","R","E","M","R","BOSS","M","?","?","M","M","R","?","R","T","R","?","?","?","M","R","BOSS","M","?","?","?","?","E","R","?","T","E","?","M","R","M","R","BOSS","R","$","E","BOSS"],"build_version":"2019-07-01","purchased_purges":1,"victory":false,"max_hp_per_floor":[70,70,70,70,70,70,70,70,70,70,70,70,70,70,70,70,70,70,70,70,70,70,70,70,70,70,70,70,70,70,70,70,70,70,70,70,70,70,70,70,70,70,70,70,66,66,66,66,66,66,66,66,66,66,66],"card_choices":[{"not_picked":["Quick Slash","Choke"],"picked":"Sucker Punch","floor":1},{"not_picked":["Calculated Gamble","Deadly Poison"],"picked":"PiercingWail","floor":3},{"not_picked":["Underhanded Strike","Acrobatics","Masterful Stab"],"picked":"SKIP","floor":4},{"not_picked":["PiercingWail","Dagger Throw"],"picked":"Backflip","floor":10},{"not_picked":["Prepared","Distraction"],"picked":"Heel Hook","floor":11},{"not_picked":["Quick Slash","Bane"],"picked":"Sucker Punch","floor":13},{"not_picked":["Deflect","Underhanded Strike"],"picked":"Cloak And Dagger","floor":14},{"not_picked":["Unload","Corpse Explosion"],"picked":"Malaise","floor":16},{"not_picked":["Calculated Gamble","Dodge and Roll"],"picked":"Bouncing Flask+1","floor":18},{"not_picked":["Underhanded Strike","Dagger Throw"],"picked":"Cloak And Dagger","floor":20},{"not_picked":["Reflex","Bouncing Flask"],"picked":"Backflip","floor":21},{"not_picked":["Poisoned Stab","Riddle With Holes"],"picked":"Terror","floor":22},{"not_picked":["Slice","Leg Sweep"],"picked":"Backflip","floor":29},{"not_picked":["Backflip","Dodge and Roll","Eviscerate"],"picked":"SKIP","floor":31},{"not_picked":["Corpse Explosion","Burst"],"picked":"Night Terror","floor":33},{"not_picked":["Poisoned Stab+1","Bouncing Flask+1"],"picked":"Cloak And Dagger+1","floor":35},{"not_picked":["Underhanded Strike+1","Bouncing Flask"],"picked":"Blade Dance","floor":36},{"not_picked":["Violence","PanicButton"],"picked":"Impatience","floor":37},{"not_picked":["Panacea","Dramatic Entrance"],"picked":"Thinking Ahead","floor":37},{"not_picked":["Trip","Deep Breath"],"picked":"Flash of Steel","floor":37},{"not_picked":["Night Terror","Calculated Gamble+1"],"picked":"Infinite Blades+1","floor":40},{"not_picked":["Sucker Punch","Outmaneuver","Slice"],"picked":"SKIP","floor":42},{"not_picked":["Flying Knee","Sucker Punch+1","Bane"],"picked":"SKIP","floor":44},{"not_picked":["Poisoned Stab","Dagger Throw"],"picked":"Infinite Blades","floor":46},{"not_picked":["Flechettes+1","Underhanded Strike"],"picked":"Acrobatics+1","floor":48}],"player_experience":172353,"relics_obtained":[{"floor":9,"key":"Vajra"},{"floor":11,"key":"Happy Flower"},{"floor":13,"key":"Gremlin Horn"},{"floor":36,"key":"FossilizedHelix"},{"floor":40,"key":"Blue Candle"},{"floor":44,"key":"Potion Belt"}],"event_choices":[{"cards_removed":["Defend_G"],"damage_healed":0,"gold_gain":0,"player_choice":"Card Removal","damage_taken":7,"max_hp_gain":0,"max_hp_loss":0,"event_name":"Golden Wing","floor":5,"gold_loss":0},{"damage_healed":0,"gold_gain":75,"player_choice":"Gather Gold","damage_taken":11,"max_hp_gain":0,"max_hp_loss":0,"event_name":"World of Goop","floor":7,"gold_loss":0},{"damage_healed":0,"gold_gain":0,"player_choice":"Trade","damage_taken":0,"relics_obtained":["NlothsMask"],"max_hp_gain":0,"max_hp_loss":0,"event_name":"FaceTrader","floor":19,"gold_loss":0},{"damage_healed":0,"gold_gain":99,"player_choice":"Stole From Cult","damage_taken":0,"max_hp_gain":0,"max_hp_loss":0,"event_name":"Nest","floor":24,"gold_loss":0},{"damage_healed":0,"gold_gain":0,"player_choice":"Got Potions","damage_taken":0,"max_hp_gain":0,"max_hp_loss":0,"event_name":"Lab","floor":28,"gold_loss":0},{"damage_healed":0,"gold_gain":0,"player_choice":"Fight","damage_taken":0,"max_hp_gain":0,"max_hp_loss":0,"event_name":"Colosseum","floor":30,"gold_loss":0},{"damage_healed":0,"gold_gain":0,"player_choice":"Fled From Nobs","damage_taken":0,"max_hp_gain":0,"max_hp_loss":0,"event_name":"Colosseum","floor":30,"gold_loss":0},{"damage_healed":0,"gold_gain":0,"player_choice":"Fight","damage_taken":0,"max_hp_gain":0,"max_hp_loss":0,"event_name":"MindBloom","floor":36,"gold_loss":0},{"damage_healed":0,"gold_gain":0,"player_choice":"Memory 3","damage_taken":10,"max_hp_gain":0,"max_hp_loss":0,"event_name":"SensoryStone","floor":37,"gold_loss":0},{"damage_healed":0,"gold_gain":0,"player_choice":"Paid","damage_taken":0,"relics_obtained":["Red Mask"],"max_hp_gain":0,"max_hp_loss":0,"event_name":"Tomb of Lord Red Mask","floor":38,"gold_loss":0},{"cards_removed":["Slice"],"damage_healed":0,"gold_gain":0,"player_choice":"Gave Card","damage_taken":0,"relics_obtained":["Blood Vial"],"max_hp_gain":0,"max_hp_loss":0,"event_name":"WeMeetAgain","floor":39,"gold_loss":0},{"damage_healed":0,"gold_gain":0,"player_choice":"Max HP","damage_taken":0,"max_hp_gain":0,"max_hp_loss":4,"event_name":"Winding Halls","floor":45,"gold_loss":0}],"is_beta":false,"boss_relics":[{"not_picked":["Tiny House","Snecko Eye"],"picked":"WristBlade"},{"not_picked":["White Beast Statue","Empty Cage"],"picked":"Pandora\u0027s Box"}],"items_purged_floors":[2],"is_endless":false,"potions_floor_spawned":[3,11,13,14,16,20,22,30,31,35,36,48],"killed_by":"The Heart","ascension_level":1}