{"gold_per_floor":[111,186,186,186,81,81,95,113,113,144,144,156,175,95,95,166,166,181,192,51,62,62,62,81,81,81,96,96,16,16,36,36,36],"floor_reached":33,"playtime":1467,"items_purged":["Pain","Strike_B"],"score":482,"play_id":"74bfa527-c3a2-48ab-858d-42e915d3f2d0","local_time":"20190824013110","is_ascension_mode":true,"campfire_choices":[{"data":"Zap","floor":6,"key":"SMITH"},{"data":"Doom and Gloom","floor":11,"key":"SMITH"},{"data":"1","floor":15,"key":"LIFT"},{"data":"2","floor":23,"key":"LIFT"},{"data":"3","floor":25,"key":"LIFT"},{"data":"Hologram","floor":28,"key":"SMITH"},{"floor":32,"key":"REST"}],"neow_cost":"NONE","seed_source_timestamp":240452420255100,"circlet_count":0,"master_deck":["AscendersBane","Strike_B","Strike_B","Strike_B","Defend_B","Defend_B+1","Defend_B","Defend_B","Zap+1","Dualcast","Self Repair+1","Ball Lightning","Doom and Gloom+1","Compile Driver","Cold Snap","FTL","Reboot","Leap","Gash","Buffer","Ball Lightning","Tempest","Self Repair","Hologram+1","Reinforced Body","Conserve Battery","All For One","Skim"],"relics":["Cracked Core","NeowsBlessing","WarpedTongs","Girya","Anchor","Philosopher\u0027s Stone","Smiling Mask"],"potions_floor_usage":[10,10,16,18,24,33,33],"damage_taken":[{"damage":0,"enemies":"Jaw Worm","floor":1,"turns":1},{"damage":0,"enemies":"Small Slimes","floor":7,"turns":1},{"damage":0,"enemies":"Cultist","floor":8,"turns":1},{"damage":3,"enemies":"Gremlin Nob","floor":10,"turns":3},{"damage":0,"enemies":"Lots of Slimes","floor":12,"turns":2},{"damage":5,"enemies":"Gremlin Gang","floor":13,"turns":3},{"damage":17,"enemies":"The Guardian","floor":16,"turns":11},{"damage":0,"enemies":"Spheric Guardian","floor":18,"turns":3},{"damage":36,"enemies":"3 Byrds","floor":19,"turns":5},{"damage":18,"enemies":"Sentry and Sphere","floor":21,"turns":4},{"damage":21,"enemies":"Cultist and Chosen","floor":24,"turns":4},{"damage":0,"enemies":"Centurion and Healer","floor":27,"turns":7},{"damage":0,"enemies":"Snake Plant","floor":31,"turns":4},{"damage":68,"enemies":"Automaton","floor":33,"turns":8}],"seed_played":"118563323701230029","potions_obtained":[{"floor":1,"key":"Energy Potion"},{"floor":7,"key":"PowerPotion"},{"floor":12,"key":"Explosive Potion"},{"floor":13,"key":"FearPotion"},{"floor":19,"key":"EssenceOfSteel"},{"floor":31,"key":"FearPotion"}],"is_trial":false,"path_per_floor":["M","?","?","?","$","R","M","M","T","E","R","M","M","$","R","B",null,"M","M","$","M","$","R","M","R","T","M","R","$","?","M","R","B"],"character_chosen":"DEFECT","items_purchased":["Ball Lightning","Leap","Gash","Self Repair","FocusPotion"],"campfire_rested":1,"item_purchase_floors":[5,14,14,20,29],"current_hp_per_floor":[64,53,32,32,32,32,42,42,42,49,49,49,54,54,54,47,65,71,35,35,34,34,34,20,20,20,40,40,40,40,47,68,0],"gold":36,"neow_bonus":"THREE_ENEMY_KILL","is_prod":false,"is_daily":false,"chose_seed":false,"campfire_upgraded":3,"win_rate":0,"timestamp":1566577870,"path_taken":["M","?","?","?","$","R","M","?","T","E","R","?","M","$","R","BOSS","M","?","?","M","$","R","M","R","T","M","R","$","?","M","R","BOSS"],"build_version":"2019-07-17","purchased_purges":2,"victory":false,"max_hp_per_floor":[71,71,71,71,71,71,71,71,71,71,71,71,71,71,71,71,71,71,71,71,71,71,71,71,71,71,71,71,71,71,71,71,71],"card_choices":[{"not_picked":["BootSequence","Streamline"],"picked":"Self Repair","floor":1},{"not_picked":["Coolheaded","Stack"],"picked":"Doom and Gloom","floor":7},{"not_picked":["Streamline","Loop"],"picked":"Compile Driver","floor":8},{"not_picked":["Blizzard","Stack"],"picked":"Cold Snap","floor":10},{"not_picked":["Go for the Eyes","Turbo"],"picked":"FTL","floor":12},{"not_picked":["Chaos","Barrage"],"picked":"Reboot","floor":13},{"not_picked":["Thunder Strike","Amplify"],"picked":"Buffer","floor":16},{"not_picked":["Stack","Blizzard"],"picked":"Ball Lightning","floor":18},{"not_picked":["Steam","Go for the Eyes"],"picked":"Tempest","floor":19},{"not_picked":["Turbo","Hyperbeam"],"picked":"Hologram","floor":21},{"not_picked":["Steam","Coolheaded"],"picked":"Reinforced Body","floor":24},{"not_picked":["Steam","Turbo"],"picked":"Conserve Battery","floor":27},{"not_picked":["Recycle+1","Sweeping Beam"],"picked":"Skim","floor":31}],"player_experience":777420,"relics_obtained":[{"floor":9,"key":"Girya"},{"floor":10,"key":"Anchor"},{"floor":26,"key":"Smiling Mask"}],"event_choices":[{"damage_healed":0,"gold_gain":75,"player_choice":"Gather Gold","damage_taken":11,"max_hp_gain":0,"max_hp_loss":0,"event_name":"World of Goop","floor":2,"gold_loss":0},{"damage_healed":0,"gold_gain":0,"player_choice":"Entered Light","damage_taken":21,"max_hp_gain":0,"max_hp_loss":0,"event_name":"Shining Light","floor":3,"gold_loss":0,"cards_upgraded":["Self Repair","Defend_B"]},{"damage_healed":0,"gold_gain":0,"player_choice":"Rummage","damage_taken":0,"relics_obtained":["WarpedTongs"],"max_hp_gain":0,"max_hp_loss":0,"event_name":"Accursed Blacksmith","floor":4,"gold_loss":0,"cards_obtained":["Pain"]},{"damage_healed":0,"gold_gain":0,"player_choice":"Read","damage_taken":0,"max_hp_gain":0,"max_hp_loss":0,"event_name":"The Library","floor":30,"gold_loss":0,"cards_obtained":["All For One"]}],"is_beta":false,"boss_relics":[{"not_picked":["Lizard Tail","Busted Crown"],"picked":"Philosopher\u0027s Stone"}],"items_purged_floors":[5,20],"is_endless":false,"potions_floor_spawned":[1,7,12,13,19,31],"killed_by":"Automaton","ascension_level":19}