{"path_per_floor":["M","M","$","?","M","E","R","M","T","R","M","M","?","M","R","B",null,"M","?","M","M","$","R","M","M","T","E","M","M","R","$","R","B",null,"M","M","?","M","$","R"],"character_chosen":"DEFECT","items_purchased":["Omamori","Apotheosis","Bag of Marbles","Hyperbeam","Blood Vial","Fire Potion"],"gold_per_floor":[144,189,39,39,84,174,174,219,219,219,264,309,309,354,354,654,654,654,654,654,654,251,251,251,251,251,251,251,251,251,51,51,51,51,51,51,51,51,51,51,51],"floor_reached":41,"campfire_rested":7,"playtime":3577,"current_hp_per_floor":[75,75,75,75,75,75,75,75,75,75,75,72,72,73,75,52,75,75,75,62,47,47,69,55,55,55,65,72,75,75,75,75,75,75,61,63,63,30,30,52,0],"items_purged":[],"gold":51,"score":519,"play_id":"f593a513-d909-41c4-9eb1-f8390a0b0703","local_time":"20180504004533","daily_mods":["Insanity","Midas","Uncertain Future"],"is_prod":false,"is_daily":true,"chose_seed":false,"is_ascension_mode":false,"campfire_upgraded":0,"timestamp":1525365933,"path_taken":["M","M","$","?","M","E","R","?","T","R","M","M","?","M","R","BOSS","M","?","M","M","$","R","M","?","T","E","M","M","R","?","R","BOSS","M","M","?","?","$","R","E"],"build_version":"2018-05-02","seed_source_timestamp":0,"purchased_purges":0,"victory":false,"master_deck":["Steam Power","Defend_B","Conserve Battery","Buffer","Rebound","Leap","Rebound","Sweeping Beam","Impulse","Aggregate","Turbo","Double Energy","Nova","Thunder Strike","Coolheaded","Undo","Scrape","Fusion","Chill","Capacitor","Steam Power","Impulse","Ball Lightning","All For One","Streamline","Recycle","Self Repair","Sunder","Scrape","Leap","Consume","Beam Cell","Chill","Chill","Buffer","Buffer","Self Repair","Doom and Gloom","Genetic Algorithm","Storm","Storm","Echo Form","Amplify","Cold Snap","Darkness","Glacier","Sweeping Beam","Scrape","Defragment","Consume","Auto Shields","Sunder","Reboot","Reprogram+1","Beam Cell","Creative AI","Beam Cell+1","Apotheosis","Hyperbeam","Buffer"],"max_hp_per_floor":[75,75,75,75,75,75,75,75,75,75,75,75,75,75,75,75,75,75,75,75,75,75,75,75,75,75,75,75,75,75,75,75,75,75,75,75,75,75,75,75,75],"relics":["Cracked Core","Omamori","Pantograph","Kunai","Anchor","Ectoplasm","Red Mask","Bag of Marbles","Vajra","Blue Candle","Blood Vial","Cursed Key"],"card_choices":[{"not_picked":["Cold Snap","Streamline"],"picked":"Consume","floor":5},{"not_picked":["Streamline","Ball Lightning"],"picked":"Auto Shields","floor":11},{"not_picked":["All For One","Darkness"],"picked":"Sunder","floor":12},{"not_picked":["Fusion","Multi-Cast"],"picked":"Reboot","floor":16},{"not_picked":["Ball Lightning","Skim"],"picked":"Reprogram","floor":18},{"not_picked":["Go for the Eyes","Hello World"],"picked":"Beam Cell","floor":19},{"not_picked":["Axe Kick","Hologram"],"picked":"Creative AI","floor":20},{"not_picked":["Coolheaded","Streamline"],"picked":"Beam Cell","floor":21},{"not_picked":["Ball Lightning","Force Field"],"picked":"Buffer","floor":27}],"player_experience":707,"potions_floor_usage":[12,19,25,25,33,33,41],"damage_taken":[{"damage":9,"enemies":"Cultist","floor":1,"turns":4},{"damage":0,"enemies":"Small Slimes","floor":2,"turns":4},{"damage":0,"enemies":"2 Louse","floor":5,"turns":3},{"damage":17,"enemies":"Gremlin Nob","floor":6,"turns":7},{"damage":3,"enemies":"2 Fungi Beasts","floor":8,"turns":4},{"damage":0,"enemies":"Exordium Thugs","floor":11,"turns":5},{"damage":10,"enemies":"Looter","floor":12,"turns":4},{"damage":13,"enemies":"3 Louse","floor":14,"turns":4},{"damage":53,"enemies":"The Guardian","floor":16,"turns":11},{"damage":0,"enemies":"Chosen","floor":18,"turns":5},{"damage":40,"enemies":"√…√Ê«øµ¡","floor":19,"turns":4},{"damage":20,"enemies":"Shell Parasite","floor":20,"turns":7},{"damage":15,"enemies":"Snecko","floor":21,"turns":4},{"damage":14,"enemies":"Snake Plant","floor":24,"turns":3},{"damage":0,"enemies":"3 Cultists","floor":25,"turns":3},{"damage":0,"enemies":"Gremlin Leader","floor":27,"turns":5},{"damage":0,"enemies":"Snecko","floor":28,"turns":5},{"damage":0,"enemies":"Centurion and Healer","floor":29,"turns":7},{"damage":11,"enemies":"Collector","floor":33,"turns":9},{"damage":24,"enemies":"3 Darklings","floor":35,"turns":7},{"damage":0,"enemies":"3 Shapes","floor":36,"turns":1},{"damage":35,"enemies":"3 Darklings","floor":38,"turns":5},{"damage":56,"enemies":"Nemesis","floor":41,"turns":7}],"event_choices":[{"event_name":"Transmorgrifier","player_choice":"Transform","floor":4,"damage_taken":0},{"event_name":"Big Fish","player_choice":"Box","floor":13,"damage_taken":0},{"event_name":"Masked Bandits","player_choice":"Fought over 654 gold","floor":19,"damage_taken":0}],"boss_relics":[{"not_picked":["Astrolabe","Runic Pyramid"],"picked":"Ectoplasm"},{"not_picked":["Calling Bell","Orrery"],"picked":"Cursed Key"}],"potions_floor_spawned":[6,16,21,24,28,29],"seed_played":"-5591819847720032875","killed_by":"Nemesis","ascension_level":0,"is_trial":false}