{"path_per_floor":["M","M","?","M","?","E","R","E","T","M","?","M","R","M","R","B",null,"M","?","?","M","$","R","E","R","T","?","R","M","M","M","R"],"character_chosen":"DEFECT","items_purchased":["Darkstone Periapt","Tempest"],"gold_per_floor":[110,125,125,135,135,165,165,190,243,253,253,272,272,290,290,391,391,406,406,321,333,37,37,63,63,87,87,87,107,120,136,136,136],"floor_reached":33,"campfire_rested":2,"playtime":2139,"item_purchase_floors":[22,22],"current_hp_per_floor":[74,69,57,56,56,27,49,30,30,22,22,20,57,57,57,15,75,74,74,74,69,69,69,45,45,45,45,45,44,41,48,48,0],"items_purged":[],"gold":136,"score":302,"play_id":"f0672e13-f7c0-4567-8074-210596d4d2bf","local_time":"20180604040626","is_prod":false,"is_daily":false,"chose_seed":false,"is_ascension_mode":false,"campfire_upgraded":5,"win_rate":0.0,"timestamp":1528052786,"campfire_choices":[{"floor":7,"key":"REST"},{"floor":13,"key":"REST"},{"data":"Zap","floor":15,"key":"SMITH"},{"data":"Hologram","floor":23,"key":"SMITH"},{"data":"Seek","floor":25,"key":"SMITH"},{"data":"Loop","floor":28,"key":"SMITH"},{"data":"Dualcast","floor":32,"key":"SMITH"}],"path_taken":["M","M","?","M","?","E","R","E","T","M","?","M","R","M","R","BOSS","M","?","?","M","$","R","E","R","T","?","R","M","M","M","R","BOSS"],"build_version":"2018-05-31","seed_source_timestamp":569995037336377,"purchased_purges":0,"victory":false,"master_deck":["Defend_B","Defend_B","Defend_B","Defend_B","Zap+1","Dualcast+1","Coolheaded","Loop+1","BootSequence","Doom and Gloom","Doom and Gloom","Redo","Hello World","Beam Cell","Seek+1","Hologram+1","Chaos+1","Tempest","Redo","Bite","Bite","Bite","Bite","Bite","Electrodynamics","Gash","Leap+1"],"max_hp_per_floor":[75,75,75,75,75,75,75,75,75,75,75,75,75,75,75,75,75,75,75,75,75,75,75,75,75,75,52,52,52,52,52,52,52],"relics":["Cracked Core","Kunai","Juzu Bracelet","Torii","Omamori","Regal Pillow","Cursed Key","Ginger","Dream Catcher","Darkstone Periapt","Dodecahedron","Ancient Tea Set"],"card_choices":[{"not_picked":["Consume","Steam"],"picked":"Coolheaded","floor":1},{"not_picked":["Scrape","Go for the Eyes"],"picked":"Loop","floor":2},{"not_picked":["Leap","Coolheaded"],"picked":"BootSequence","floor":4},{"not_picked":["Consume","Coolheaded"],"picked":"Doom and Gloom","floor":6},{"not_picked":["FTL","Stack"],"picked":"Doom and Gloom","floor":8},{"not_picked":["Hologram","Consume"],"picked":"Redo","floor":10},{"not_picked":["Barrage","Rip and Tear"],"picked":"Hello World","floor":12},{"not_picked":["Blizzard","Hologram"],"picked":"Beam Cell","floor":14},{"not_picked":["Reboot","Thunder Strike"],"picked":"Seek","floor":16},{"not_picked":["BootSequence+1","Steam"],"picked":"Hologram","floor":18},{"not_picked":["Conserve Battery","Redo"],"picked":"Chaos+1","floor":21},{"not_picked":["Capacitor","Cold Snap"],"picked":"Redo","floor":24},{"not_picked":["Darkness","Hologram"],"picked":"Electrodynamics","floor":29},{"not_picked":["Barrage","Beam Cell"],"picked":"Gash","floor":30},{"not_picked":["Beam Cell","Redo+1"],"picked":"Leap+1","floor":31}],"player_experience":326563,"potions_floor_usage":[8,16,16,21,33,33],"damage_taken":[{"damage":1,"enemies":"Cultist","floor":1,"turns":4},{"damage":5,"enemies":"Small Slimes","floor":2,"turns":3},{"damage":1,"enemies":"Jaw Worm","floor":4,"turns":3},{"damage":29,"enemies":"Lagavulin","floor":6,"turns":9},{"damage":19,"enemies":"3 Sentries","floor":8,"turns":7},{"damage":8,"enemies":"Exordium Wildlife","floor":10,"turns":3},{"damage":2,"enemies":"Lots of Slimes","floor":12,"turns":3},{"damage":0,"enemies":"2 Fungi Beasts","floor":14,"turns":3},{"damage":42,"enemies":"The Guardian","floor":16,"turns":11},{"damage":1,"enemies":"Spheric Guardian","floor":18,"turns":3},{"damage":5,"enemies":"3 Byrds","floor":21,"turns":4},{"damage":24,"enemies":"Slavers","floor":24,"turns":5},{"damage":9,"enemies":"Centurion and Healer","floor":29,"turns":5},{"damage":7,"enemies":"3 Cultists","floor":30,"turns":4},{"damage":1,"enemies":"Cultist and Chosen","floor":31,"turns":5},{"damage":62,"enemies":"Collector","floor":33,"turns":6}],"relics_obtained":[{"floor":6,"key":"Torii"},{"floor":8,"key":"Omamori"},{"floor":9,"key":"Regal Pillow"},{"floor":24,"key":"Dodecahedron"},{"floor":26,"key":"Ancient Tea Set"}],"event_choices":[{"event_name":"Scrap Ooze","player_choice":"success","floor":3,"damage_taken":12},{"event_name":"Big Fish","player_choice":"Box","floor":5,"damage_taken":0},{"event_name":"Living Wall","player_choice":"Forget","floor":11,"damage_taken":0},{"event_name":"The Mausoleum","player_choice":"Yes","floor":19,"damage_taken":0},{"event_name":"Addict","player_choice":"Obtained Relic","floor":20,"damage_taken":0},{"event_name":"Vampires","player_choice":"Became a vampire","floor":27,"damage_taken":0}],"boss_relics":[{"not_picked":["Black Star","Sozu"],"picked":"Cursed Key"}],"items_purged_floors":[],"potions_floor_spawned":[1,6,8,10,12,14,29,30],"seed_played":"-1417656818042169610","killed_by":"Collector","ascension_level":0,"potions_obtained":[{"floor":1,"key":"FearPotion"},{"floor":6,"key":"EssenceOfSteel"},{"floor":8,"key":"AttackPotion"},{"floor":10,"key":"SteroidPotion"},{"floor":14,"key":"Swift Potion"},{"floor":29,"key":"Fire Potion"},{"floor":30,"key":"LiquidBronze"}],"is_trial":false}