{"gold_per_floor":[10,29,49,49,49,77,77,90,164,175,22,22,97,116,116,213,213,231,231,249,269,37,37,37,63,109,75,93,93,109,123,123,221,221,231,131,143,143,0,0],"floor_reached":40,"playtime":2728,"items_purged":["Strike_B","Normality"],"score":433,"play_id":"6133cdf4-c2af-4e5d-9654-71591efb9f92","local_time":"20180828064416","is_ascension_mode":false,"campfire_choices":[{"data":"Chaos","floor":7,"key":"SMITH"},{"floor":15,"key":"REST"},{"floor":23,"key":"REST"},{"floor":32,"key":"REST"}],"neow_cost":"NO_GOLD","seed_source_timestamp":931878275309547,"circlet_count":0,"master_deck":["Strike_B","Strike_B+1","Defend_B","Defend_B","Defend_B","Defend_B","Zap","Dualcast","Chill+1","Conserve Battery","Chaos+1","Rainbow","Conserve Battery","Turbo","Defragment","Defragment","Steam Power","Electrodynamics","Leap","Rip and Tear","Capacitor","Beam Cell+1","Reprogram","Steam","Beam Cell","Leap","Thunder Strike","Injury","Decay","Steam+1","Static Discharge","Chaos"],"relics":["Cracked Core","StoneCalendar","Calipers","Pear","Fusion Hammer","MutagenicStrength","Regal Pillow","Bronze Scales","Juzu Bracelet","Calling Bell","Ancient Tea Set","Mercury Hourglass","Torii","Shovel","Red Mask"],"potions_floor_usage":[14,16,16,33],"damage_taken":[{"damage":7,"enemies":"Small Slimes","floor":1,"turns":3},{"damage":0,"enemies":"2 Louse","floor":2,"turns":2},{"damage":6,"enemies":"Jaw Worm","floor":3,"turns":3},{"damage":8,"enemies":"3 Sentries","floor":6,"turns":7},{"damage":0,"enemies":"3 Louse","floor":8,"turns":3},{"damage":0,"enemies":"Blue Slaver","floor":10,"turns":3},{"damage":0,"enemies":"Large Slime","floor":14,"turns":6},{"damage":38,"enemies":"The Guardian","floor":16,"turns":12},{"damage":13,"enemies":"2 Thieves","floor":18,"turns":5},{"damage":10,"enemies":"Shell Parasite","floor":20,"turns":7},{"damage":13,"enemies":"Shelled Parasite and Fungi","floor":21,"turns":4},{"damage":5,"enemies":"Slavers","floor":25,"turns":4},{"damage":15,"enemies":"Centurion and Healer","floor":28,"turns":5},{"damage":7,"enemies":"3 Cultists","floor":30,"turns":4},{"damage":0,"enemies":"Cultist and Chosen","floor":31,"turns":4},{"damage":56,"enemies":"Champ","floor":33,"turns":11},{"damage":29,"enemies":"Flame Bruiser 1 Orb","floor":35,"turns":6},{"damage":0,"enemies":"3 Darklings","floor":37,"turns":6},{"damage":1,"enemies":"Mind Bloom Boss Battle","floor":38,"turns":7},{"damage":63,"enemies":"2 Orb Walkers","floor":40,"turns":4}],"seed_played":"-848830220347541115","potions_obtained":[{"floor":1,"key":"Poison Potion"},{"floor":6,"key":"Fire Potion"},{"floor":14,"key":"Fruit Juice"},{"floor":20,"key":"SkillPotion"},{"floor":21,"key":"Energy Potion"},{"floor":24,"key":"FocusPotion"},{"floor":24,"key":"FearPotion"},{"floor":28,"key":"Weak Potion"},{"floor":33,"key":"FocusPotion"},{"floor":37,"key":"EssenceOfSteel"}],"is_trial":false,"path_per_floor":["M","M","M","?","?","E","R","M","T","M","$","?","?","M","R","B",null,"M","?","M","M","$","R","?","E","T","$","M","?","M","M","R","B",null,"M","$","M","?","?"],"character_chosen":"DEFECT","items_purchased":["Defragment","Regal Pillow","EssenceOfSteel","Reprogram"],"campfire_rested":3,"item_purchase_floors":[11,22,22,27],"current_hp_per_floor":[68,68,62,62,47,39,39,39,49,49,49,49,41,46,73,35,90,77,77,67,54,54,90,90,85,85,85,70,70,63,63,90,34,90,61,61,61,60,60,0],"gold":0,"neow_bonus":"ONE_RARE_RELIC","is_prod":false,"is_daily":false,"chose_seed":false,"campfire_upgraded":1,"win_rate":0.0,"timestamp":1535406256,"path_taken":["M","M","M","?","?","E","R","M","T","M","$","?","?","M","R","BOSS","M","?","M","M","$","R","?","E","T","?","M","?","M","M","R","BOSS","M","$","M","?","?","E"],"build_version":"2018-08-23v2","purchased_purges":2,"victory":false,"max_hp_per_floor":[75,75,75,75,75,75,75,75,85,85,85,85,85,90,90,90,90,90,90,90,90,90,90,90,90,90,90,90,90,90,90,90,90,90,90,90,90,90,90,90],"card_choices":[{"not_picked":["Auto Shields","Barrage"],"picked":"Chill","floor":1},{"not_picked":["Rebound","Redo"],"picked":"Conserve Battery","floor":2},{"not_picked":["Doom and Gloom","Steam"],"picked":"Chaos","floor":3},{"not_picked":["Creative AI","Ball Lightning"],"picked":"Rainbow","floor":6},{"not_picked":["Beam Cell","Streamline"],"picked":"Conserve Battery","floor":8},{"not_picked":["Storm","Lockon"],"picked":"Turbo","floor":10},{"not_picked":["Turbo","Beam Cell"],"picked":"Steam Power","floor":14},{"not_picked":["Fission","Seek"],"picked":"Electrodynamics","floor":16},{"not_picked":["Aggregate","Gash+1"],"picked":"Leap","floor":18},{"not_picked":["Turbo+1","Doom and Gloom"],"picked":"Rip and Tear","floor":20},{"not_picked":["Steam Power","Streamline+1"],"picked":"Capacitor","floor":21},{"not_picked":["Echo Form","Aggregate"],"picked":"Beam Cell+1","floor":25},{"not_picked":["Hologram","Streamline"],"picked":"Steam","floor":28},{"not_picked":["Rebound","Gash"],"picked":"Beam Cell","floor":30},{"not_picked":["Compile Driver","Heatsinks"],"picked":"Leap","floor":31},{"not_picked":["Echo Form","Buffer"],"picked":"Thunder Strike","floor":33},{"not_picked":["Rebound","Compile Driver+1"],"picked":"Steam+1","floor":35},{"not_picked":["Steam","Rebound+1"],"picked":"Static Discharge","floor":37},{"not_picked":["Streamline+1","Heatsinks+1"],"picked":"Chaos","floor":38}],"player_experience":342027,"relics_obtained":[{"floor":6,"key":"Calipers"},{"floor":9,"key":"Pear"},{"floor":25,"key":"Bronze Scales"},{"floor":26,"key":"Juzu Bracelet"},{"floor":34,"key":"Ancient Tea Set"},{"floor":34,"key":"Mercury Hourglass"},{"floor":34,"key":"Torii"},{"floor":38,"key":"Shovel"}],"event_choices":[{"event_name":"The Cleric","player_choice":"Leave","floor":4,"damage_taken":0},{"event_name":"Shining Light","player_choice":"Entered Light","floor":5,"damage_taken":0},{"event_name":"Living Wall","player_choice":"Change","floor":12,"damage_taken":0},{"event_name":"FaceTrader","player_choice":"Touch","floor":13,"damage_taken":0},{"event_name":"Drug Dealer","player_choice":"Inject Mutagens","floor":19,"damage_taken":0},{"event_name":"The Lab","player_choice":"Got Potions","floor":24,"damage_taken":0},{"event_name":"Vampires","player_choice":"Ignored","floor":29,"damage_taken":0},{"event_name":"MindBloom","player_choice":"Fight","floor":38,"damage_taken":0},{"event_name":"Tomb of Lord Red Mask","player_choice":"Paid","floor":39,"damage_taken":0}],"is_beta":false,"boss_relics":[{"not_picked":["Velvet Choker","Runic Pyramid"],"picked":"Fusion Hammer"},{"not_picked":["Philosopher\u0027s Stone","Sozu"],"picked":"Calling Bell"}],"items_purged_floors":[11,36],"is_endless":false,"potions_floor_spawned":[1,6,14,20,21,28,33,37],"killed_by":"2 Orb Walkers","ascension_level":0}