{"gold_per_floor":[116,116,41,116,134,134,153,153,179,5,17,47,65,65],"floor_reached":14,"playtime":486,"items_purged":["Shame","Pain"],"score":122,"play_id":"56a1cbe0-a668-42bc-bada-bf657bbcf72e","local_time":"20190722172613","is_ascension_mode":true,"campfire_choices":[{"data":"Cloak And Dagger","floor":6,"key":"SMITH"},{"data":"Cloak And Dagger","floor":8,"key":"SMITH"}],"neow_cost":"NONE","seed_source_timestamp":275039933786100,"circlet_count":0,"master_deck":["Strike_G","Strike_G","Strike_G","Strike_G","Strike_G","Defend_G","Defend_G","Defend_G","Defend_G","Defend_G","Survivor","Neutralize","Parasite","Cloak And Dagger+1","Dagger Throw","Cloak And Dagger+1","Footwork+1","Skewer","Bullet Time","Deadly Poison"],"relics":["Calling Bell","Bag of Preparation","Shuriken","Nunchaku","Frozen Egg 2","Potion Belt","Bottled Lightning"],"potions_floor_usage":[],"damage_taken":[{"damage":10,"enemies":"2 Louse","floor":1,"turns":3},{"damage":8,"enemies":"Small Slimes","floor":5,"turns":4},{"damage":5,"enemies":"Jaw Worm","floor":7,"turns":3},{"damage":0,"enemies":"Looter","floor":11,"turns":4},{"damage":4,"enemies":"Lagavulin","floor":12,"turns":7},{"damage":13,"enemies":"Gremlin Gang","floor":13,"turns":5},{"damage":0,"enemies":"Gremlin Nob","floor":14,"turns":2}],"seed_played":"-5105827593359730793","potions_obtained":[{"floor":11,"key":"Weak Potion"}],"is_trial":false,"path_per_floor":["M","?","$","?","M","R","M","R","T","$","M","E","M","E"],"character_chosen":"THE_SILENT","items_purchased":["Footwork+1"],"campfire_rested":0,"item_purchase_floors":[10],"current_hp_per_floor":[53,50,50,39,31,31,26,26,26,26,26,22,9,9],"gold":65,"neow_bonus":"BOSS_RELIC","is_prod":false,"is_daily":false,"chose_seed":false,"campfire_upgraded":2,"win_rate":0,"timestamp":1563783973,"path_taken":["M","?","$","?","M","R","M","R","T","?","M","E","M","E"],"build_version":"2019-07-17","purchased_purges":2,"victory":false,"max_hp_per_floor":[70,70,70,70,70,70,70,70,70,70,70,70,70,70],"card_choices":[{"not_picked":["Reflex","Bouncing Flask"],"picked":"Cloak And Dagger","floor":1},{"not_picked":["Reflex","Bane"],"picked":"Dagger Throw","floor":5},{"not_picked":["Bane","Flying Knee"],"picked":"Cloak And Dagger","floor":7},{"not_picked":["Outmaneuver","Backflip"],"picked":"Skewer","floor":11},{"not_picked":["Sucker Punch","Dodge and Roll"],"picked":"Bullet Time","floor":12},{"not_picked":["Slice","Deflect"],"picked":"Deadly Poison","floor":13}],"player_experience":398798,"relics_obtained":[{"floor":0,"key":"Bag of Preparation"},{"floor":0,"key":"Shuriken"},{"floor":0,"key":"Nunchaku"},{"floor":9,"key":"Potion Belt"},{"floor":12,"key":"Bottled Lightning"}],"event_choices":[{"damage_healed":0,"gold_gain":0,"player_choice":"Success","damage_taken":3,"relics_obtained":["Frozen Egg 2"],"max_hp_gain":0,"max_hp_loss":0,"event_name":"Scrap Ooze","floor":2,"gold_loss":0},{"damage_healed":0,"gold_gain":75,"player_choice":"Gather Gold","damage_taken":11,"max_hp_gain":0,"max_hp_loss":0,"event_name":"World of Goop","floor":4,"gold_loss":0}],"is_beta":false,"boss_relics":[],"items_purged_floors":[3,10],"is_endless":false,"potions_floor_spawned":[11],"killed_by":"Gremlin Nob","ascension_level":7}