{"gold_per_floor":[117,128,144,159,170,170,203,203,203,203,218,234,250,192,192,270,270,280,205,223,223],"floor_reached":21,"playtime":911,"items_purged":["Strike_G"],"score":361,"play_id":"bcf9dd4c-b434-4d84-955e-77dd5d8bc40d","local_time":"20190807040125","is_ascension_mode":true,"campfire_choices":[{"data":"Noxious Fumes","floor":6,"key":"SMITH"},{"floor":8,"key":"REST"},{"data":"Neutralize","floor":10,"key":"SMITH"},{"floor":15,"key":"REST"}],"neow_cost":"NONE","seed_source_timestamp":354964941657800,"circlet_count":0,"master_deck":["AscendersBane","Strike_G","Strike_G","Strike_G","Strike_G","Defend_G","Defend_G","Defend_G","Defend_G","Defend_G","Survivor","Neutralize+1","Backstab","Dagger Throw","Noxious Fumes+1","Dagger Spray","Blur","Dagger Spray","Skewer","Bullet Time","Skewer","Riddle With Holes+1"],"relics":["Sozu","Pantograph","WingedGreaves","Cursed Key"],"potions_floor_usage":[],"damage_taken":[{"damage":0,"enemies":"Cultist","floor":1,"turns":5},{"damage":4,"enemies":"2 Louse","floor":2,"turns":2},{"damage":2,"enemies":"Jaw Worm","floor":3,"turns":4},{"damage":12,"enemies":"Gremlin Gang","floor":4,"turns":7},{"damage":17,"enemies":"Exordium Wildlife","floor":5,"turns":5},{"damage":22,"enemies":"3 Sentries","floor":7,"turns":8},{"damage":0,"enemies":"Lots of Slimes","floor":11,"turns":3},{"damage":6,"enemies":"Looter","floor":12,"turns":3},{"damage":4,"enemies":"Blue Slaver","floor":13,"turns":4},{"damage":22,"enemies":"Slime Boss","floor":16,"turns":9},{"damage":24,"enemies":"Spheric Guardian","floor":18,"turns":5},{"damage":26,"enemies":"Shell Parasite","floor":20,"turns":6},{"damage":13,"enemies":"Snecko","floor":21,"turns":2}],"seed_played":"-8705518663053725236","potions_obtained":[],"is_trial":false,"path_per_floor":["M","M","M","M","M","R","E","R","T","R","M","M","M","?","R","B",null,"M","$","M","M"],"character_chosen":"THE_SILENT","items_purchased":[],"campfire_rested":2,"item_purchase_floors":[],"current_hp_per_floor":[59,55,53,41,24,24,2,21,21,21,21,15,11,11,30,33,58,34,34,8,0],"gold":223,"neow_bonus":"BOSS_RELIC","is_prod":false,"is_daily":false,"chose_seed":false,"campfire_upgraded":2,"win_rate":0,"timestamp":1565118085,"path_taken":["M","M","M","M","M","R","E","R","T","R","?","M","M","?","R","BOSS","M","$","M","M"],"build_version":"2019-07-17","purchased_purges":1,"victory":false,"max_hp_per_floor":[66,66,66,66,66,66,66,66,66,66,66,66,66,66,66,66,66,66,66,66,66],"card_choices":[{"not_picked":["Choke","Bane"],"picked":"Backstab","floor":1},{"not_picked":["Accuracy","Poisoned Stab","Flying Knee"],"picked":"SKIP","floor":2},{"not_picked":["Accuracy","Bane","Underhanded Strike"],"picked":"SKIP","floor":3},{"not_picked":["Storm of Steel","Prepared"],"picked":"Dagger Throw","floor":4},{"not_picked":["Endless Agony","PiercingWail"],"picked":"Noxious Fumes","floor":5},{"not_picked":["Dagger Throw","Sucker Punch"],"picked":"Dagger Spray","floor":7},{"not_picked":["Dodge and Roll","Wraith Form v2"],"picked":"Blur","floor":11},{"not_picked":["Slice","Poisoned Stab"],"picked":"Dagger Spray","floor":12},{"not_picked":["Sucker Punch","Heel Hook"],"picked":"Skewer","floor":13},{"not_picked":["Die Die Die","Storm of Steel"],"picked":"Bullet Time","floor":16},{"not_picked":["Caltrops","Accuracy"],"picked":"Skewer","floor":18},{"not_picked":["Quick Slash","Prepared"],"picked":"Riddle With Holes+1","floor":20}],"player_experience":607260,"relics_obtained":[{"floor":7,"key":"Pantograph"},{"floor":9,"key":"WingedGreaves"}],"event_choices":[{"damage_healed":0,"gold_gain":0,"player_choice":"Left Gold","damage_taken":0,"max_hp_gain":0,"max_hp_loss":0,"event_name":"World of Goop","floor":14,"gold_loss":58}],"is_beta":false,"boss_relics":[{"not_picked":["Tiny House","Calling Bell"],"picked":"Cursed Key"}],"items_purged_floors":[19],"is_endless":false,"potions_floor_spawned":[1,2,7,13],"killed_by":"Snecko","ascension_level":19}