{"path_per_floor":["M","?","?","M","M","E","R","M","T","E","$","?","M","M","R","B",null,"M","$","M","?","M","E","R","M","T","M","?","M","$","?","R","B",null,"M","?","$","M","M","M","M","E","T","M","E","M","?","$","R","B"],"character_chosen":"IRONCLAD","items_purchased":["Self Forming Clay","Blood for Blood","Charon\u0027s Ashes","Dead Branch","Corruption","Seeing Red","Secret Technique","Champion Belt","Bird Faced Urn","Anchor","Centennial Puzzle","Warcry"],"gold_per_floor":[144,144,144,189,234,324,324,369,369,459,175,229,274,319,319,619,619,664,364,409,409,454,544,544,589,589,634,684,729,103,103,103,403,403,448,448,148,193,238,283,328,418,468,513,603,648,648,1,1,1],"floor_reached":51,"campfire_rested":5,"playtime":2538,"current_hp_per_floor":[80,80,80,80,80,71,80,63,63,58,58,51,57,63,80,49,80,80,80,80,80,73,59,80,77,77,80,80,80,80,80,80,69,80,80,80,80,80,80,74,76,75,75,77,77,81,81,81,83,86],"items_purged":[],"gold":1,"score":1393,"play_id":"01f62beb-cf6b-4ccf-abf8-74c980ac608e","local_time":"20180417205404","daily_mods":["Insanity","Midas","Hoarder"],"is_prod":false,"is_daily":true,"chose_seed":false,"is_ascension_mode":false,"campfire_upgraded":0,"timestamp":1523966044,"path_taken":["M","?","?","M","M","E","R","M","T","E","$","?","?","M","R","BOSS","M","$","M","?","M","E","R","M","T","?","?","M","$","?","R","BOSS","M","?","$","M","?","M","M","E","T","M","E","M","?","$","R","BOSS"],"build_version":"2018-04-12","seed_source_timestamp":0,"purchased_purges":0,"victory":true,"master_deck":["Infernal Blade","Twin Strike","Bludgeon","Heavy Blade","Pummel","Pommel Strike","Impervious","Perfected Strike","Hemokinesis","Bloodletting","Demon Form","Strike_R","Blood for Blood","Combust","Heavy Blade","Second Wind","Shockwave","Demon Form","Dropkick","Clothesline","Twin Strike","Burning Pact","Ghostly Armor","Blood for Blood","Limit Break+1","Feed","Demon Form","Searing Blow","Rupture","Pummel","Infernal Blade","Reaper","Havoc","Reckless Charge","Shockwave","Shockwave","Infernal Blade","Juggernaut","Headbutt","Carnage","Infernal Blade","Strike_R","Fire Breathing","Shockwave","Feel No Pain","Searing Blow","Searing Blow","Perfected Strike","Perfected Strike","Perfected Strike","Reckless Charge","Reckless Charge","Reckless Charge","Flex","Flex","Flex","Pommel Strike","Pommel Strike","Pommel Strike","Blood for Blood","Blood for Blood","Blood for Blood","Blood for Blood","Blood for Blood","Blood for Blood","Burning Pact","Burning Pact","Burning Pact","Twin Strike","Twin Strike","Twin Strike","Reaper","Reaper","Reaper","Pommel Strike","Pommel Strike","Pommel Strike","True Grit","True Grit","True Grit","Pommel Strike","Pommel Strike","Pommel Strike","Hemokinesis+1","Hemokinesis+1","Hemokinesis+1","Offering","Offering","Offering","Perfected Strike+1","Perfected Strike+1","Perfected Strike+1","Reckless Charge","Reckless Charge","Reckless Charge","Corruption","Corruption","Corruption","Seeing Red","Seeing Red","Seeing Red","Secret Technique","Secret Technique","Secret Technique","Perfected Strike","Perfected Strike","Perfected Strike","Offering","Offering","Offering","Sentinel+1","Sentinel+1","Sentinel+1","Seeing Red+1","Seeing Red+1","Seeing Red+1","Reckless Charge+1","Reckless Charge+1","Reckless Charge+1","Havoc","Havoc","Havoc","Flex","Flex","Flex","Seeing Red","Seeing Red","Seeing Red","Corruption","Corruption","Corruption","True Grit","True Grit","True Grit","Corruption+1","Corruption+1","Corruption+1","Perfected Strike","Perfected Strike","Perfected Strike","Battle Trance+1","Battle Trance+1","Battle Trance+1","Perfected Strike","Perfected Strike","Perfected Strike","Pommel Strike","Pommel Strike","Pommel Strike","Reaper","Reaper","Reaper","Warcry","Warcry","Warcry"],"max_hp_per_floor":[80,80,80,80,80,80,80,80,80,80,80,80,80,80,80,80,80,80,80,80,80,80,80,80,80,80,80,80,80,80,80,80,80,80,80,80,80,80,80,83,83,83,83,83,83,83,83,83,83,86],"relics":["Burning Blood","Bag of Marbles","Toolbox","Art of War","Self Forming Clay","Odd Mushroom","Black Star","Charon\u0027s Ashes","Mummified Hand","Mercury Hourglass","Thread and Needle","Dead Branch","Astrolabe","Champion Belt","Prayer Wheel","Orichalcum","Regal Pillow","Shuriken","The Courier","Bird Faced Urn","Anchor","Centennial Puzzle"],"card_choices":[{"not_picked":["Thunderclap","Flex"],"picked":"Perfected Strike","floor":5},{"not_picked":["Intimidate","Clash"],"picked":"Reckless Charge","floor":6},{"not_picked":["Metallicize","Body Slam"],"picked":"Flex","floor":8},{"not_picked":["Combust","Bludgeon"],"picked":"Pommel Strike","floor":10},{"not_picked":["Shrug It Off","Thunderclap"],"picked":"Blood for Blood","floor":12},{"not_picked":["Thunderclap","Clash"],"picked":"Burning Pact","floor":13},{"not_picked":["Sentinel","Uppercut"],"picked":"Twin Strike","floor":14},{"not_picked":["Juggernaut","Feed"],"picked":"Reaper","floor":16},{"not_picked":["Shockwave","Cleave"],"picked":"Pommel Strike","floor":18},{"not_picked":["Headbutt","Inflame"],"picked":"True Grit","floor":20},{"not_picked":["Body Slam","Havoc"],"picked":"Pommel Strike","floor":22},{"not_picked":["Shockwave","Intimidate"],"picked":"Hemokinesis","floor":23},{"not_picked":["Dual Wield","Feel No Pain"],"picked":"Offering","floor":25},{"not_picked":["Dropkick","Heavy Blade"],"picked":"Perfected Strike","floor":27},{"not_picked":["Heavy Blade","Clash"],"picked":"Reckless Charge","floor":29},{"not_picked":["Exhume","Fiend Fire"],"picked":"Offering","floor":33},{"not_picked":["Clash","Dropkick"],"picked":"Havoc","floor":35},{"not_picked":["Searing Blow","Clash"],"picked":"Flex","floor":38},{"not_picked":["Pommel Strike","Armaments"],"picked":"Seeing Red","floor":39},{"not_picked":["Cleave","Entrench"],"picked":"Corruption","floor":40},{"not_picked":["Whirlwind","Reckless Charge"],"picked":"True Grit","floor":41},{"not_picked":["Rupture","Anger"],"picked":"Corruption","floor":42},{"not_picked":["Thunderclap","Inflame"],"picked":"Perfected Strike","floor":43},{"not_picked":["Blood for Blood","Evolve"],"picked":"Battle Trance","floor":44},{"not_picked":["Immolate","Combust"],"picked":"Perfected Strike","floor":45},{"not_picked":["True Grit","Clash"],"picked":"Pommel Strike","floor":46}],"player_experience":437814,"potions_floor_usage":[16,33,33,41,42,50,50,50],"damage_taken":[{"damage":2,"enemies":"2 Louse","floor":1,"turns":3},{"damage":6,"enemies":"Cultist","floor":4,"turns":3},{"damage":5,"enemies":"Small Slimes","floor":5,"turns":2},{"damage":23,"enemies":"Gremlin Nob","floor":6,"turns":4},{"damage":23,"enemies":"Gremlin Gang","floor":8,"turns":4},{"damage":11,"enemies":"Lagavulin","floor":10,"turns":4},{"damage":13,"enemies":"The Mushroom Lair","floor":12,"turns":3},{"damage":0,"enemies":"2 Fungi Beasts","floor":13,"turns":1},{"damage":0,"enemies":"Blue Slaver","floor":14,"turns":1},{"damage":37,"enemies":"The Guardian","floor":16,"turns":7},{"damage":2,"enemies":"Spheric Guardian","floor":18,"turns":3},{"damage":3,"enemies":"Chosen","floor":20,"turns":3},{"damage":13,"enemies":"Centurion and Healer","floor":22,"turns":4},{"damage":26,"enemies":"Slavers","floor":23,"turns":4},{"damage":9,"enemies":"Cultist and Chosen","floor":25,"turns":3},{"damage":1,"enemies":"Snake Plant","floor":27,"turns":3},{"damage":5,"enemies":"Centurion and Healer","floor":29,"turns":4},{"damage":17,"enemies":"Champ","floor":33,"turns":3},{"damage":4,"enemies":"3 Shapes","floor":35,"turns":1},{"damage":23,"enemies":"3 Darklings","floor":38,"turns":4},{"damage":7,"enemies":"Sphere and 2 Shapes","floor":39,"turns":2},{"damage":15,"enemies":"Maw","floor":40,"turns":1},{"damage":4,"enemies":"4 Shapes","floor":41,"turns":1},{"damage":7,"enemies":"2 Orb Walkers","floor":42,"turns":1},{"damage":4,"enemies":"Sphere and 2 Shapes","floor":44,"turns":1},{"damage":12,"enemies":"Nemesis","floor":45,"turns":1},{"damage":2,"enemies":"3 Darklings","floor":46,"turns":2},{"damage":10,"enemies":"Donu and Deca","floor":50,"turns":3}],"event_choices":[{"event_name":"Match and Keep!","player_choice":"0 cards matched","floor":2,"damage_taken":0},{"event_name":"Transmorgrifier","player_choice":"Transform","floor":3,"damage_taken":0},{"event_name":"Mushrooms","player_choice":"Fought Mushrooms","floor":12,"damage_taken":0},{"event_name":"Accursed Blacksmith","player_choice":"Forge","floor":21,"damage_taken":0},{"event_name":"The Joust","player_choice":"Bet on Murderer","floor":28,"damage_taken":0},{"event_name":"The Library","player_choice":"Read","floor":31,"damage_taken":0},{"event_name":"Transmorgrifier","player_choice":"Transform","floor":47,"damage_taken":0}],"boss_relics":[{"not_picked":["Eternal Feather","Black Blood"],"picked":"Black Star"},{"not_picked":["Velvet Choker","Orrery"],"picked":"Astrolabe"}],"potions_floor_spawned":[1,8,12,20,25,27,35,39,44,46],"seed_played":"5806895975017709107","ascension_level":0,"is_trial":false}