{"gold_per_floor":[12,22,33,48,48,48,67,67,67,67,32,32,43,75,75,152,152,171,141,36,36,36,36,61,61,111,130,130,140,14,0,0,76,76,89,89,6,17,28,28,55,68,94,94,106,156,189,206,206,206,206],"floor_reached":52,"playtime":5898,"items_purged":["Bite"],"score":1810,"play_id":"c99e1ca4-a4b9-45b4-9f55-cf772a9b1e40","local_time":"20190808004243","is_ascension_mode":true,"campfire_choices":[{"data":"Apotheosis","floor":6.0,"key":"SMITH"},{"data":"Well Laid Plans","floor":8.0,"key":"SMITH"},{"data":"Neutralize","floor":10.0,"key":"SMITH"},{"data":"Leg Sweep","floor":12.0,"key":"SMITH"},{"floor":15.0,"key":"REST"},{"data":"Panacea","floor":23.0,"key":"SMITH"},{"data":"Malaise","floor":25.0,"key":"SMITH"},{"data":"Terror","floor":28.0,"key":"SMITH"},{"data":"PiercingWail","floor":32.0,"key":"SMITH"},{"data":"Well Laid Plans","floor":40,"key":"SMITH"},{"data":"Blade Dance","floor":44,"key":"SMITH"},{"data":"1","floor":49,"key":"LIFT"}],"neow_cost":"NO_GOLD","seed_source_timestamp":0,"circlet_count":0,"master_deck":["AscendersBane","Defend_G","Defend_G+1","Defend_G","Defend_G","Defend_G","Survivor","Neutralize+1","Dramatic Entrance","Apotheosis+1","Flying Knee","Leg Sweep+1","Adrenaline","Quick Slash","Well Laid Plans+1","Well Laid Plans+1","Dagger Spray","Malaise+1","Flying Knee+1","Panacea+1","Adrenaline","Footwork","Bite","Bite","Bite","Bite","Blade Dance+1","Terror+1","Dagger Spray","PiercingWail+1","Wraith Form v2","Madness","Madness","Backflip+1","Acrobatics+1","Choke","Acrobatics","After Image"],"special_seed":0,"relics":["Ring of the Snake","Gremlin Horn","Pantograph","Black Star","Kunai","Bottled Lightning","Pen Nib","Coffee Dripper","Mummified Hand","Bird Faced Urn","War Paint","Girya","Mercury Hourglass"],"potions_floor_usage":[41,45,48,50],"damage_taken":[{"damage":0.0,"enemies":"2 Louse","floor":1.0,"turns":3.0},{"damage":0.0,"enemies":"Small Slimes","floor":2.0,"turns":3.0},{"damage":0.0,"enemies":"Cultist","floor":3.0,"turns":4.0},{"damage":14.0,"enemies":"Large Slime","floor":4.0,"turns":9.0},{"damage":0.0,"enemies":"Looter","floor":7.0,"turns":3.0},{"damage":0.0,"enemies":"2 Fungi Beasts","floor":13.0,"turns":3.0},{"damage":12.0,"enemies":"3 Sentries","floor":14.0,"turns":5.0},{"damage":1.0,"enemies":"Slime Boss","floor":16.0,"turns":11.0},{"damage":0.0,"enemies":"Shell Parasite","floor":18.0,"turns":7.0},{"damage":18.0,"enemies":"Slavers","floor":24.0,"turns":3.0},{"damage":8.0,"enemies":"Spheric Guardian","floor":27.0,"turns":8.0},{"damage":0.0,"enemies":"Centurion and Healer","floor":29.0,"turns":5.0},{"damage":27.0,"enemies":"Champ","floor":33.0,"turns":21.0},{"damage":12,"enemies":"3 Darklings","floor":35,"turns":6},{"damage":12,"enemies":"3 Shapes","floor":38,"turns":8},{"damage":2,"enemies":"3 Darklings","floor":39,"turns":6},{"damage":38,"enemies":"Nemesis","floor":41,"turns":11},{"damage":16,"enemies":"Transient","floor":42,"turns":6},{"damage":6,"enemies":"Jaw Worm Horde","floor":45,"turns":5},{"damage":6,"enemies":"Giant Head","floor":47,"turns":11},{"damage":0,"enemies":"Sphere and 2 Shapes","floor":48,"turns":4},{"damage":16,"enemies":"Time Eater","floor":50,"turns":18},{"damage":26,"enemies":"Awakened One","floor":51,"turns":22}],"seed_played":"-5763512948119180371","potions_obtained":[{"floor":1.0,"key":"Energy Potion"},{"floor":7.0,"key":"SneckoOil"},{"floor":13.0,"key":"AttackPotion"},{"floor":16.0,"key":"Swift Potion"},{"floor":19.0,"key":"AttackPotion"},{"floor":24.0,"key":"Ancient Potion"},{"floor":35,"key":"Strength Potion"},{"floor":41,"key":"LiquidBronze"},{"floor":47,"key":"Poison Potion"}],"is_trial":false,"path_per_floor":["M","M","M","M","$","R","M","R","T","R","?","R","M","E","R","B",null,"M","?","$","?","?","R","E","R","T","M","R","M","$","?","R","B",null,"M","?","$","M","M","R","E","M","T","R","M","?","E","M","R","B","B",null],"character_chosen":"THE_SILENT","items_purchased":["Panacea","PiercingWail","GhostInAJar"],"campfire_rested":1,"item_purchase_floors":[20,30,37],"current_hp_per_floor":[59,59,59,45,45,45,45,45,45,45,61,61,61,49,66,65,66,66,66,66,66,46,46,40,40,40,46,46,46,46,46,46,46,46,46,38,38,38,46,46,15,19,19,19,36,36,45,46,46,46,33],"gold":206,"neow_bonus":"RANDOM_COLORLESS_2","is_prod":false,"is_daily":false,"chose_seed":false,"campfire_upgraded":10,"win_rate":0,"timestamp":1565192563,"path_taken":["M","M","M","M","$","R","M","R","T","R","?","R","M","E","R","BOSS","M","?","?","?","?","R","E","R","T","M","R","M","$","?","R","BOSS","M","?","$","M","M","R","E","M","T","R","M","?","E","?","R","BOSS","BOSS"],"build_version":"2019-07-17","purchased_purges":1,"victory":true,"max_hp_per_floor":[66,66,66,66,66,66,66,66,66,66,66,66,66,66,66,66,66,66,66,66,66,46,46,46,46,46,46,46,46,46,46,46,46,46,46,46,46,46,46,46,46,46,46,46,46,46,46,46,46,46,46],"card_choices":[{"not_picked":["Acrobatics","Dodge and Roll"],"picked":"Flying Knee","floor":1.0},{"not_picked":["Dagger Spray","Tactician"],"picked":"Leg Sweep","floor":2.0},{"not_picked":["Acrobatics","Finisher"],"picked":"Adrenaline","floor":3.0},{"not_picked":["Deflect","Slice"],"picked":"Quick Slash","floor":4.0},{"not_picked":["Blur","Poisoned Stab"],"picked":"Well Laid Plans","floor":7.0},{"not_picked":["Poisoned Stab","Setup"],"picked":"Well Laid Plans","floor":13.0},{"not_picked":["Phantasmal Killer","Backstab"],"picked":"Dagger Spray","floor":14.0},{"not_picked":["Corpse Explosion","Die Die Die"],"picked":"Malaise","floor":16.0},{"not_picked":["Masterful Stab","Slice"],"picked":"Flying Knee+1","floor":18.0},{"not_picked":["Underhanded Strike","Skewer"],"picked":"Blade Dance","floor":24.0},{"not_picked":["Bane+1","Dagger Spray"],"picked":"Terror","floor":27.0},{"not_picked":["Dodge and Roll+1","Bane"],"picked":"Dagger Spray","floor":29.0},{"not_picked":["Storm of Steel","Phantasmal Killer"],"picked":"Wraith Form v2","floor":33.0},{"not_picked":["Underhanded Strike","Dagger Throw","Deflect"],"picked":"SKIP","floor":35},{"not_picked":["Infinite Blades","Flying Knee","Leg Sweep"],"picked":"SKIP","floor":38},{"not_picked":["PiercingWail","Grand Finale","Dagger Throw"],"picked":"SKIP","floor":39},{"not_picked":["Underhanded Strike+1","Crippling Poison"],"picked":"Backflip+1","floor":41},{"not_picked":["Backflip","Deflect"],"picked":"Acrobatics","floor":42},{"not_picked":["Deadly Poison","Poisoned Stab"],"picked":"Choke","floor":45},{"not_picked":["Deflect","Dagger Throw"],"picked":"Acrobatics","floor":47},{"not_picked":["Outmaneuver","PiercingWail"],"picked":"After Image","floor":48}],"player_experience":618718,"relics_obtained":[{"floor":9.0,"key":"Gremlin Horn"},{"floor":14.0,"key":"Pantograph"},{"floor":24.0,"key":"Kunai"},{"floor":24.0,"key":"Bottled Lightning"},{"floor":26.0,"key":"Pen Nib"},{"floor":41,"key":"Mummified Hand"},{"floor":41,"key":"Bird Faced Urn"},{"floor":43,"key":"War Paint"},{"floor":47,"key":"Girya"},{"floor":47,"key":"Mercury Hourglass"}],"event_choices":[{"damage_healed":16.0,"max_hp_gain":0.0,"max_hp_loss":0.0,"gold_gain":0.0,"event_name":"The Cleric","player_choice":"Healed","floor":11.0,"gold_loss":35.0,"damage_taken":0.0},{"damage_healed":0.0,"max_hp_gain":0.0,"max_hp_loss":0.0,"gold_gain":0.0,"event_name":"The Woman in Blue","player_choice":"Bought 2 Potions","floor":19.0,"gold_loss":0.0,"damage_taken":0.0},{"damage_healed":0.0,"max_hp_gain":0.0,"max_hp_loss":0.0,"gold_gain":0.0,"cards_transformed":["Strike_G","Strike_G"],"event_name":"Drug Dealer","player_choice":"Became Test Subject","floor":21.0,"gold_loss":0.0,"damage_taken":0.0,"cards_obtained":["Adrenaline","Footwork"]},{"damage_healed":0.0,"max_hp_gain":0.0,"max_hp_loss":20.0,"gold_gain":0.0,"event_name":"Vampires","player_choice":"Became a vampire","floor":22.0,"gold_loss":0.0,"damage_taken":0.0,"cards_obtained":["Bite","Bite","Bite","Bite","Bite"]},{"damage_healed":0.0,"max_hp_gain":0.0,"max_hp_loss":0.0,"gold_gain":0.0,"event_name":"Masked Bandits","player_choice":"Paid Fearfully","floor":31.0,"gold_loss":14.0,"damage_taken":0.0},{"damage_healed":0,"gold_gain":0,"player_choice":"Embrace Madness","damage_taken":8,"max_hp_gain":0,"max_hp_loss":0,"event_name":"Winding Halls","floor":36,"gold_loss":0,"cards_obtained":["Madness","Madness"]},{"damage_healed":0,"gold_gain":50,"player_choice":"Pray","damage_taken":0,"max_hp_gain":0,"max_hp_loss":0,"event_name":"Golden Shrine","floor":46,"gold_loss":0}],"is_beta":false,"boss_relics":[{"not_picked":["Pandora\u0027s Box","Empty Cage"],"picked":"Black Star"},{"not_picked":["Astrolabe","HoveringKite"],"picked":"Coffee Dripper"}],"items_purged_floors":[30],"is_endless":false,"potions_floor_spawned":[1,7,13,14,16,24,35,39,41,47],"ascension_level":20}