{"path_per_floor":["M","M","M","$","M","E","?","M","T","M","?","R","M","M","R","B",null,"M","M","$","M","M","E","?","M","T","E","$","?","R","$","R","B",null,"M","M","M","M","?","E","M","M","T","M","M","M","$","?","R","B"],"character_chosen":"DEFECT","items_purchased":["Auto Shields","Panache","Letter Opener","Juzu Bracelet","Question Card","Centennial Puzzle","Pen Nib","Calipers","Lee\u0027s Waffle","Gremlin Horn","Apotheosis","Torii","Mango","Circlet"],"gold_per_floor":[19,35,55,21,35,455,455,768,768,1058,1058,1058,1241,1519,1519,2970,2970,3179,3365,2439,2660,2889,3371,3371,3646,3946,4399,3596,3521,3521,2871,2871,4390,4390,4572,4822,5033,5300,5300,5740,5986,6151,6151,6419,6645,6955,5820,5820,5820,5820],"floor_reached":51,"campfire_rested":3,"playtime":2923,"current_hp_per_floor":[75,75,72,72,72,55,40,40,40,40,28,50,50,50,72,70,75,65,65,65,56,53,50,50,47,47,47,47,47,71,89,89,74,89,99,99,99,99,99,99,99,99,99,99,88,99,113,99,99,113],"items_purged":["Strike_B","Strike_B","Fission"],"gold":5820,"score":954,"play_id":"be949ee7-d195-4ad1-8c72-5c24e83ad0f4","local_time":"20180507041112","is_prod":false,"is_daily":false,"chose_seed":false,"is_ascension_mode":false,"campfire_upgraded":1,"timestamp":1525637472,"path_taken":["M","M","M","$","M","E","?","M","T","?","?","R","M","M","R","BOSS","M","M","$","M","M","E","?","M","T","E","$","?","R","?","R","BOSS","M","M","M","M","?","E","M","M","T","M","M","M","$","?","R","BOSS"],"build_version":"2018-05-03","seed_source_timestamp":0,"purchased_purges":3,"victory":true,"master_deck":["Strike_B","Strike_B+1","Defend_B","Defend_B+1","Defend_B","Defend_B","Zap","Dualcast+1","Ball Lightning","Streamline+1","BootSequence","Auto Shields+1","Amplify","Storm","Ball Lightning","Ball Lightning+1","Streamline","Undo","Doom and Gloom+1","Aggregate","Consume","Biased Cognition+1","Biased Cognition+1","Machine Learning+1","Capacitor+1","Defragment+1","Defragment+1","Panache+1","Impulse+1","Defragment+1","Apotheosis+1","Madness","Madness"],"max_hp_per_floor":[75,75,75,75,75,75,75,75,75,75,75,75,75,75,75,75,75,75,75,75,75,75,75,75,82,82,82,82,82,82,89,89,89,89,99,99,99,99,99,99,99,99,99,99,99,99,113,113,113,113],"relics":["Cracked Core","Thread and Needle","Bronze Scales","Ancient Tea Set","Lantern","Mercury Hourglass","Molten Egg 2","Darkstone Periapt","Kunai","Shuriken","Frozen Egg 2","Pantograph","Mummified Hand","White Beast Statue","Ginger","Vajra","Letter Opener","Juzu Bracelet","Question Card","Oddly Smooth Stone","Blood Vial","Meat on the Bone","Toolbox","Dodecahedron","Strawberry","Old Coin","Bag of Preparation","Anchor","Centennial Puzzle","Pen Nib","Calipers","Lee\u0027s Waffle","Gremlin Horn","Whetstone","Regal Pillow","Happy Flower","Black Star","Pear","Bottled Flame","Bottled Lightning","Sundial","Ornamental Fan","Matryoshka","Bottled Tornado","Bag of Marbles","Bird Faced Urn","War Paint","Peace Pipe","Orichalcum","Unceasing Top","Girya","Torii","Mango","Circlet"],"card_choices":[{"not_picked":["Melter","Leap"],"picked":"Ball Lightning","floor":1.0},{"not_picked":["Buffer","Axe Kick"],"picked":"Streamline","floor":2.0},{"not_picked":["Coolheaded","Hologram"],"picked":"BootSequence","floor":3.0},{"not_picked":["Leap","Impulse"],"picked":"Amplify","floor":5.0},{"not_picked":["Glacier","Scrape"],"picked":"Storm","floor":6.0},{"not_picked":["Leap","Coolheaded"],"picked":"Ball Lightning","floor":8.0},{"not_picked":["Capacitor","Skim"],"picked":"Ball Lightning","floor":8.0},{"not_picked":["Doom and Gloom","Storm"],"picked":"Turbo","floor":8.0},{"not_picked":["Beam Cell","Barrage"],"picked":"Streamline","floor":8.0},{"not_picked":["Barrage","Rebound"],"picked":"Undo","floor":10.0},{"not_picked":["Axe Kick","Loop"],"picked":"Doom and Gloom","floor":13.0},{"not_picked":["Glacier","Melter"],"picked":"Aggregate","floor":13.0},{"not_picked":["Impulse","Chaos"],"picked":"Consume","floor":14.0},{"not_picked":["Fusion","All For One"],"picked":"Fission","floor":16},{"not_picked":["All For One","Rainbow"],"picked":"Biased Cognition","floor":16},{"not_picked":["Meteor Strike","Multi-Cast"],"picked":"Biased Cognition","floor":16},{"not_picked":["Amplify","All For One"],"picked":"Machine Learning","floor":16},{"not_picked":["Barrage","Darkness"],"picked":"Capacitor","floor":19},{"not_picked":["Turbo","Blizzard"],"picked":"Defragment","floor":19},{"not_picked":["Go for the Eyes","Self Repair"],"picked":"Defragment","floor":19},{"not_picked":["Sweeping Beam","Cold Snap","Machine Learning"],"picked":"Impulse","floor":21},{"not_picked":["Reprogram","Capacitor","Cold Snap"],"picked":"Defragment","floor":21}],"player_experience":13653,"potions_floor_usage":[16,16,16,19,21,21,22,27,27,27,33,33,36,40,50,50,50],"damage_taken":[{"damage":0.0,"enemies":"Cultist","floor":1.0,"turns":3.0},{"damage":0.0,"enemies":"Jaw Worm","floor":2.0,"turns":3.0},{"damage":3.0,"enemies":"Small Slimes","floor":3.0,"turns":3.0},{"damage":0.0,"enemies":"Looter","floor":5.0,"turns":3.0},{"damage":17.0,"enemies":"Lagavulin","floor":6.0,"turns":5.0},{"damage":0.0,"enemies":"Blue Slaver","floor":8.0,"turns":3.0},{"damage":0.0,"enemies":"Exordium Thugs","floor":10.0,"turns":3.0},{"damage":0.0,"enemies":"2 Fungi Beasts","floor":13.0,"turns":1.0},{"damage":0.0,"enemies":"Large Slime","floor":14.0,"turns":3.0},{"damage":2,"enemies":"Slime Boss","floor":16,"turns":6},{"damage":10,"enemies":"2 Thieves","floor":18,"turns":4},{"damage":0,"enemies":"3 Byrds","floor":19,"turns":1},{"damage":9,"enemies":"Slaver and Parasite","floor":21,"turns":3},{"damage":3,"enemies":"Snecko","floor":22,"turns":3},{"damage":9,"enemies":"Book of Stabbing","floor":23,"turns":4},{"damage":12,"enemies":"Snake Plant","floor":25,"turns":3},{"damage":14,"enemies":"Slavers","floor":27,"turns":3},{"damage":15,"enemies":"Automaton","floor":33,"turns":5},{"damage":0,"enemies":"3 Shapes","floor":35,"turns":2},{"damage":0,"enemies":"3 Darklings","floor":36,"turns":2},{"damage":0,"enemies":"Sphere and 2 Shapes","floor":37,"turns":2},{"damage":0,"enemies":"4 Shapes","floor":38,"turns":3},{"damage":0,"enemies":"2 Orb Walkers","floor":40,"turns":2},{"damage":0,"enemies":"Maw","floor":41,"turns":4},{"damage":0,"enemies":"Sphere and 2 Shapes","floor":42,"turns":2},{"damage":0,"enemies":"4 Shapes","floor":44,"turns":3},{"damage":17,"enemies":"Maw","floor":45,"turns":5},{"damage":1,"enemies":"Flame Bruiser 2 Orb","floor":46,"turns":3},{"damage":0,"enemies":"Donu and Deca","floor":50,"turns":3}],"event_choices":[{"event_name":"Shining Light","player_choice":"Entered Light","floor":7.0,"damage_taken":0.0},{"event_name":"Scrap Ooze","player_choice":"success","floor":11.0,"damage_taken":12.0},{"event_name":"The Mausoleum","player_choice":"Yes","floor":24,"damage_taken":0},{"event_name":"Beggar","player_choice":"Gave Gold","floor":29,"damage_taken":0},{"event_name":"Tomb of Lord Red Mask","player_choice":"Ignored","floor":39,"damage_taken":0},{"event_name":"Winding Halls","player_choice":"Embrace Madness","floor":48,"damage_taken":0}],"boss_relics":[{"not_picked":["Runic Dome","Snecko Eye"],"picked":"White Beast Statue"},{"not_picked":["Runic Pyramid","Sozu"],"picked":"Black Star"}],"potions_floor_spawned":[1,6,8,8,10,10,13,13,13,14,14,14,16,18,18,18,18,19,19,19,19,21,21,21,21,22,22,22,22,23,23,23,23,25,25,25,25,27,27,27,27,33,33,33,33,35,35,35,35,36,36,36,36,37,37,37,37,38,38,38,38,40,40,40,40,41,41,41,41,42,42,42,42,44,44,44,44,45,45,45,45,46,46,46,46],"seed_played":"-7345095353756548889","ascension_level":0,"is_trial":false}