{"gold_per_floor":[118,118,130,150,161,191,266,284,284,284,284,296,296,314,314,388,388,402,421,38,51,51,51,82,93,93,110,110,110,35,35],"floor_reached":31,"playtime":1927,"items_purged":["Strike_G"],"score":466,"play_id":"29e45ab7-328f-4736-8229-1e0a2ea68e90","local_time":"20190804020211","is_ascension_mode":true,"campfire_choices":[{"floor":11,"key":"REST"},{"data":"Neutralize","floor":13,"key":"SMITH"},{"floor":15,"key":"REST"},{"floor":23,"key":"REST"},{"floor":28,"key":"REST"}],"neow_cost":"PERCENT_DAMAGE","seed_source_timestamp":87591045922400,"circlet_count":0,"master_deck":["AscendersBane","Strike_G","Defend_G","Defend_G","Defend_G","Defend_G","Survivor","Neutralize+1","Leg Sweep","Flying Knee","Heel Hook","Backstab","Well Laid Plans","Crippling Poison","Skewer+1","Adrenaline","Dagger Throw+1","Crippling Poison+1","Masterful Stab+1","Well Laid Plans","Blur","Dagger Spray+1","Chrysalis","Blur","Noxious Fumes","Bullet Time","Backflip","Necronomicurse"],"relics":["Ring of the Snake","Tingsha","Bronze Scales","Molten Egg 2","Astrolabe","Snake Skull","Oddly Smooth Stone","Necronomicon"],"potions_floor_usage":[5,6,6,21,24,25],"damage_taken":[{"damage":2,"enemies":"Jaw Worm","floor":1,"turns":6},{"damage":6,"enemies":"Cultist","floor":3,"turns":4},{"damage":0,"enemies":"2 Louse","floor":4,"turns":3},{"damage":1,"enemies":"Large Slime","floor":5,"turns":8},{"damage":20,"enemies":"Lagavulin","floor":6,"turns":6},{"damage":3,"enemies":"Lots of Slimes","floor":8,"turns":5},{"damage":1,"enemies":"2 Fungi Beasts","floor":12,"turns":4},{"damage":1,"enemies":"Looter","floor":14,"turns":3},{"damage":11,"enemies":"The Guardian","floor":16,"turns":13},{"damage":16,"enemies":"Spheric Guardian","floor":18,"turns":4},{"damage":0,"enemies":"3 Byrds","floor":19,"turns":3},{"damage":6,"enemies":"Cultist and Chosen","floor":21,"turns":5},{"damage":29,"enemies":"Gremlin Leader","floor":24,"turns":9},{"damage":2,"enemies":"3 Cultists","floor":25,"turns":3},{"damage":14,"enemies":"Snecko","floor":27,"turns":5},{"damage":15,"enemies":"Centurion and Healer","floor":31,"turns":2}],"seed_played":"7505712378561548838","potions_obtained":[{"floor":1,"key":"Energy Potion"},{"floor":4,"key":"Strength Potion"},{"floor":5,"key":"FearPotion"},{"floor":8,"key":"Ancient Potion"},{"floor":10,"key":"GamblersBrew"},{"floor":21,"key":"Ancient Potion"},{"floor":27,"key":"Strength Potion"}],"is_trial":false,"path_per_floor":["M","?","M","M","M","E","?","M","T","?","R","M","R","M","R","B",null,"M","M","$","M","$","R","E","M","T","M","R","?","?","M"],"character_chosen":"THE_SILENT","items_purchased":["Blur","Dagger Spray+1","Chrysalis"],"campfire_rested":4,"item_purchase_floors":[20,20,20],"current_hp_per_floor":[42,66,60,60,59,39,28,25,25,25,44,43,43,42,61,50,62,46,46,46,40,40,59,30,28,28,14,33,12,12,0],"gold":35,"neow_bonus":"ONE_RARE_RELIC","is_prod":false,"is_daily":false,"chose_seed":false,"campfire_upgraded":1,"win_rate":0,"timestamp":1564851731,"path_taken":["M","?","M","?","M","E","?","M","T","?","R","M","R","M","R","BOSS","M","M","$","M","?","R","E","M","T","M","R","?","?","M"],"build_version":"2019-07-17","purchased_purges":1,"victory":false,"max_hp_per_floor":[66,66,66,66,66,66,66,66,66,66,66,66,66,66,66,66,66,66,66,66,66,66,66,66,66,66,66,66,66,66,66],"card_choices":[{"not_picked":["Cloak And Dagger","Setup"],"picked":"Catalyst","floor":1},{"not_picked":["Deadly Poison","Blade Dance"],"picked":"Leg Sweep","floor":3},{"not_picked":["Quick Slash","Blade Dance"],"picked":"Flying Knee","floor":4},{"not_picked":["Blade Dance","Dagger Throw"],"picked":"Heel Hook","floor":5},{"not_picked":["Slice","PiercingWail"],"picked":"Backstab","floor":6},{"not_picked":["Poisoned Stab","Skewer"],"picked":"Well Laid Plans","floor":8},{"not_picked":["Accuracy","Reflex"],"picked":"Crippling Poison","floor":12},{"not_picked":["Burst","Poisoned Stab+1"],"picked":"Skewer+1","floor":14},{"not_picked":["After Image","Burst"],"picked":"Adrenaline","floor":16},{"not_picked":["Underhanded Strike+1","Deflect","Prepared"],"picked":"SKIP","floor":18},{"not_picked":["Cloak And Dagger","Deadly Poison"],"picked":"Well Laid Plans","floor":19},{"not_picked":["Deflect+1","Concentrate"],"picked":"Blur","floor":21},{"not_picked":["Dodge and Roll","PiercingWail"],"picked":"Noxious Fumes","floor":24},{"not_picked":["Dodge and Roll","Flechettes+1"],"picked":"Bullet Time","floor":25},{"not_picked":["Accuracy","Bouncing Flask"],"picked":"Backflip","floor":27}],"player_experience":554809,"relics_obtained":[{"floor":6,"key":"Bronze Scales"},{"floor":9,"key":"Molten Egg 2"},{"floor":24,"key":"Snake Skull"},{"floor":26,"key":"Oddly Smooth Stone"},{"floor":29,"key":"Necronomicon"}],"event_choices":[{"cards_removed":["Catalyst"],"damage_healed":24,"gold_gain":0,"player_choice":"Offered Uncommon","damage_taken":0,"max_hp_gain":0,"max_hp_loss":0,"event_name":"Bonfire Elementals","floor":2,"gold_loss":0},{"damage_healed":0,"gold_gain":75,"player_choice":"Gather Gold","damage_taken":11,"max_hp_gain":0,"max_hp_loss":0,"event_name":"World of Goop","floor":7,"gold_loss":0},{"damage_healed":0,"gold_gain":0,"player_choice":"Got Potions","damage_taken":0,"max_hp_gain":0,"max_hp_loss":0,"event_name":"Lab","floor":10,"gold_loss":0},{"damage_healed":0,"gold_gain":0,"player_choice":"Obtained Book","damage_taken":21,"max_hp_gain":0,"max_hp_loss":0,"event_name":"Cursed Tome","floor":29,"gold_loss":0},{"cards_removed":["Strike_G"],"damage_healed":0,"gold_gain":0,"player_choice":"Gave Gold","damage_taken":0,"max_hp_gain":0,"max_hp_loss":0,"event_name":"Beggar","floor":30,"gold_loss":75}],"is_beta":false,"boss_relics":[{"not_picked":["Runic Dome","White Beast Statue"],"picked":"Astrolabe"}],"items_purged_floors":[20],"is_endless":false,"potions_floor_spawned":[1,4,5,8,21,27],"killed_by":"Centurion and Healer","ascension_level":16}