{"gold_per_floor":[114,125,125,125,136,136,152,152,225,251,251,271,271,271,271,367,367,386,409,428,428,441,441,469,469,547,547,281,241,241,43,43,147,147,161,161,161,180,199,232,259,271,283,295,17,28,28,28,28,28],"floor_reached":51,"playtime":3649,"items_purged":["Defend_B"],"score":962,"play_id":"c81c16db-0d30-4c66-bd91-379236348df8","local_time":"20190811182554","is_ascension_mode":true,"campfire_choices":[{"data":"Dualcast","floor":6,"key":"SMITH"},{"data":"Zap","floor":8,"key":"SMITH"},{"data":"Sunder","floor":11,"key":"SMITH"},{"data":"Consume","floor":13,"key":"SMITH"},{"floor":15,"key":"REST"},{"floor":23,"key":"REST"},{"floor":25,"key":"REST"},{"data":"Fusion","floor":27,"key":"SMITH"},{"data":"Zap","floor":30,"key":"SMITH"},{"data":"Panacea","floor":32,"key":"SMITH"},{"data":"Blind","floor":42,"key":"SMITH"},{"floor":49,"key":"REST"}],"neow_cost":"NONE","seed_source_timestamp":95095330162700,"circlet_count":0,"master_deck":["AscendersBane","Strike_B+1","Defend_B","Defend_B","Zap+1","Dualcast+1","Rebound","Capacitor","Melter","Sunder+1","Machine Learning+1","Consume+1","Deep Breath","Zap+1","Machine Learning","Double Energy+1","Go for the Eyes+1","Conserve Battery+1","Conserve Battery+1","Fusion+1","Necronomicurse","Chill","Cold Snap+1","Cold Snap","Leap","Panacea+1","Seek+1","Compile Driver","Blind+1","Skim","Sunder+1","Hologram+1","Glacier+1"],"relics":["Cracked Core","Pen Nib","Gremlin Horn","Bag of Preparation","Astrolabe","Juzu Bracelet","Necronomicon","Ornamental Fan","Meat on the Bone","OrangePellets","Inserter","MawBank","Art of War","Kunai"],"potions_floor_usage":[16,16,18,24,24,24,35,39,46,50],"damage_taken":[{"damage":0,"enemies":"Small Slimes","floor":1,"turns":3},{"damage":2,"enemies":"2 Louse","floor":2,"turns":2},{"damage":1,"enemies":"Cultist","floor":5,"turns":3},{"damage":16,"enemies":"Blue Slaver","floor":7,"turns":3},{"damage":15,"enemies":"3 Sentries","floor":10,"turns":5},{"damage":4,"enemies":"Red Slaver","floor":12,"turns":3},{"damage":39,"enemies":"Hexaghost","floor":16,"turns":7},{"damage":7,"enemies":"3 Byrds","floor":18,"turns":3},{"damage":5,"enemies":"2 Thieves","floor":20,"turns":4},{"damage":29,"enemies":"Shelled Parasite and Fungi","floor":22,"turns":6},{"damage":6,"enemies":"Gremlin Leader","floor":24,"turns":4},{"damage":1,"enemies":"Collector","floor":33,"turns":8},{"damage":3,"enemies":"3 Shapes","floor":35,"turns":5},{"damage":4,"enemies":"3 Darklings","floor":38,"turns":5},{"damage":1,"enemies":"Sphere and 2 Shapes","floor":39,"turns":4},{"damage":2,"enemies":"Reptomancer","floor":40,"turns":5},{"damage":18,"enemies":"Spire Growth","floor":41,"turns":4},{"damage":20,"enemies":"4 Shapes","floor":46,"turns":6},{"damage":26,"enemies":"Donu and Deca","floor":50,"turns":12}],"seed_played":"1959552811360822469","potions_obtained":[{"floor":2,"key":"SpeedPotion"},{"floor":7,"key":"FocusPotion"},{"floor":10,"key":"Swift Potion"},{"floor":16,"key":"Poison Potion"},{"floor":20,"key":"SkillPotion"},{"floor":22,"key":"FearPotion"},{"floor":24,"key":"Block Potion"},{"floor":38,"key":"AttackPotion"},{"floor":39,"key":"Weak Potion"},{"floor":41,"key":"EssenceOfSteel"}],"is_trial":false,"path_per_floor":["M","M","?","?","M","R","M","R","T","E","R","M","R","?","R","B",null,"M","T","M","?","M","R","E","R","T","R","$","?","R","$","R","B",null,"M","?","?","M","M","E","M","R","T","?","$","M","?","?","R","B",null],"character_chosen":"DEFECT","items_purchased":["OrangePellets","Cold Snap","Leap","Panacea","SpeedPotion","Kunai"],"campfire_rested":4,"item_purchase_floors":[28,31,31,31,45,45],"current_hp_per_floor":[68,66,71,71,70,70,54,54,54,39,39,35,35,35,59,20,65,58,58,53,37,8,32,26,50,50,50,50,50,50,50,50,49,72,69,69,69,65,64,62,44,44,44,44,44,36,36,36,60,46],"gold":28,"neow_bonus":"RANDOM_COMMON_RELIC","is_prod":false,"is_daily":false,"chose_seed":false,"campfire_upgraded":8,"win_rate":0,"timestamp":1565515554,"path_taken":["M","M","?","?","M","R","M","R","T","E","R","?","R","?","R","BOSS","M","?","M","?","M","R","E","R","T","R","?","?","R","$","R","BOSS","M","?","?","M","M","E","M","R","T","?","$","M","?","?","R","BOSS"],"build_version":"2019-07-17","purchased_purges":1,"victory":true,"max_hp_per_floor":[75,75,80,80,80,80,80,80,80,80,80,80,80,80,80,80,80,80,80,80,80,80,80,80,80,80,80,80,80,80,80,80,80,80,80,80,80,80,80,80,80,80,80,80,80,80,80,80,80,80],"card_choices":[{"not_picked":["Go for the Eyes","Reprogram"],"picked":"Rebound","floor":1},{"not_picked":["FTL","Aggregate"],"picked":"Capacitor","floor":2},{"not_picked":["Steam","Go for the Eyes"],"picked":"Melter","floor":5},{"not_picked":["Undo","Heatsinks"],"picked":"Sunder","floor":7},{"not_picked":["FTL","Skim"],"picked":"Machine Learning","floor":10},{"not_picked":["Sunder","Beam Cell"],"picked":"Consume","floor":12},{"not_picked":["Reboot","Multi-Cast"],"picked":"Machine Learning","floor":16},{"not_picked":["Sweeping Beam","Leap+1"],"picked":"Conserve Battery+1","floor":18},{"not_picked":["Steam Power+1","Defragment"],"picked":"Fusion","floor":20},{"not_picked":["Sweeping Beam+1","Rip and Tear"],"picked":"Chill","floor":22},{"not_picked":["Redo","Multi-Cast"],"picked":"Cold Snap+1","floor":24},{"not_picked":["Rainbow","Hyperbeam"],"picked":"Seek","floor":33},{"not_picked":["Gash","Darkness"],"picked":"Compile Driver","floor":35},{"not_picked":["Enlightenment","Swift Strike"],"picked":"Blind","floor":36},{"not_picked":["Recycle","Genetic Algorithm","Ball Lightning"],"picked":"SKIP","floor":38},{"not_picked":["Rebound+1","Gash+1"],"picked":"Skim","floor":39},{"not_picked":["Streamline","Barrage"],"picked":"Sunder+1","floor":40},{"not_picked":["Streamline","Skim"],"picked":"Hologram+1","floor":41},{"not_picked":["Blizzard","Doom and Gloom"],"picked":"Glacier+1","floor":46}],"player_experience":685347,"relics_obtained":[{"floor":9,"key":"Gremlin Horn"},{"floor":10,"key":"Bag of Preparation"},{"floor":19,"key":"Juzu Bracelet"},{"floor":21,"key":"Necronomicon"},{"floor":24,"key":"Ornamental Fan"},{"floor":26,"key":"Meat on the Bone"},{"floor":40,"key":"MawBank"},{"floor":43,"key":"Art of War"}],"event_choices":[{"damage_healed":0,"gold_gain":0,"player_choice":"Donut","damage_taken":0,"max_hp_gain":5,"max_hp_loss":0,"event_name":"Big Fish","floor":3,"gold_loss":0},{"cards_removed":["Strike_B"],"damage_healed":0,"gold_gain":0,"player_choice":"Purged","damage_taken":0,"max_hp_gain":0,"max_hp_loss":0,"event_name":"Purifier","floor":4,"gold_loss":0},{"damage_healed":0,"gold_gain":0,"player_choice":"2 cards matched","damage_taken":0,"max_hp_gain":0,"max_hp_loss":0,"event_name":"Match and Keep!","floor":14,"gold_loss":0,"cards_obtained":["Deep Breath","Zap"]},{"damage_healed":0,"gold_gain":0,"player_choice":"Obtained Book","damage_taken":16,"max_hp_gain":0,"max_hp_loss":0,"event_name":"Cursed Tome","floor":21,"gold_loss":0},{"damage_healed":0,"gold_gain":0,"player_choice":"Upgraded Two","damage_taken":0,"max_hp_gain":0,"max_hp_loss":0,"event_name":"Designer","floor":29,"gold_loss":40,"cards_upgraded":["Machine Learning","Strike_B"]},{"damage_healed":0,"gold_gain":0,"player_choice":"Memory 1","damage_taken":0,"max_hp_gain":0,"max_hp_loss":0,"event_name":"SensoryStone","floor":36,"gold_loss":0},{"damage_healed":0,"gold_gain":0,"player_choice":"Upgraded","damage_taken":0,"max_hp_gain":0,"max_hp_loss":0,"event_name":"Upgrade Shrine","floor":37,"gold_loss":0,"cards_upgraded":["Seek"]},{"damage_healed":0,"gold_gain":0,"player_choice":"Ignored","damage_taken":0,"max_hp_gain":0,"max_hp_loss":0,"event_name":"Tomb of Lord Red Mask","floor":44,"gold_loss":0},{"damage_healed":0,"gold_gain":0,"player_choice":"Ignored","damage_taken":0,"max_hp_gain":0,"max_hp_loss":0,"event_name":"SecretPortal","floor":47,"gold_loss":0},{"damage_healed":0,"gold_gain":0,"player_choice":"Ignored","damage_taken":0,"max_hp_gain":0,"max_hp_loss":0,"event_name":"Mysterious Sphere","floor":48,"gold_loss":0}],"is_beta":false,"boss_relics":[{"not_picked":["Coffee Dripper","Calling Bell"],"picked":"Astrolabe"},{"not_picked":["Runic Pyramid","Lizard Tail"],"picked":"Inserter"}],"items_purged_floors":[28],"is_endless":false,"potions_floor_spawned":[2,7,10,16,20,22,24,38,39,41],"ascension_level":10}