{"gold_per_floor":[113,133,133,148,164,164,174,201,201,213,213,213,213,230,230,328,328,347,358,32,51,51,51,82,112,147,159,191,203,225,255,267,376,388,419,450,478,490,502,548,560,607,670,682,706,718,740,160,160,160,160,160,6,33,33],"floor_reached":55,"playtime":4256,"items_purged":["Second Wind"],"score":808,"play_id":"cbcb8ddb-863d-4fce-b2fe-34a3e6073e62","local_time":"20181130185819","is_ascension_mode":false,"campfire_choices":[{"data":"Hemokinesis","floor":6.0,"key":"SMITH"},{"floor":11.0,"key":"REST"},{"data":"Heavy Blade","floor":13.0,"key":"SMITH"},{"data":"Warcry","floor":15.0,"key":"SMITH"},{"data":"Dark Embrace","floor":23.0,"key":"SMITH"},{"floor":27.0,"key":"REST"},{"data":"Heavy Blade","floor":32.0,"key":"SMITH"},{"floor":41.0,"key":"RECALL"},{"floor":44.0,"key":"REST"},{"floor":46.0,"key":"REST"},{"data":"Dark Embrace","floor":49.0,"key":"SMITH"},{"data":"Flame Barrier","floor":52.0,"key":"SMITH"}],"neow_cost":"PERCENT_DAMAGE","seed_source_timestamp":242766777080800,"circlet_count":0,"master_deck":["Strike_R","Strike_R","Strike_R","Defend_R","Defend_R","Defend_R","Bash","Intimidate","Hemokinesis+1","Iron Wave","Spot Weakness","Heavy Blade+1","Strike_B","Warcry+1","Dark Embrace+1","Shockwave+1","Ghostly Armor","Shrug It Off","Impervious","Power Through","Disarm","Feel No Pain","Shrug It Off","Heavy Blade+1","Dark Embrace+1","Infernal Blade+1","Feel No Pain+1","Inflame+1","Infernal Blade","Dual Wield+1","Ghostly Armor+1","Sever Soul+1","Spot Weakness+1","Violence","Flame Barrier+1","Spot Weakness","Evolve+1"],"special_seed":0,"relics":["Burning Blood","Incense Burner","Happy Flower","Velvet Choker","Shuriken","MawBank","White Beast Statue","Bottled Lightning","Letter Opener","Pen Nib","Kunai","Red Skull","Singing Bowl"],"potions_floor_usage":[55],"damage_taken":[{"damage":2.0,"enemies":"Small Slimes","floor":1.0,"turns":3.0},{"damage":4.0,"enemies":"Cultist","floor":2.0,"turns":4.0},{"damage":3.0,"enemies":"Jaw Worm","floor":4.0,"turns":3.0},{"damage":20.0,"enemies":"Gremlin Gang","floor":5.0,"turns":4.0},{"damage":7.0,"enemies":"3 Louse","floor":7.0,"turns":4.0},{"damage":35.0,"enemies":"3 Sentries","floor":8.0,"turns":8.0},{"damage":6.0,"enemies":"Blue Slaver","floor":10.0,"turns":5.0},{"damage":0.0,"enemies":"Red Slaver","floor":14.0,"turns":3.0},{"damage":35.0,"enemies":"Hexaghost","floor":16.0,"turns":7.0},{"damage":3.0,"enemies":"Shell Parasite","floor":18.0,"turns":2.0},{"damage":2.0,"enemies":"Chosen","floor":19.0,"turns":3.0},{"damage":24.0,"enemies":"Shelled Parasite and Fungi","floor":21.0,"turns":5.0},{"damage":19.0,"enemies":"Book of Stabbing","floor":24.0,"turns":5.0},{"damage":10.0,"enemies":"3 Cultists","floor":25.0,"turns":6.0},{"damage":8.0,"enemies":"Centurion and Healer","floor":28.0,"turns":7.0},{"damage":9.0,"enemies":"Shelled Parasite and Fungi","floor":30.0,"turns":7.0},{"damage":4.0,"enemies":"3 Cultists","floor":31.0,"turns":7.0},{"damage":27.0,"enemies":"Champ","floor":33.0,"turns":10.0},{"damage":7.0,"enemies":"3 Shapes","floor":35.0,"turns":6.0},{"damage":8.0,"enemies":"3 Darklings","floor":36.0,"turns":5.0},{"damage":14.0,"enemies":"Writhing Mass","floor":37.0,"turns":7.0},{"damage":14.0,"enemies":"Nemesis","floor":40.0,"turns":7.0},{"damage":54.0,"enemies":"Giant Head","floor":42.0,"turns":9.0},{"damage":13.0,"enemies":"Spire Growth","floor":45.0,"turns":7.0},{"damage":2.0,"enemies":"4 Shapes","floor":47.0,"turns":2.0},{"damage":72.0,"enemies":"Donu and Deca","floor":50.0,"turns":10.0},{"damage":71.0,"enemies":"Shield and Spear","floor":54.0,"turns":9.0},{"damage":45,"enemies":"The Heart","floor":55,"turns":2}],"seed_played":"-3993413718143248562","potions_obtained":[{"floor":1.0,"key":"SpeedPotion"},{"floor":7.0,"key":"Strength Potion"},{"floor":16.0,"key":"SteroidPotion"},{"floor":18.0,"key":"PowerPotion"},{"floor":21.0,"key":"Weak Potion"},{"floor":28.0,"key":"SteroidPotion"},{"floor":30.0,"key":"Strength Potion"},{"floor":35.0,"key":"AttackPotion"},{"floor":36.0,"key":"GamblersBrew"},{"floor":40.0,"key":"Weak Potion"},{"floor":42.0,"key":"Explosive Potion"},{"floor":45.0,"key":"Regen Potion"},{"floor":47.0,"key":"Regen Potion"},{"floor":54.0,"key":"Dexterity Potion"}],"is_trial":false,"path_per_floor":["M","M","?","M","M","R","M","E","T","M","R","?","R","M","R","B",null,"M","M","$","M","?","R","E","M","T","R","M","?","M","M","R","B",null,"M","M","M","?","?","E","R","E","T","R","M","R","M","$","R","B",null,"R","$","E","B"],"character_chosen":"IRONCLAD","items_purchased":["Shuriken","Kunai","Violence","Flame Barrier","GamblersBrew","Spot Weakness","Red Skull"],"campfire_rested":4,"item_purchase_floors":[20,48,48,48,48,48,53],"current_hp_per_floor":[60,62,62,65,51,51,50,21,21,21,45,45,45,51,51,22,80,80,80,80,62,62,62,49,45,45,69,67,59,56,58,58,37,80,79,77,69,69,69,61,61,13,13,37,30,54,63,63,63,12,80,80,80,15,0],"gold":33,"neow_bonus":"REMOVE_TWO","is_prod":false,"is_daily":false,"chose_seed":false,"campfire_upgraded":7,"win_rate":0,"timestamp":1543571899,"path_taken":["M","M","?","?","M","R","M","E","T","M","R","?","R","M","R","BOSS","M","?","$","M","?","R","E","M","T","R","M","?","?","?","R","BOSS","M","M","M","?","?","E","R","E","T","R","M","R","M","$","R","BOSS","R","$","E","BOSS"],"build_version":"2018-11-15","purchased_purges":1,"victory":false,"max_hp_per_floor":[80,80,80,80,80,80,80,80,80,80,80,80,80,80,80,80,80,80,80,80,80,80,80,80,80,80,80,80,80,80,80,80,80,80,80,80,80,80,80,80,80,80,80,80,80,80,80,80,80,80,80,80,80,80,80],"card_choices":[{"not_picked":["Twin Strike","Cleave"],"picked":"Intimidate","floor":1.0},{"not_picked":["Headbutt","True Grit"],"picked":"Hemokinesis","floor":2.0},{"not_picked":["Havoc","Clash","Heavy Blade"],"picked":"SKIP","floor":4.0},{"not_picked":["Sword Boomerang","Barricade"],"picked":"Iron Wave","floor":5.0},{"not_picked":["Bloodletting","True Grit"],"picked":"Spot Weakness","floor":7.0},{"not_picked":["Anger","Infernal Blade"],"picked":"Heavy Blade","floor":8.0},{"not_picked":["Sever Soul","Headbutt"],"picked":"Second Wind","floor":10.0},{"not_picked":["Metallicize","Second Wind"],"picked":"Warcry","floor":14.0},{"not_picked":["Barricade","Demon Form"],"picked":"Dark Embrace","floor":16.0},{"not_picked":["Sword Boomerang","Heavy Blade"],"picked":"Shockwave+1","floor":18.0},{"not_picked":["Warcry","True Grit"],"picked":"Ghostly Armor","floor":19.0},{"not_picked":["Headbutt","Perfected Strike"],"picked":"Shrug It Off","floor":21.0},{"not_picked":["Flex","Feed"],"picked":"Power Through","floor":24.0},{"not_picked":["Thunderclap","True Grit"],"picked":"Disarm","floor":25.0},{"not_picked":["Burning Pact","Body Slam+1"],"picked":"Feel No Pain","floor":28.0},{"not_picked":["Pummel","Searing Blow"],"picked":"Shrug It Off","floor":30.0},{"not_picked":["Flex","Armaments+1"],"picked":"Heavy Blade","floor":31.0},{"not_picked":["Juggernaut","Double Tap"],"picked":"Dark Embrace","floor":33.0},{"not_picked":["Wild Strike","Thunderclap+1"],"picked":"Infernal Blade+1","floor":35.0},{"not_picked":["Cleave","Flex"],"picked":"Feel No Pain+1","floor":36.0},{"not_picked":["Pommel Strike","Uppercut"],"picked":"Inflame+1","floor":37.0},{"not_picked":["Clash","Thunderclap+1"],"picked":"Dual Wield+1","floor":40.0},{"not_picked":["Feed","Headbutt"],"picked":"Ghostly Armor+1","floor":42.0},{"not_picked":["Sword Boomerang+1","Pommel Strike+1"],"picked":"Sever Soul+1","floor":45.0},{"not_picked":["Clash+1","Anger"],"picked":"Spot Weakness+1","floor":47.0},{"not_picked":["Thunderclap","Bludgeon"],"picked":"Evolve+1","floor":54.0}],"player_experience":550565,"relics_obtained":[{"floor":8.0,"key":"Incense Burner"},{"floor":9.0,"key":"Happy Flower"},{"floor":24.0,"key":"MawBank"},{"floor":40.0,"key":"Bottled Lightning"},{"floor":42.0,"key":"Letter Opener"},{"floor":43.0,"key":"Pen Nib"},{"floor":54.0,"key":"Singing Bowl"}],"event_choices":[{"damage_healed":0.0,"max_hp_gain":0.0,"max_hp_loss":0.0,"gold_gain":0.0,"cards_transformed":["Strike_R"],"event_name":"Transmorgrifier","player_choice":"Transformed","floor":3.0,"gold_loss":0.0,"damage_taken":0.0,"cards_obtained":["Berserk"]},{"cards_removed":["Berserk"],"damage_healed":0.0,"max_hp_gain":0.0,"max_hp_loss":0.0,"gold_gain":0.0,"event_name":"NoteForYourself","player_choice":"Took Card","floor":12.0,"gold_loss":0.0,"damage_taken":0.0,"cards_obtained":["Strike_B"]},{"damage_healed":0.0,"max_hp_gain":0.0,"max_hp_loss":0.0,"gold_gain":0.0,"event_name":"The Library","player_choice":"Read","floor":22.0,"gold_loss":0.0,"damage_taken":0.0,"cards_obtained":["Impervious"]},{"damage_healed":0.0,"max_hp_gain":0.0,"max_hp_loss":0.0,"gold_gain":0.0,"event_name":"Wheel of Change","player_choice":"Damaged","floor":29.0,"gold_loss":0.0,"damage_taken":8.0},{"damage_healed":0.0,"max_hp_gain":0.0,"max_hp_loss":0.0,"gold_gain":0.0,"event_name":"Tomb of Lord Red Mask","player_choice":"Ignored","floor":38.0,"gold_loss":0.0,"damage_taken":0.0},{"damage_healed":0.0,"max_hp_gain":0.0,"max_hp_loss":0.0,"gold_gain":0.0,"event_name":"Match and Keep!","player_choice":"1 cards matched","floor":39.0,"gold_loss":0.0,"damage_taken":0.0,"cards_obtained":["Infernal Blade"]}],"is_beta":false,"boss_relics":[{"not_picked":["Pandora\u0027s Box","Runic Pyramid"],"picked":"Velvet Choker"},{"not_picked":["Black Star","Runic Dome"],"picked":"White Beast Statue"}],"items_purged_floors":[20],"is_endless":false,"potions_floor_spawned":[1,7,16,18,21,28,30,35,36,37,40,42,45,47,54],"killed_by":"The Heart","ascension_level":0}