{"path_per_floor":["M","M","?","?","M","E","T","R","T","M","M","$","M","M","R","B",null,"M","?","$","M","?","E","R","$","T","M","M","M","M","M","R","B",null,"M","$","?","?","M","E","R","E","T","M","M","$","M","?","R","B"],"character_chosen":"THE_SILENT","items_purchased":["Kunai","Shuriken","Infinite Blades","Ninja Scroll","War Paint","Paper Crane","Well Laid Plans","Toxic Egg 2","Ancient Tea Set","Prepared","Expertise","Endless Agony","Weak Potion"],"gold_per_floor":[144,189,364,364,409,499,499,499,524,569,614,24,69,114,114,414,414,459,459,9,54,54,144,144,94,94,139,184,229,274,319,319,619,619,664,75,75,75,120,210,210,300,325,370,415,20,65,155,155,155],"floor_reached":51,"campfire_rested":6,"playtime":4540,"current_hp_per_floor":[65,63,63,63,63,34,34,55,55,46,46,46,42,42,63,45,70,70,54,54,54,54,37,58,58,58,53,50,50,50,37,58,43,70,57,57,57,57,54,50,70,64,64,57,49,49,46,46,67,38],"items_purged":["Strike_G","Strike_G","Strike_G","Strike_G"],"gold":155,"score":758,"play_id":"a08b8d55-558a-4f01-9913-14bb0eb0472e","local_time":"20180426103905","daily_mods":["Diverse","Midas","Binary"],"is_prod":false,"is_daily":true,"chose_seed":false,"is_ascension_mode":false,"campfire_upgraded":0,"timestamp":1524706745,"path_taken":["M","M","?","?","M","E","?","R","T","M","M","$","M","M","R","BOSS","M","?","$","M","?","E","R","?","T","?","M","M","M","M","R","BOSS","M","$","?","?","M","E","R","E","T","M","?","$","M","?","R","BOSS"],"build_version":"2018-04-19","seed_source_timestamp":0,"purchased_purges":5,"victory":true,"master_deck":["Defend_G+1","Defend_G+1","Defend_G+1","Defend_G+1","Defend_G+1","Strike_G+1","Survivor","Neutralize","Rampage","Malaise+1","Prepared+1","Bullet Time","Whirlwind","Dagger Throw","Infinite Blades","PiercingWail","Limit Break","Pommel Strike","Acrobatics","Malaise","Impervious","Carnage","PiercingWail+1","Clothesline+1","Bloodletting","Impervious","Uppercut+1","Bullet Time+1","Flex+1","Backflip+1","Eviscerate+1","Expertise+1","Dual Wield+1","Inflame","Prepared+1","Expertise+1","Endless Agony","Body Slam+1","Fire Breathing+1"],"max_hp_per_floor":[70,70,70,70,70,70,70,70,70,70,70,70,70,70,70,70,70,70,70,70,70,70,70,70,70,70,70,70,70,70,70,70,70,70,70,70,70,70,70,70,70,70,70,70,70,70,70,70,70,70],"relics":["Ring of the Snake","Smiling Mask","Tingsha","Lantern","Kunai","Shuriken","White Beast Statue","Enchiridion","Ninja Scroll","War Paint","Omamori","Happy Flower","Philosopher\u0027s Stone","Paper Crane","Toxic Egg 2","Prayer Wheel","Pen Nib","Bag of Preparation","Ancient Tea Set","Shovel"],"card_choices":[{"not_picked":["Perfected Strike"],"picked":"Rampage","floor":1},{"not_picked":["Concentrate"],"picked":"Malaise","floor":2},{"not_picked":["Clothesline"],"picked":"Prepared","floor":5},{"not_picked":["Eviscerate"],"picked":"Bullet Time","floor":6},{"not_picked":["Corruption"],"picked":"Whirlwind","floor":10},{"not_picked":["Distraction"],"picked":"Dagger Throw","floor":11},{"not_picked":["Malaise"],"picked":"PiercingWail","floor":13},{"not_picked":["Juggernaut"],"picked":"Limit Break","floor":16},{"not_picked":["Heavy Blade"],"picked":"Pommel Strike","floor":18},{"not_picked":["Flex"],"picked":"Acrobatics","floor":21},{"not_picked":["Deflect"],"picked":"Malaise","floor":23},{"not_picked":["Sword Boomerang"],"picked":"Impervious","floor":27},{"not_picked":["Headbutt"],"picked":"Carnage","floor":28},{"not_picked":["Riddle With Holes"],"picked":"PiercingWail","floor":29},{"not_picked":["Sucker Punch"],"picked":"Clothesline","floor":30},{"not_picked":["Burning Pact"],"picked":"Bloodletting","floor":31},{"not_picked":["Grand Finale"],"picked":"Impervious","floor":33},{"not_picked":["Poisoned Stab"],"picked":"Uppercut","floor":35},{"not_picked":["Bouncing Flask"],"picked":"Flex","floor":39},{"not_picked":["Armaments"],"picked":"Backflip","floor":40},{"not_picked":["Wild Strike"],"picked":"Eviscerate","floor":42},{"not_picked":["Predator"],"picked":"Expertise","floor":43},{"not_picked":["Whirlwind"],"picked":"Dual Wield","floor":44},{"not_picked":["Deflect"],"picked":"Inflame","floor":45},{"not_picked":["Outmaneuver"],"picked":"Body Slam","floor":47},{"not_picked":["Masterful Stab"],"picked":"Fire Breathing","floor":48}],"player_experience":462922,"potions_floor_usage":[6,16,23,27,28,28,30,31,33,33,40,42,45,47,50,50,50],"damage_taken":[{"damage":5,"enemies":"Jaw Worm","floor":1,"turns":6},{"damage":2,"enemies":"Small Slimes","floor":2,"turns":4},{"damage":0,"enemies":"2 Louse","floor":5,"turns":3},{"damage":29,"enemies":"Gremlin Nob","floor":6,"turns":6},{"damage":9,"enemies":"Blue Slaver","floor":10,"turns":5},{"damage":0,"enemies":"3 Louse","floor":11,"turns":1},{"damage":4,"enemies":"Looter","floor":13,"turns":3},{"damage":0,"enemies":"2 Fungi Beasts","floor":14,"turns":3},{"damage":18,"enemies":"The Guardian","floor":16,"turns":10},{"damage":0,"enemies":"3 Byrds","floor":18,"turns":5},{"damage":0,"enemies":"Chosen","floor":21,"turns":4},{"damage":17,"enemies":"Gremlin Leader","floor":23,"turns":6},{"damage":5,"enemies":"Sentry and Sphere","floor":27,"turns":6},{"damage":3,"enemies":"Slaver and Parasite","floor":28,"turns":8},{"damage":0,"enemies":"Snake Plant","floor":29,"turns":4},{"damage":0,"enemies":"Centurion and Healer","floor":30,"turns":4},{"damage":13,"enemies":"Sentry and Sphere","floor":31,"turns":4},{"damage":15,"enemies":"Automaton","floor":33,"turns":11},{"damage":13,"enemies":"3 Shapes","floor":35,"turns":2},{"damage":3,"enemies":"3 Darklings","floor":39,"turns":4},{"damage":4,"enemies":"Nemesis","floor":40,"turns":9},{"damage":6,"enemies":"2 Orb Walkers","floor":42,"turns":6},{"damage":7,"enemies":"4 Shapes","floor":44,"turns":4},{"damage":23,"enemies":"Maw","floor":45,"turns":6},{"damage":3,"enemies":"3 Darklings","floor":47,"turns":3},{"damage":0,"enemies":"ê_îÈÇÃãÖëÃ","floor":48,"turns":2},{"damage":29,"enemies":"Donu and Deca","floor":50,"turns":9}],"event_choices":[{"event_name":"Liars Game","player_choice":"agreed","floor":3,"damage_taken":0},{"event_name":"Living Wall","player_choice":"Forget","floor":4,"damage_taken":0},{"event_name":"Cursed Tome","player_choice":"Obtained Book","floor":19,"damage_taken":0},{"event_name":"Back to Basics","player_choice":"Simplicity","floor":22,"damage_taken":0},{"event_name":"Duplicator","player_choice":"One dupe","floor":38,"damage_taken":0},{"event_name":"Mysterious Sphere","player_choice":"Fight","floor":48,"damage_taken":0}],"boss_relics":[{"not_picked":["Sozu","Snecko Eye"],"picked":"White Beast Statue"},{"not_picked":["Orrery","Runic Dome"],"picked":"Philosopher\u0027s Stone"}],"potions_floor_spawned":[5,6,10,11,18,21,23,27,28,29,30,31,33,35,39,40,42,44,45,47,48],"seed_played":"-4689612834515747258","ascension_level":0,"is_trial":false}