{"gold_per_floor":[113,38,38,38,38,63,35,35,35,35,61,75,75,91,91,91],"floor_reached":16,"playtime":335,"items_purged":[],"score":304,"play_id":"9d51d50b-26c0-43ee-b980-52194674c4dc","local_time":"20190823191534","is_ascension_mode":true,"campfire_choices":[{"data":"Zap","floor":8,"key":"SMITH"},{"data":"Chill","floor":13,"key":"SMITH"},{"floor":15,"key":"REST"}],"neow_cost":"NONE","seed_source_timestamp":219048651075600,"circlet_count":0,"master_deck":["AscendersBane","Strike_B","Strike_B","Defend_B","Defend_B","Defend_B","Defend_B+1","Zap+1","Dualcast+1","Melter","Chill+1","Leap","Coolheaded+1","Genetic Algorithm+1","Leap+1"],"relics":["Cracked Core","NeowsBlessing","Anchor","Toxic Egg 2","Du-Vu Doll"],"potions_floor_usage":[16],"damage_taken":[{"damage":0,"enemies":"Cultist","floor":1,"turns":1},{"damage":0,"enemies":"Gremlin Nob","floor":6,"turns":1},{"damage":0,"enemies":"3 Sentries","floor":11,"turns":1},{"damage":0,"enemies":"Small Slimes","floor":12,"turns":2},{"damage":0,"enemies":"Jaw Worm","floor":14,"turns":3},{"damage":54,"enemies":"Slime Boss","floor":16,"turns":10}],"seed_played":"-4127579249682812135","potions_obtained":[{"floor":12,"key":"Strength Potion"}],"is_trial":false,"path_per_floor":["M","?","$","?","$","E","$","R","T","?","E","M","R","M","R","B"],"character_chosen":"DEFECT","items_purchased":["Leap"],"campfire_rested":1,"item_purchase_floors":[7],"current_hp_per_floor":[64,64,64,57,57,57,57,57,57,36,36,36,36,36,57,3],"gold":91,"neow_bonus":"THREE_ENEMY_KILL","is_prod":false,"is_daily":false,"chose_seed":false,"campfire_upgraded":2,"win_rate":0,"timestamp":1566555334,"path_taken":["M","?","$","?","$","E","$","R","T","?","E","M","R","M","R","BOSS"],"build_version":"2019-07-17","purchased_purges":0,"victory":false,"max_hp_per_floor":[71,71,71,71,71,71,71,71,71,71,71,71,71,71,71,71],"card_choices":[{"not_picked":["Stack","Go for the Eyes"],"picked":"Melter","floor":1},{"not_picked":["Conserve Battery","Recycle"],"picked":"Chill","floor":6},{"not_picked":["Tempest+1","Compile Driver"],"picked":"Coolheaded+1","floor":11},{"not_picked":["Sweeping Beam","Beam Cell"],"picked":"Genetic Algorithm+1","floor":12},{"not_picked":["Gash","Beam Cell"],"picked":"Leap+1","floor":14}],"player_experience":772874,"relics_obtained":[{"floor":6,"key":"Anchor"},{"floor":9,"key":"Toxic Egg 2"},{"floor":11,"key":"Du-Vu Doll"}],"event_choices":[{"cards_removed":["Strike_B"],"damage_healed":0,"gold_gain":0,"player_choice":"Card Removal","damage_taken":0,"max_hp_gain":0,"max_hp_loss":0,"event_name":"The Cleric","floor":2,"gold_loss":75},{"cards_removed":["Strike_B"],"damage_healed":0,"gold_gain":0,"player_choice":"Card Removal","damage_taken":7,"max_hp_gain":0,"max_hp_loss":0,"event_name":"Golden Wing","floor":4,"gold_loss":0},{"damage_healed":0,"gold_gain":0,"player_choice":"Entered Light","damage_taken":21,"max_hp_gain":0,"max_hp_loss":0,"event_name":"Shining Light","floor":10,"gold_loss":0,"cards_upgraded":["Dualcast","Defend_B"]}],"is_beta":false,"boss_relics":[],"items_purged_floors":[],"is_endless":false,"potions_floor_spawned":[12],"killed_by":"Slime Boss","ascension_level":19}