{"path_per_floor":["M","?","?","$","?","E","M","R","T","M","M","?","R","$","R","B",null,"M","M","?","?","M","R","M","R","T","$","M","R","M","M","R"],"character_chosen":"IRONCLAD","items_purchased":["Explosive Potion","Uppercut","Shrug It Off"],"gold_per_floor":[114,114,114,29,29,57,75,75,75,85,102,52,52,34,34,136,136,148,166,116,116,130,130,142,142,142,82,102,102,112,131,131,131],"floor_reached":33,"campfire_rested":3,"playtime":1247,"current_hp_per_floor":[80,80,64,64,57,63,69,69,69,62,68,68,68,68,68,60,80,78,79,79,79,68,68,28,52,52,52,34,58,43,43,67,0],"items_purged":["Strike_R"],"gold":131,"score":272,"play_id":"2f65d148-19e4-42a7-9085-f1e4c05e0e9c","local_time":"20180416075750","is_prod":false,"is_daily":false,"chose_seed":false,"is_ascension_mode":false,"campfire_upgraded":4,"timestamp":1523833070,"path_taken":["M","?","?","$","?","E","M","R","T","M","?","?","R","?","R","BOSS","M","M","?","?","?","R","M","R","T","$","M","R","M","?","R","BOSS"],"build_version":"2018-04-12","seed_source_timestamp":336492529222132,"purchased_purges":1,"victory":false,"master_deck":["Strike_R+1","Strike_R+1","Defend_R+1","Defend_R+1","Defend_R+1","Defend_R+1","Bash","Sword Boomerang+1","Uppercut+1","Double Tap","Headbutt+1","Bloodletting","Shrug It Off+1","Immolate","Whirlwind+1","Clothesline+1","Carnage","Armaments","Warcry+1"],"max_hp_per_floor":[80,80,80,80,80,80,80,80,80,80,80,80,80,80,80,80,80,80,80,80,80,80,80,80,80,80,80,80,80,80,80,80,80],"relics":["Burning Blood","NeowsBlessing","The Courier","Bird Faced Urn","White Beast Statue","Blue Candle"],"card_choices":[{"not_picked":["Reckless Charge","Bloodletting"],"picked":"Sword Boomerang","floor":1},{"not_picked":["Shrug It Off","Second Wind"],"picked":"Double Tap","floor":6},{"not_picked":["Metallicize","Havoc"],"picked":"Headbutt","floor":10},{"not_picked":["Perfected Strike","Intimidate"],"picked":"Bloodletting","floor":11},{"not_picked":["Juggernaut","Offering"],"picked":"Immolate","floor":16},{"not_picked":["Havoc","Power Through"],"picked":"Whirlwind","floor":18},{"not_picked":["True Grit","Iron Wave"],"picked":"Clothesline","floor":19},{"not_picked":["Thunderclap","Perfected Strike"],"picked":"Carnage","floor":24},{"not_picked":["Heavy Blade","Wild Strike"],"picked":"Armaments","floor":30},{"not_picked":["Anger","Clothesline"],"picked":"Warcry","floor":31}],"player_experience":429745,"potions_floor_usage":[16,18,22,24,24,30,30,31,33,33],"damage_taken":[{"damage":0,"enemies":"Cultist","floor":1,"turns":1},{"damage":0,"enemies":"Lagavulin","floor":6,"turns":1},{"damage":0,"enemies":"Jaw Worm","floor":7,"turns":1},{"damage":13,"enemies":"2 Louse","floor":10,"turns":3},{"damage":0,"enemies":"Large Slime","floor":11,"turns":3},{"damage":14,"enemies":"Hexaghost","floor":16,"turns":6},{"damage":8,"enemies":"Spheric Guardian","floor":18,"turns":3},{"damage":5,"enemies":"Shell Parasite","floor":19,"turns":5},{"damage":17,"enemies":"Centurion and Healer","floor":22,"turns":3},{"damage":46,"enemies":"Sentry and Sphere","floor":24,"turns":12},{"damage":24,"enemies":"3 Cultists","floor":28,"turns":5},{"damage":21,"enemies":"Cultist and Chosen","floor":30,"turns":6},{"damage":6,"enemies":"Centurion and Healer","floor":31,"turns":8},{"damage":88,"enemies":"Automaton","floor":33,"turns":8}],"event_choices":[{"event_name":"Living Wall","player_choice":"Grow","floor":2,"damage_taken":0},{"event_name":"Shining Light","player_choice":"Entered Light","floor":3,"damage_taken":0},{"event_name":"Golden Wing","player_choice":"Card Removal","floor":5,"damage_taken":0},{"event_name":"The Cleric","player_choice":"Card Removal","floor":12,"damage_taken":0},{"event_name":"The Joust","player_choice":"Bet on Murderer","floor":20,"damage_taken":0},{"event_name":"Back to Basics","player_choice":"Simplicity","floor":21,"damage_taken":0}],"boss_relics":[{"not_picked":["Sozu","Runic Pyramid"],"picked":"White Beast Statue"}],"potions_floor_spawned":[6,16,18,19,22,24,28,30,31],"seed_played":"3375068087620907780","killed_by":"Automaton","ascension_level":0,"is_trial":false}