{"gold_per_floor":[163,163,173,186,200,200,210,210,210,245,245,278,1,13,13,111,111,125,158,173,173,14,14,31,31,31,46,46,10,10,28,28,28],"floor_reached":33,"playtime":2479,"items_purged":[],"score":282,"play_id":"856d9167-295f-4da9-aa73-7a0ce4317400","local_time":"20190810194834","is_ascension_mode":false,"campfire_choices":[{"data":"Infernal Blade","floor":6,"key":"SMITH"},{"floor":8,"key":"REST"},{"floor":11,"key":"REST"},{"floor":15,"key":"REST"},{"floor":23,"key":"REST"},{"data":"Enlightenment","floor":25,"key":"SMITH"},{"floor":32,"key":"REST"}],"neow_cost":"NONE","seed_source_timestamp":542410628733800,"circlet_count":0,"master_deck":["Defend_R","Defend_R","Defend_R","Defend_R","Bash","Clothesline","Heavy Blade","Pain","Infernal Blade+1","Clash","Metallicize","Body Slam","Heavy Blade","Dropkick","Double Tap","Clothesline","Anger","Demon Form","Rampage","Cleave+1","Iron Wave+1","Corruption","Enlightenment+1","Carnage","Juggernaut","Bite","Bite","Bite","Bite","Bite","Carnage","Necronomicurse","Metallicize+1"],"relics":["Tiny House","WarpedTongs","Mummified Hand","Happy Flower","WingedGreaves","Anchor","Eternal Feather","Red Mask","GremlinMask","Letter Opener","Necronomicon"],"potions_floor_usage":[7,7,10,18,19,19,20,27,31],"damage_taken":[{"damage":5,"enemies":"Small Slimes","floor":1,"turns":3},{"damage":3,"enemies":"Cultist","floor":3,"turns":3},{"damage":13,"enemies":"2 Louse","floor":4,"turns":3},{"damage":9,"enemies":"Looter","floor":5,"turns":3},{"damage":24,"enemies":"Gremlin Gang","floor":7,"turns":5},{"damage":10,"enemies":"3 Sentries","floor":10,"turns":7},{"damage":21,"enemies":"Gremlin Nob","floor":12,"turns":4},{"damage":8,"enemies":"Blue Slaver","floor":14,"turns":3},{"damage":25,"enemies":"Slime Boss","floor":16,"turns":10},{"damage":15,"enemies":"Spheric Guardian","floor":18,"turns":4},{"damage":55,"enemies":"Masked Bandits","floor":19,"turns":6},{"damage":0,"enemies":"Shell Parasite","floor":20,"turns":4},{"damage":20,"enemies":"Snake Plant","floor":24,"turns":3},{"damage":32,"enemies":"Cultist and Chosen","floor":27,"turns":7},{"damage":33,"enemies":"Chosen and Byrds","floor":31,"turns":5},{"damage":73,"enemies":"Automaton","floor":33,"turns":6}],"seed_played":"-5207125275604132356","potions_obtained":[{"floor":0,"key":"GamblersBrew"},{"floor":1,"key":"SteroidPotion"},{"floor":5,"key":"EssenceOfSteel"},{"floor":12,"key":"Swift Potion"},{"floor":14,"key":"Regen Potion"},{"floor":16,"key":"Ancient Potion"},{"floor":18,"key":"Strength Potion"},{"floor":24,"key":"BloodPotion"},{"floor":27,"key":"BloodPotion"}],"is_trial":false,"path_per_floor":["M","?","M","M","M","R","M","R","T","E","R","E","$","M","R","B",null,"M","?","M","?","$","R","M","R","T","M","?","$","?","M","R","B"],"character_chosen":"IRONCLAD","items_purchased":["Double Tap","Anchor","Clothesline","Corruption","Enlightenment","Carnage"],"campfire_rested":5,"item_purchase_floors":[13,13,13,22,22,29],"current_hp_per_floor":[80,80,77,64,55,55,31,56,56,46,71,50,50,42,67,42,85,70,15,20,20,20,60,40,55,55,44,44,44,28,14,49,0],"gold":28,"neow_bonus":"BOSS_RELIC","is_prod":false,"is_daily":false,"chose_seed":false,"campfire_upgraded":2,"win_rate":0.0,"timestamp":1565459314,"path_taken":["M","?","M","M","M","R","M","R","T","E","R","E","$","?","R","BOSS","M","?","M","?","$","R","M","R","T","?","?","?","?","M","R","BOSS"],"build_version":"2019-07-17","purchased_purges":0,"victory":false,"max_hp_per_floor":[85,85,85,85,85,85,85,85,85,85,85,85,85,85,85,85,85,85,85,85,85,85,85,85,85,85,85,59,59,59,59,59,59],"card_choices":[{"not_picked":["Burning Pact","Perfected Strike"],"picked":"Clothesline","floor":0},{"not_picked":["Thunderclap","Warcry"],"picked":"Heavy Blade","floor":1},{"not_picked":["Bloodletting","Offering"],"picked":"Infernal Blade","floor":3},{"not_picked":["Sword Boomerang","Thunderclap"],"picked":"Clash","floor":4},{"not_picked":["Sword Boomerang","Brutality"],"picked":"Metallicize","floor":5},{"not_picked":["Twin Strike","Warcry"],"picked":"Body Slam","floor":7},{"not_picked":["Sword Boomerang","Brutality"],"picked":"Heavy Blade","floor":10},{"not_picked":["Pummel","Iron Wave"],"picked":"Dropkick","floor":12},{"not_picked":["Sword Boomerang","Cleave"],"picked":"Anger","floor":14},{"not_picked":["Juggernaut","Dark Embrace"],"picked":"Demon Form","floor":16},{"not_picked":["Anger","Metallicize"],"picked":"Rampage","floor":18},{"not_picked":["Sword Boomerang+1","Hemokinesis+1"],"picked":"Cleave+1","floor":19},{"not_picked":["Bloodletting+1","Headbutt"],"picked":"Iron Wave+1","floor":20},{"not_picked":["Thunderclap","Cleave"],"picked":"Carnage","floor":24},{"not_picked":["Disarm","Battle Trance+1"],"picked":"Juggernaut","floor":27},{"not_picked":["Perfected Strike","Pommel Strike"],"picked":"Metallicize+1","floor":31}],"player_experience":16677,"relics_obtained":[{"floor":9,"key":"Mummified Hand"},{"floor":10,"key":"Happy Flower"},{"floor":12,"key":"WingedGreaves"},{"floor":19,"key":"Red Mask"},{"floor":26,"key":"Letter Opener"},{"floor":30,"key":"Necronomicon"}],"event_choices":[{"damage_healed":0,"gold_gain":0,"player_choice":"Rummage","damage_taken":0,"relics_obtained":["WarpedTongs"],"max_hp_gain":0,"max_hp_loss":0,"event_name":"Accursed Blacksmith","floor":2,"gold_loss":0,"cards_obtained":["Pain"]},{"damage_healed":0,"gold_gain":0,"player_choice":"Fought Bandits","damage_taken":0,"max_hp_gain":0,"max_hp_loss":0,"event_name":"Masked Bandits","floor":19,"gold_loss":0},{"damage_healed":0,"gold_gain":0,"player_choice":"Trade","damage_taken":0,"relics_obtained":["GremlinMask"],"max_hp_gain":0,"max_hp_loss":0,"event_name":"FaceTrader","floor":21,"gold_loss":0},{"damage_healed":0,"gold_gain":0,"player_choice":"Became a vampire","damage_taken":0,"max_hp_gain":0,"max_hp_loss":26,"event_name":"Vampires","floor":28,"gold_loss":0,"cards_obtained":["Bite","Bite","Bite","Bite","Bite"]},{"damage_healed":0,"gold_gain":0,"player_choice":"Obtained Book","damage_taken":16,"max_hp_gain":0,"max_hp_loss":0,"event_name":"Cursed Tome","floor":30,"gold_loss":0}],"is_beta":false,"boss_relics":[{"not_picked":["Black Star","Empty Cage"],"picked":"Eternal Feather"}],"items_purged_floors":[],"is_endless":false,"potions_floor_spawned":[1,5,12,14,16,18,24,27],"killed_by":"Automaton","ascension_level":0}