{"gold_per_floor":[212,225,14,26,38,38,93,119,142,142,174,174,206,222,222,295,295,308,308,17,17,28,28,28,28,75,87,99],"floor_reached":28,"playtime":1138,"items_purged":[],"score":511,"play_id":"57938b8e-de66-452d-8964-562720c2153d","local_time":"20190823184401","is_ascension_mode":true,"campfire_choices":[{"data":"Zap","floor":6,"key":"SMITH"},{"floor":10,"key":"REST"},{"data":"Redo","floor":12,"key":"SMITH"},{"data":"Defragment","floor":15,"key":"SMITH"},{"floor":23,"key":"REST"},{"data":"Defragment","floor":25,"key":"SMITH"}],"neow_cost":"NONE","seed_source_timestamp":216352044818200,"circlet_count":0,"master_deck":["AscendersBane","Defend_B","Defend_B","Defend_B","Defend_B","Zap+1","Dualcast","Darkness","Streamline","Glacier","Panacea","Melter+1","Skim","Leap","Redo+1","Ball Lightning","Defragment+1","Defragment+1","Electrodynamics","Self Repair","Secret Technique","Reinforced Body","Bite","Bite","Bite","Bite","Bite"],"relics":["Cracked Core","Potion Belt","Regal Pillow","Anchor","Singing Bowl","Whetstone","Black Star","MawBank"],"potions_floor_usage":[5,7,11,16,18],"damage_taken":[{"damage":7,"enemies":"Jaw Worm","floor":1,"turns":3},{"damage":2,"enemies":"2 Louse","floor":2,"turns":3},{"damage":2,"enemies":"Cultist","floor":4,"turns":3},{"damage":16,"enemies":"Lots of Slimes","floor":5,"turns":3},{"damage":0,"enemies":"Gremlin Nob","floor":7,"turns":3},{"damage":0,"enemies":"3 Sentries","floor":11,"turns":6},{"damage":16,"enemies":"Lagavulin","floor":13,"turns":5},{"damage":0,"enemies":"3 Louse","floor":14,"turns":3},{"damage":14,"enemies":"The Guardian","floor":16,"turns":8},{"damage":32,"enemies":"3 Byrds","floor":18,"turns":4},{"damage":24,"enemies":"2 Thieves","floor":22,"turns":3},{"damage":34,"enemies":"Cultist and Chosen","floor":28,"turns":3}],"seed_played":"417068437750049855","potions_obtained":[{"floor":2,"key":"Energy Potion"},{"floor":4,"key":"LiquidBronze"},{"floor":5,"key":"Fire Potion"},{"floor":13,"key":"Energy Potion"},{"floor":16,"key":"FocusPotion"}],"is_trial":false,"path_per_floor":["M","M","$","M","M","R","?","T","T","R","E","R","E","M","R","B",null,"M","?","$","?","M","R","$","R","T","?","M"],"character_chosen":"DEFECT","items_purchased":["Glacier","Panacea","Melter","Self Repair","Secret Technique"],"campfire_rested":2,"item_purchase_floors":[3,3,3,20,20],"current_hp_per_floor":[57,55,55,53,37,37,37,37,37,71,71,71,55,55,55,41,64,34,34,34,34,10,46,46,46,46,46,16],"gold":99,"neow_bonus":"HUNDRED_GOLD","is_prod":false,"is_daily":false,"chose_seed":false,"campfire_upgraded":4,"win_rate":0,"timestamp":1566553441,"path_taken":["M","M","$","M","M","R","?","?","T","R","E","R","E","M","R","BOSS","M","?","$","?","?","R","?","R","T","?","M"],"build_version":"2019-07-17","purchased_purges":0,"victory":false,"max_hp_per_floor":[71,71,71,71,71,71,71,71,71,71,71,71,71,71,71,71,71,73,73,73,73,73,73,73,73,73,51,51],"card_choices":[{"not_picked":["Compile Driver","White Noise"],"picked":"Darkness","floor":1},{"not_picked":["Chaos","Gash"],"picked":"Streamline","floor":2},{"not_picked":["Stack","Sweeping Beam"],"picked":"Skim","floor":4},{"not_picked":["Reprogram","Static Discharge"],"picked":"Leap","floor":5},{"not_picked":["Streamline","Hologram"],"picked":"Redo","floor":7},{"not_picked":["Rebound","Lockon"],"picked":"Ball Lightning","floor":11},{"not_picked":["Loop","Leap"],"picked":"Defragment","floor":13},{"not_picked":["Coolheaded","Undo"],"picked":"Defragment","floor":14},{"not_picked":["Meteor Strike","Machine Learning"],"picked":"Electrodynamics","floor":16},{"not_picked":["Gash","Turbo","Streamline"],"picked":"Singing Bowl","floor":18},{"not_picked":["Beam Cell","Compile Driver"],"picked":"Reinforced Body","floor":22}],"player_experience":770216,"relics_obtained":[{"floor":7,"key":"Potion Belt"},{"floor":8,"key":"Regal Pillow"},{"floor":9,"key":"Anchor"},{"floor":11,"key":"Singing Bowl"},{"floor":13,"key":"Whetstone"},{"floor":26,"key":"MawBank"}],"event_choices":[{"damage_healed":0,"gold_gain":0,"player_choice":"Searched \u00271\u0027 times","damage_taken":0,"max_hp_gain":0,"max_hp_loss":0,"event_name":"Dead Adventurer","floor":7,"gold_loss":0},{"damage_healed":0,"gold_gain":0,"player_choice":"Ignored","damage_taken":0,"max_hp_gain":0,"max_hp_loss":0,"event_name":"Cursed Tome","floor":19,"gold_loss":0},{"damage_healed":0,"gold_gain":0,"player_choice":"Ignored","damage_taken":0,"max_hp_gain":0,"max_hp_loss":0,"event_name":"N\u0027loth","floor":21,"gold_loss":0},{"damage_healed":0,"gold_gain":0,"player_choice":"Became a vampire","damage_taken":0,"max_hp_gain":0,"max_hp_loss":22,"event_name":"Vampires","floor":27,"gold_loss":0,"cards_obtained":["Bite","Bite","Bite","Bite","Bite"]}],"is_beta":false,"boss_relics":[{"not_picked":["Lizard Tail","FrozenCore"],"picked":"Black Star"}],"items_purged_floors":[],"is_endless":false,"potions_floor_spawned":[2,4,5,13,16],"killed_by":"Cultist and Chosen","ascension_level":19}