{"path_per_floor":["M","M","?","$","M","E","R","?","T","R","E","M","R","M","R","B",null,"M","?","?","M","M","R","?","M","T","T","$","?","R","M","R","B",null,"M","?","M","?","M","R","M","R","T","E","R","?","M","?","R","B"],"character_chosen":"THE_SILENT","items_purchased":["Calculated Gamble","Juzu Bracelet","Blood Vial","Swift Potion"],"gold_per_floor":[115,130,130,20,30,60,60,60,60,60,87,100,100,119,119,218,218,237,437,437,447,457,457,457,469,469,469,25,25,25,37,37,141,141,158,158,168,0,10,10,21,21,21,48,48,48,58,58,58,58],"floor_reached":51,"campfire_rested":6,"playtime":3558,"current_hp_per_floor":[60,59,59,59,59,27,48,48,48,69,39,38,59,47,68,45,64,50,50,50,50,41,62,62,61,61,61,61,61,61,55,55,16,57,52,52,33,33,33,64,45,55,55,51,63,63,61,52,64,49],"items_purged":["Regret","Strike_G"],"gold":58,"score":978,"play_id":"862325bc-c64b-4c8f-bd43-3f813b2a22e0","local_time":"20180415234407","is_prod":false,"is_daily":false,"chose_seed":false,"is_ascension_mode":true,"campfire_upgraded":5,"timestamp":1523803447,"path_taken":["M","M","?","$","M","E","R","?","T","R","E","M","R","M","R","BOSS","M","?","?","M","M","R","?","M","T","?","$","?","R","M","R","BOSS","M","?","M","?","M","R","M","R","T","E","R","?","M","?","R","BOSS"],"build_version":"2018-04-12","seed_source_timestamp":304570656603940,"purchased_purges":3,"victory":true,"master_deck":["Defend_G+1","Defend_G+1","Defend_G+1","Defend_G+1","Strike_G+1","Strike_G+1","Survivor","Neutralize","AscendersBane","Adrenaline","Backflip","Skewer","Calculated Gamble+1","Distraction","Tools of the Trade+1","Concentrate+1","Quick Slash","Underhanded Strike","Glass Knife","Bouncing Flask+1","All Out Attack+1","Deadly Poison","Wraith Form v2+1","Deadly Poison","Terror+1","Tactician+1","Bouncing Flask+1","Acrobatics+1","Acrobatics+1","Infinite Blades+1","Injury","Malaise+1","Madness","Madness"],"max_hp_per_floor":[70,70,70,70,70,70,70,70,70,70,70,70,70,70,70,70,70,70,70,70,70,70,70,70,70,70,70,70,70,70,70,70,70,70,70,70,70,70,70,70,70,70,70,70,70,70,70,70,70,70],"relics":["Ring of the Snake","Gambling Chip","Gremlin Horn","Centennial Puzzle","Pantograph","Runic Dome","Ninja Scroll","Matryoshka","Juzu Bracelet","Blood Vial","Eternal Feather","Red Mask","Bottled Lightning","Kunai","Blue Candle"],"card_choices":[{"not_picked":["Quick Slash","Acrobatics"],"picked":"Backflip","floor":1},{"not_picked":["Masterful Stab","Deadly Poison"],"picked":"Skewer","floor":2},{"not_picked":["Dodge and Roll","Bane"],"picked":"Distraction","floor":5},{"not_picked":["Bouncing Flask","Quick Slash"],"picked":"Tools of the Trade","floor":6},{"not_picked":["Quick Slash","Outmaneuver"],"picked":"Concentrate","floor":11},{"not_picked":["Prepared","Setup"],"picked":"Quick Slash","floor":12},{"not_picked":["Deadly Poison","Accuracy"],"picked":"Underhanded Strike","floor":14},{"not_picked":["Corpse Explosion","Unload"],"picked":"Glass Knife","floor":16},{"not_picked":["Poisoned Stab","Slice"],"picked":"Bouncing Flask","floor":18},{"not_picked":["Infinite Blades","Flying Knee"],"picked":"All Out Attack","floor":21},{"not_picked":["Slice","Dodge and Roll"],"picked":"Deadly Poison","floor":22},{"not_picked":["Choke","Dagger Throw"],"picked":"Deadly Poison","floor":25},{"not_picked":["Distraction","Leg Sweep"],"picked":"Terror","floor":31},{"not_picked":["A Thousand Cuts","Envenom"],"picked":"Tactician","floor":33},{"not_picked":["Quick Slash","Cloak And Dagger"],"picked":"Bouncing Flask","floor":35},{"not_picked":["Poisoned Stab","Calculated Gamble"],"picked":"Acrobatics","floor":39},{"not_picked":["Backflip","Bane"],"picked":"Acrobatics","floor":41},{"not_picked":["Heel Hook","Riddle With Holes"],"picked":"Infinite Blades","floor":44},{"not_picked":["Underhanded Strike","Quick Slash"],"picked":"Malaise","floor":47}],"player_experience":424016,"potions_floor_usage":[12,16,16,22,22,33,33,39,44,50,50,50],"damage_taken":[{"damage":3,"enemies":"Jaw Worm","floor":1,"turns":6},{"damage":1,"enemies":"Cultist","floor":2,"turns":4},{"damage":0,"enemies":"2 Louse","floor":5,"turns":2},{"damage":32,"enemies":"Gremlin Nob","floor":6,"turns":5},{"damage":30,"enemies":"3 Sentries","floor":11,"turns":11},{"damage":1,"enemies":"Gremlin Gang","floor":12,"turns":4},{"damage":12,"enemies":"Looter","floor":14,"turns":4},{"damage":25,"enemies":"The Guardian","floor":16,"turns":15},{"damage":14,"enemies":"2 Thieves","floor":18,"turns":4},{"damage":0,"enemies":"3 Byrds","floor":21,"turns":5},{"damage":24,"enemies":"Slaver and Parasite","floor":22,"turns":6},{"damage":1,"enemies":"Cultist and Chosen","floor":25,"turns":4},{"damage":8,"enemies":"Centurion and Healer","floor":31,"turns":6},{"damage":54,"enemies":"Collector","floor":33,"turns":7},{"damage":7,"enemies":"3 Darklings","floor":35,"turns":5},{"damage":21,"enemies":"3 Shapes","floor":37,"turns":2},{"damage":2,"enemies":"Maw","floor":39,"turns":5},{"damage":21,"enemies":"3 Darklings","floor":41,"turns":3},{"damage":6,"enemies":"2 Orb Walkers","floor":44,"turns":5},{"damage":4,"enemies":"Sphere and 2 Shapes","floor":47,"turns":3},{"damage":21,"enemies":"Donu and Deca","floor":50,"turns":9}],"event_choices":[{"event_name":"Big Fish","player_choice":"Box","floor":3,"damage_taken":0},{"event_name":"Wheel of Change","player_choice":"Card Removal","floor":8,"damage_taken":0},{"event_name":"The Joust","player_choice":"Bet on Owner","floor":19,"damage_taken":0},{"event_name":"Back to Basics","player_choice":"Simplicity","floor":20,"damage_taken":0},{"event_name":"Transmorgrifier","player_choice":"Transform","floor":24,"damage_taken":0},{"event_name":"Ghosts","player_choice":"Ignored","floor":29,"damage_taken":0},{"event_name":"Tomb of Lord Red Mask","player_choice":"Paid","floor":38,"damage_taken":0},{"event_name":"Accursed Blacksmith","player_choice":"Forge","floor":46,"damage_taken":0},{"event_name":"Winding Halls","player_choice":"Embrace Madness","floor":48,"damage_taken":0}],"boss_relics":[{"not_picked":["Orrery","Ectoplasm"],"picked":"Runic Dome"},{"not_picked":["Astrolabe","Sozu"],"picked":"Eternal Feather"}],"potions_floor_spawned":[6,11,14,16,21,31,35,41,44,47],"seed_played":"5540372312673702958","ascension_level":10,"is_trial":false}