{"gold_per_floor":[110,10,10,10,29,29,48,68,68,93,93,93,109,123,123,223,223,241,241,255,9,29,29,63,63,63,63,63,74,74,124,124,227,227,242,464,35,46,46],"floor_reached":39,"playtime":1757,"items_purged":[],"score":529,"play_id":"7d4b96b4-d9f8-4bd2-910b-f438805bf849","local_time":"20180728034012","is_ascension_mode":false,"campfire_choices":[{"data":"Combust","floor":6,"key":"SMITH"},{"data":"Limit Break","floor":15,"key":"SMITH"},{"data":"Apotheosis","floor":23,"key":"SMITH"},{"floor":25,"key":"REST"},{"data":"Dark Embrace","floor":27,"key":"SMITH"},{"floor":30,"key":"REST"},{"data":"Thunderclap","floor":32,"key":"SMITH"}],"neow_cost":"","seed_source_timestamp":0,"circlet_count":0,"master_deck":["Strike_R","Strike_R","Strike_R","Strike_R","Strike_R","Defend_R+1","Defend_R","Defend_R","Defend_R+1","Bash","Combust+1","Disarm","Armaments","Limit Break+1","Intimidate","Headbutt","Perfected Strike","Double Tap","Infernal Blade+1","Dark Embrace+1","Apotheosis+1","Thunderclap+1","True Grit+1","Heavy Blade+1","Heavy Blade","Double Tap","Sword Boomerang+1","Immolate","Corruption","Infernal Blade","Clothesline+1"],"relics":["Burning Blood","Unceasing Top","Red Skull","Meat on the Bone","Strawberry","Darkstone Periapt","Lizard Tail","Nloth\u0027s Gift","Red Mask","Bottled Flame","War Paint","Mark of Pain","Medical Kit"],"potions_floor_usage":[10,16,18,22,33,33],"damage_taken":[{"damage":8,"enemies":"Jaw Worm","floor":1,"turns":5},{"damage":5,"enemies":"Cultist","floor":5,"turns":4},{"damage":5,"enemies":"Small Slimes","floor":7,"turns":2},{"damage":4,"enemies":"Exordium Wildlife","floor":8,"turns":4},{"damage":49,"enemies":"Lagavulin","floor":10,"turns":8},{"damage":2,"enemies":"Looter","floor":13,"turns":3},{"damage":5,"enemies":"Lots of Slimes","floor":14,"turns":2},{"damage":47,"enemies":"Slime Boss","floor":16,"turns":8},{"damage":34,"enemies":"2 Thieves","floor":18,"turns":5},{"damage":28,"enemies":"Chosen","floor":20,"turns":5},{"damage":18,"enemies":"Centurion and Healer","floor":22,"turns":4},{"damage":40,"floor":24,"turns":5},{"damage":43,"enemies":"Sentry and Sphere","floor":29,"turns":6},{"damage":94,"enemies":"Collector","floor":33,"turns":10},{"damage":23,"enemies":"Flame Bruiser 1 Orb","floor":35,"turns":7},{"damage":45,"enemies":"3 Darklings","floor":38,"turns":5},{"damage":52,"enemies":"Spire Growth","floor":39,"turns":4}],"seed_played":"-7357410962377292151","potions_obtained":[{"floor":1,"key":"Poison Potion"},{"floor":10,"key":"SteroidPotion"},{"floor":14,"key":"Dexterity Potion"},{"floor":16,"key":"Ancient Potion"},{"floor":20,"key":"Strength Potion"},{"floor":24,"key":"SteroidPotion"}],"is_trial":true,"path_per_floor":["M","?","?","?","M","R","M","M","T","E","?","?","M","M","R","B",null,"M","?","M","$","M","R","?","R","T","R","?","M","R","T","R","B",null,"M","?","$","M"],"character_chosen":"IRONCLAD","items_purchased":["Apotheosis","Thunderclap","Immolate","Medical Kit","Corruption","Infernal Blade"],"campfire_rested":2,"item_purchase_floors":[21,21,37,37,37,37],"current_hp_per_floor":[78,78,78,71,72,72,73,75,75,51,51,18,36,51,51,24,87,59,59,49,49,49,49,27,53,53,53,53,28,54,54,54,31,87,70,70,70,43,0],"gold":46,"neow_bonus":"","is_prod":false,"is_daily":false,"chose_seed":false,"campfire_upgraded":5,"win_rate":0,"timestamp":1532716812,"path_taken":["M","?","?","?","?","R","M","M","T","E","?","?","?","M","R","BOSS","M","?","?","$","M","R","?","R","T","R","?","M","R","?","R","BOSS","M","?","$","M","M"],"build_version":"2018-07-26","purchased_purges":0,"victory":false,"max_hp_per_floor":[80,80,80,80,80,80,80,80,80,87,87,87,87,87,87,87,87,87,87,87,87,87,87,87,87,87,87,87,87,87,87,87,87,87,87,87,87,87,87],"card_choices":[{"not_picked":["Dual Wield","Sword Boomerang"],"picked":"Combust","floor":1},{"not_picked":["Clothesline","True Grit"],"picked":"Disarm","floor":5},{"not_picked":["Sever Soul","Headbutt"],"picked":"Armaments","floor":7},{"not_picked":["Headbutt","Reckless Charge"],"picked":"Limit Break","floor":8},{"not_picked":["Sword Boomerang","Entrench"],"picked":"Intimidate","floor":10},{"not_picked":["Dropkick","Intimidate"],"picked":"Headbutt","floor":13},{"not_picked":["Reckless Charge","Shrug It Off"],"picked":"Perfected Strike","floor":14},{"not_picked":["Exhume","Juggernaut"],"picked":"Double Tap","floor":16},{"not_picked":["Warcry","Iron Wave+1"],"picked":"Infernal Blade+1","floor":18},{"not_picked":["Shrug It Off+1","Clothesline"],"picked":"Dark Embrace","floor":20},{"not_picked":["Body Slam","Armaments"],"picked":"True Grit+1","floor":22},{"not_picked":["Pommel Strike+1","Dropkick+1"],"picked":"Heavy Blade+1","floor":24},{"not_picked":["Wild Strike","Sever Soul"],"picked":"Heavy Blade","floor":29},{"not_picked":["Demon Form","Dark Embrace"],"picked":"Double Tap","floor":33},{"not_picked":["True Grit","Wild Strike"],"picked":"Sword Boomerang+1","floor":35},{"not_picked":["Havoc","Heavy Blade"],"picked":"Clothesline+1","floor":38}],"player_experience":337477,"relics_obtained":[{"floor":9,"key":"Meat on the Bone"},{"floor":10,"key":"Strawberry"},{"floor":24,"key":"Red Mask"},{"floor":26,"key":"Bottled Flame"},{"floor":31,"key":"War Paint"}],"event_choices":[{"event_name":"WeMeetAgain","player_choice":"Gold","floor":2,"damage_taken":0},{"event_name":"Big Fish","player_choice":"Box","floor":3,"damage_taken":0},{"event_name":"Golden Wing","player_choice":"Card Removal","floor":4,"damage_taken":0},{"event_name":"Dead Adventurer","player_choice":"Searched \u00271\u0027 times","floor":11,"damage_taken":0},{"event_name":"Scrap Ooze","player_choice":"success","floor":12,"damage_taken":33},{"event_name":"N\u0027loth","player_choice":"Traded a Blood Vial","floor":19,"damage_taken":0},{"event_name":"Ghosts","player_choice":"Ignored","floor":28,"damage_taken":0},{"event_name":"Tomb of Lord Red Mask","player_choice":"Wore Mask","floor":36,"damage_taken":0}],"is_beta":false,"boss_relics":[{"not_picked":["Black Blood","White Beast Statue"],"picked":"Lizard Tail"},{"not_picked":["Snecko Eye","Philosopher\u0027s Stone"],"picked":"Mark of Pain"}],"items_purged_floors":[],"is_endless":true,"potions_floor_spawned":[1,10,14,16,20,24],"killed_by":"Spire Growth","ascension_level":0}