{"gold_per_floor":[12,22,36,55,55,55,18,51,77,77,252,252,21,21,21,117,117,136,151,151,171,186,186,197,212,212,232,265,265,283,303,303,406,406,416,416,58,58,158,158,0,29,29,44,44,72,72],"floor_reached":47,"playtime":2367,"items_purged":["Strike_B","Defend_B"],"score":530,"play_id":"0e74d147-2472-41f5-bbe0-3dc52061683c","local_time":"20190825181617","is_ascension_mode":true,"campfire_choices":[{"floor":6,"key":"RECALL"},{"floor":10,"key":"REST"},{"floor":12,"key":"REST"},{"data":"Darkness","floor":15,"key":"SMITH"},{"data":"Biased Cognition","floor":23,"key":"SMITH"},{"data":"Doom and Gloom","floor":32,"key":"SMITH"},{"data":"Chaos","floor":40,"key":"SMITH"},{"floor":45,"key":"REST"}],"neow_cost":"NO_GOLD","seed_source_timestamp":16665243659700,"circlet_count":0,"master_deck":["Defend_B","Defend_B","Defend_B","Zap","Dualcast","Gash","Darkness+1","Go for the Eyes","Hologram","Chaos+1","BootSequence+1","Doubt","Self Repair","Doom and Gloom+1","Biased Cognition+1","Glacier","Go for the Eyes+1","Darkness+1","Beam Cell+1","Cold Snap+1","Compile Driver+1","Undo","Cold Snap+1","Conserve Battery+1","Chill+1","All For One","Reinforced Body","Writhe","Fusion+1","Reinforced Body+1","Beam Cell+1","Sweeping Beam+1"],"relics":["Cracked Core","Strawberry","Velvet Choker","Mercury Hourglass","Regal Pillow","Sozu","Bottled Flame","Ginger","Red Mask","Mummified Hand","Molten Egg 2","Pantograph"],"potions_floor_usage":[22,33,33,33,39],"damage_taken":[{"damage":1,"enemies":"Cultist","floor":1,"turns":3},{"damage":6,"enemies":"2 Louse","floor":2,"turns":3},{"damage":10,"enemies":"Jaw Worm","floor":3,"turns":4},{"damage":6,"enemies":"Blue Slaver","floor":4,"turns":3},{"damage":21,"enemies":"Lagavulin","floor":8,"turns":6},{"damage":25,"enemies":"Slime Boss","floor":16,"turns":7},{"damage":0,"enemies":"3 Byrds","floor":18,"turns":5},{"damage":8,"enemies":"2 Thieves","floor":19,"turns":4},{"damage":9,"enemies":"Centurion and Healer","floor":21,"turns":8},{"damage":0,"enemies":"Cultist and Chosen","floor":22,"turns":4},{"damage":15,"enemies":"Snecko","floor":24,"turns":6},{"damage":8,"enemies":"Snake Plant","floor":25,"turns":4},{"damage":0,"enemies":"Centurion and Healer","floor":27,"turns":5},{"damage":9,"enemies":"Book of Stabbing","floor":28,"turns":4},{"damage":0,"enemies":"Chosen and Byrds","floor":30,"turns":6},{"damage":7,"enemies":"Cultist and Chosen","floor":31,"turns":4},{"damage":68,"enemies":"Collector","floor":33,"turns":14},{"damage":70,"enemies":"3 Shapes","floor":35,"turns":4},{"damage":15,"enemies":"Mind Bloom Boss Battle","floor":39,"turns":7},{"damage":48,"enemies":"Nemesis","floor":42,"turns":9},{"damage":11,"enemies":"Orb Walker","floor":44,"turns":4},{"damage":40,"enemies":"Reptomancer","floor":46,"turns":8},{"damage":22,"enemies":"Spire Growth","floor":47,"turns":3}],"seed_played":"-46415558142621698","potions_obtained":[{"floor":19,"key":"GamblersBrew"},{"floor":21,"key":"Regen Potion"},{"floor":22,"key":"Block Potion"},{"floor":25,"key":"SpeedPotion"},{"floor":33,"key":"PowerPotion"}],"is_trial":false,"path_per_floor":["M","M","M","M","?","R","$","E","T","R","?","R","$","?","R","B",null,"M","M","?","M","M","R","M","M","T","M","E","?","M","M","R","B",null,"M","?","$","?","?","R","?","E","T","M","R","E","M"],"character_chosen":"DEFECT","items_purchased":["Chaos","Self Repair","Doom and Gloom","Bottled Flame"],"campfire_rested":3,"item_purchase_floors":[7,13,13,37],"current_hp_per_floor":[74,68,58,52,45,45,45,31,31,55,55,79,79,79,79,61,82,82,81,81,79,82,82,74,73,73,80,78,78,82,82,82,36,82,19,40,40,72,64,64,64,23,23,12,48,15,0],"gold":72,"neow_bonus":"REMOVE_TWO","is_prod":false,"is_daily":false,"chose_seed":false,"campfire_upgraded":4,"win_rate":0,"timestamp":1566749777,"path_taken":["M","M","?","M","?","R","$","E","T","R","?","R","$","?","R","BOSS","M","M","?","?","M","R","M","M","T","?","E","?","?","M","R","BOSS","M","?","$","?","?","R","?","E","T","M","R","E","M"],"build_version":"2019-07-17","purchased_purges":2,"victory":false,"max_hp_per_floor":[75,75,75,75,75,75,75,82,82,82,82,82,82,82,82,82,82,82,82,82,82,82,82,82,82,82,82,82,82,82,82,82,82,82,82,82,82,72,72,72,72,72,72,72,72,72,72],"card_choices":[{"not_picked":["Stack","Conserve Battery"],"picked":"Gash","floor":1},{"not_picked":["Static Discharge","Self Repair"],"picked":"Darkness","floor":2},{"not_picked":["Stack","Ball Lightning"],"picked":"Go for the Eyes","floor":3},{"not_picked":["Turbo","Ball Lightning"],"picked":"Hologram","floor":4},{"not_picked":["Turbo","Steam"],"picked":"BootSequence","floor":8},{"not_picked":["Fission","Machine Learning"],"picked":"Biased Cognition","floor":16},{"not_picked":["Undo","Leap"],"picked":"Glacier","floor":18},{"not_picked":["Leap+1","Beam Cell"],"picked":"Go for the Eyes+1","floor":19},{"not_picked":["Steam","Reprogram+1"],"picked":"Beam Cell+1","floor":21},{"not_picked":["Ball Lightning+1","Go for the Eyes"],"picked":"Cold Snap+1","floor":22},{"not_picked":["FTL","Chaos"],"picked":"Compile Driver+1","floor":24},{"not_picked":["Rebound","Cold Snap"],"picked":"Undo","floor":25},{"not_picked":["Hologram","Steam+1"],"picked":"Cold Snap+1","floor":27},{"not_picked":["Stack","Compile Driver+1"],"picked":"Conserve Battery+1","floor":28},{"not_picked":["White Noise","Rebound"],"picked":"Chill+1","floor":30},{"not_picked":["Aggregate+1","Streamline","Conserve Battery"],"picked":"SKIP","floor":31},{"not_picked":["Thunder Strike","Amplify"],"picked":"All For One","floor":33},{"not_picked":["Stack","Cold Snap"],"picked":"Reinforced Body","floor":35},{"not_picked":["Rip and Tear","Leap"],"picked":"Fusion+1","floor":39},{"not_picked":["Rebound","Redo"],"picked":"Reinforced Body+1","floor":42},{"not_picked":["Auto Shields","Sweeping Beam+1"],"picked":"Beam Cell+1","floor":44},{"not_picked":["Rebound+1","Consume"],"picked":"Sweeping Beam+1","floor":46}],"player_experience":64185,"relics_obtained":[{"floor":8,"key":"Strawberry"},{"floor":26,"key":"Mercury Hourglass"},{"floor":28,"key":"Regal Pillow"},{"floor":39,"key":"Ginger"},{"floor":42,"key":"Mummified Hand"},{"floor":43,"key":"Molten Egg 2"},{"floor":46,"key":"Pantograph"}],"event_choices":[{"cards_removed":["Strike_B"],"damage_healed":0,"gold_gain":0,"player_choice":"Card Removal","damage_taken":7,"max_hp_gain":0,"max_hp_loss":0,"event_name":"Golden Wing","floor":5,"gold_loss":0},{"damage_healed":0,"gold_gain":175,"player_choice":"AGREE","damage_taken":0,"max_hp_gain":0,"max_hp_loss":0,"event_name":"Liars Game","floor":11,"gold_loss":0,"cards_obtained":["Doubt"]},{"damage_healed":0,"gold_gain":0,"player_choice":"Grow","damage_taken":0,"max_hp_gain":0,"max_hp_loss":0,"event_name":"Living Wall","floor":14,"gold_loss":0,"cards_upgraded":["BootSequence"]},{"damage_healed":0,"gold_gain":0,"player_choice":"Copied","damage_taken":0,"max_hp_gain":0,"max_hp_loss":0,"event_name":"Duplicator","floor":20,"gold_loss":0,"cards_obtained":["Darkness"]},{"damage_healed":0,"gold_gain":0,"player_choice":"Bought 0 Potions","damage_taken":0,"max_hp_gain":0,"max_hp_loss":0,"event_name":"The Woman in Blue","floor":29,"gold_loss":0},{"damage_healed":21,"gold_gain":0,"player_choice":"Writhe","damage_taken":0,"max_hp_gain":0,"max_hp_loss":0,"event_name":"Winding Halls","floor":36,"gold_loss":0,"cards_obtained":["Writhe"]},{"damage_healed":72,"gold_gain":0,"player_choice":"Heal","damage_taken":0,"max_hp_gain":0,"max_hp_loss":10,"event_name":"The Moai Head","floor":38,"gold_loss":0},{"damage_healed":0,"gold_gain":0,"player_choice":"Fight","damage_taken":0,"max_hp_gain":0,"max_hp_loss":0,"event_name":"MindBloom","floor":39,"gold_loss":0},{"damage_healed":0,"gold_gain":0,"player_choice":"Paid","damage_taken":0,"relics_obtained":["Red Mask"],"max_hp_gain":0,"max_hp_loss":0,"event_name":"Tomb of Lord Red Mask","floor":41,"gold_loss":158}],"is_beta":false,"boss_relics":[{"not_picked":["Calling Bell","Runic Dome"],"picked":"Velvet Choker"},{"not_picked":["White Beast Statue","Nuclear Battery"],"picked":"Sozu"}],"items_purged_floors":[13,37],"is_endless":false,"potions_floor_spawned":[19,21,22,25,31,33,35,42,46],"killed_by":"Spire Growth","ascension_level":1}