{"gold_per_floor":[116,116,127,144,69,100,131,143,178,190,377,389,401,425,437,548,560,591,622,289,307,340,340,439,449,449,61,71,88,106,124,124,229,279,291,307,407,629,639,639,655,565,565,565],"floor_reached":44,"playtime":3002,"items_purged":["Strike_R","Writhe","Strike_R"],"score":522,"play_id":"1813916d-030c-4342-915e-4f27a4bda6b1","local_time":"20190102170548","is_ascension_mode":true,"campfire_choices":[{"floor":8,"key":"REST"},{"data":"Infernal Blade","floor":15,"key":"SMITH"},{"floor":23,"key":"REST"},{"floor":32,"key":"REST"},{"floor":40,"key":"REST"}],"neow_cost":"CURSE","seed_source_timestamp":284725776410549,"circlet_count":0,"master_deck":["Strike_R","Strike_R","Defend_R","Defend_R","Defend_R","Defend_R","Bash+1","Pommel Strike+1","Cleave","Infernal Blade+1","Shrug It Off","True Grit+1","Bludgeon","Shockwave","Body Slam+1","Offering+1","Metamorphosis"],"relics":["Burning Blood","Nunchaku","MawBank","Omamori","Smiling Mask","Girya","Busted Crown","Bronze Scales","Red Skull","Red Mask","Darkstone Periapt","Tiny House","Calipers","Self Forming Clay"],"potions_floor_usage":[6,16,16,33,33,33,41],"damage_taken":[{"damage":9,"enemies":"2 Louse","floor":1,"turns":3},{"damage":1,"enemies":"Cultist","floor":3,"turns":3},{"damage":7,"enemies":"Small Slimes","floor":4,"turns":3},{"damage":46,"enemies":"Lagavulin","floor":6,"turns":6},{"damage":6,"enemies":"Blue Slaver","floor":7,"turns":4},{"damage":0,"enemies":"3 Louse","floor":14,"turns":3},{"damage":38,"enemies":"The Guardian","floor":16,"turns":15},{"damage":7,"enemies":"3 Byrds","floor":18,"turns":4},{"damage":19,"enemies":"Spheric Guardian","floor":19,"turns":5},{"damage":3,"enemies":"Chosen and Byrds","floor":21,"turns":5},{"damage":15,"enemies":"Masked Bandits","floor":22,"turns":4},{"damage":21,"enemies":"Snake Plant","floor":25,"turns":4},{"damage":14,"enemies":"Shelled Parasite and Fungi","floor":28,"turns":2},{"damage":19,"enemies":"Snecko","floor":29,"turns":3},{"damage":17,"enemies":"Sentry and Sphere","floor":30,"turns":3},{"damage":7,"enemies":"Centurion and Healer","floor":31,"turns":4},{"damage":65,"enemies":"Automaton","floor":33,"turns":9},{"damage":28,"enemies":"3 Shapes","floor":35,"turns":5},{"damage":32,"enemies":"3 Darklings","floor":36,"turns":10},{"damage":11,"enemies":"Mind Bloom Boss Battle","floor":37,"turns":6},{"damage":6,"enemies":"4 Shapes","floor":39,"turns":5},{"damage":38,"enemies":"Maw","floor":41,"turns":6},{"damage":33,"enemies":"3 Darklings","floor":44,"turns":3}],"seed_played":"7643380891804415153","potions_obtained":[{"floor":4,"key":"Poison Potion"},{"floor":6,"key":"Poison Potion"},{"floor":14,"key":"Swift Potion"},{"floor":19,"key":"Weak Potion"},{"floor":21,"key":"Regen Potion"},{"floor":25,"key":"Explosive Potion"},{"floor":30,"key":"SneckoOil"},{"floor":34,"key":"Ancient Potion"},{"floor":39,"key":"AttackPotion"},{"floor":41,"key":"Ancient Potion"}],"is_trial":false,"path_per_floor":["M","?","M","M","$","E","M","R","T","?","?","T","?","M","R","B",null,"M","M","$","M","?","R","?","M","T","$","M","M","M","M","R","B",null,"M","M","?","?","M","R","M","?","T","M"],"character_chosen":"IRONCLAD","items_purchased":["Bronze Scales","Red Skull","Offering","Metamorphosis"],"campfire_rested":4,"item_purchase_floors":[20,20,27,27],"current_hp_per_floor":[77,77,80,79,79,39,39,63,63,60,60,60,60,66,66,34,80,79,66,66,69,60,80,80,65,65,65,57,44,33,32,56,9,85,63,37,32,32,32,57,25,25,25,0],"gold":565,"neow_bonus":"ONE_RARE_RELIC","is_prod":false,"is_daily":false,"chose_seed":false,"campfire_upgraded":1,"win_rate":0,"timestamp":1546416348,"path_taken":["M","?","?","M","$","E","M","R","T","?","?","?","?","M","R","BOSS","M","M","?","?","?","R","?","M","T","$","M","M","?","M","R","BOSS","M","M","?","?","M","R","M","?","T","M"],"build_version":"2018-12-20","purchased_purges":3,"victory":false,"max_hp_per_floor":[80,80,80,80,80,80,80,80,80,80,80,80,80,80,80,80,80,80,80,80,80,80,80,80,80,80,80,80,80,80,80,80,80,85,85,85,85,85,85,85,85,85,85,85],"card_choices":[{"not_picked":["Rupture","Anger"],"picked":"Pommel Strike","floor":1},{"not_picked":["Blood for Blood","Corruption"],"picked":"Cleave","floor":3},{"not_picked":["Reckless Charge","Thunderclap"],"picked":"Infernal Blade","floor":4},{"not_picked":["Headbutt","Pommel Strike"],"picked":"Shrug It Off","floor":6},{"not_picked":["Burning Pact","Rage"],"picked":"True Grit","floor":7},{"not_picked":["Twin Strike","Thunderclap","Warcry"],"picked":"SKIP","floor":14},{"not_picked":["Reaper","Berserk"],"picked":"Bludgeon","floor":16},{"not_picked":[],"picked":"Shockwave","floor":18},{"not_picked":["Rupture+1"],"picked":"SKIP","floor":19},{"not_picked":["Clash"],"picked":"SKIP","floor":21},{"not_picked":[],"picked":"Body Slam+1","floor":22},{"not_picked":["Flex"],"picked":"SKIP","floor":25},{"not_picked":["Dropkick+1"],"picked":"SKIP","floor":28},{"not_picked":["Heavy Blade+1"],"picked":"SKIP","floor":29},{"not_picked":["Headbutt"],"picked":"SKIP","floor":30},{"not_picked":["Havoc"],"picked":"SKIP","floor":31},{"not_picked":["Flex+1"],"picked":"SKIP","floor":35},{"not_picked":["Headbutt+1"],"picked":"SKIP","floor":36},{"not_picked":["Body Slam"],"picked":"SKIP","floor":39},{"not_picked":["Headbutt"],"picked":"SKIP","floor":41}],"player_experience":113959,"relics_obtained":[{"floor":6,"key":"MawBank"},{"floor":9,"key":"Omamori"},{"floor":12,"key":"Girya"},{"floor":22,"key":"Red Mask"},{"floor":26,"key":"Darkstone Periapt"},{"floor":37,"key":"Calipers"},{"floor":43,"key":"Self Forming Clay"}],"event_choices":[{"damage_healed":0,"gold_gain":0,"player_choice":"Upgraded","damage_taken":0,"max_hp_gain":0,"max_hp_loss":0,"event_name":"Upgrade Shrine","floor":2,"gold_loss":0,"cards_upgraded":["Pommel Strike"]},{"damage_healed":0,"gold_gain":0,"player_choice":"Success","damage_taken":3,"relics_obtained":["Smiling Mask"],"max_hp_gain":0,"max_hp_loss":0,"event_name":"Scrap Ooze","floor":10,"gold_loss":0},{"damage_healed":0,"gold_gain":175,"player_choice":"AGREE","damage_taken":0,"max_hp_gain":0,"max_hp_loss":0,"event_name":"Liars Game","floor":11,"gold_loss":0,"cards_obtained":["Doubt"]},{"damage_healed":0,"gold_gain":0,"player_choice":"Forge","damage_taken":0,"max_hp_gain":0,"max_hp_loss":0,"event_name":"Accursed Blacksmith","floor":13,"gold_loss":0,"cards_upgraded":["True Grit"]},{"damage_healed":0,"gold_gain":0,"player_choice":"Fought Bandits","damage_taken":0,"max_hp_gain":0,"max_hp_loss":0,"event_name":"Masked Bandits","floor":22,"gold_loss":0},{"damage_healed":0,"gold_gain":99,"player_choice":"Stole From Cult","damage_taken":0,"max_hp_gain":0,"max_hp_loss":0,"event_name":"Nest","floor":24,"gold_loss":0},{"damage_healed":0,"gold_gain":0,"player_choice":"Fight","damage_taken":0,"max_hp_gain":0,"max_hp_loss":0,"event_name":"MindBloom","floor":37,"gold_loss":0},{"damage_healed":0,"gold_gain":222,"player_choice":"Wore Mask","damage_taken":0,"max_hp_gain":0,"max_hp_loss":0,"event_name":"Tomb of Lord Red Mask","floor":38,"gold_loss":0},{"cards_removed":["Strike_R"],"damage_healed":0,"gold_gain":0,"player_choice":"Upgrade and Remove","damage_taken":0,"max_hp_gain":0,"max_hp_loss":0,"event_name":"Designer","floor":42,"gold_loss":90,"cards_upgraded":["Bash"]}],"is_beta":false,"boss_relics":[{"not_picked":["Philosopher\u0027s Stone","Cursed Key"],"picked":"Busted Crown"},{"not_picked":["Runic Dome","Snecko Eye"],"picked":"Tiny House"}],"items_purged_floors":[5,20,27],"is_endless":false,"potions_floor_spawned":[4,6,14,19,21,25,30,31,39,41],"killed_by":"3 Darklings","ascension_level":4}