{"path_per_floor":["M","M","M","?","?","E","M","R","T","M","M","$","R","M","R","B",null,"M","?","?","M"],"character_chosen":"THE_SILENT","items_purchased":["Unload"],"gold_per_floor":[114,129,144,144,94,124,139,139,139,154,169,96,96,111,111,211,211,226,151,151,166,166],"floor_reached":22,"campfire_rested":0,"playtime":2024,"current_hp_per_floor":[70,72,72,65,65,52,56,56,56,58,62,62,62,61,61,15,95,52,52,83,73,0],"items_purged":[],"gold":166,"score":213,"play_id":"5be15f5e-4f95-4e9c-9aa0-cfb4cdef3de7","local_time":"20180424195738","daily_mods":["Allstar","Uncertain Future","Vintage"],"is_prod":false,"is_daily":true,"chose_seed":false,"is_ascension_mode":false,"campfire_upgraded":3,"timestamp":1524567458,"path_taken":["M","M","M","?","?","E","M","R","T","M","?","$","R","M","R","BOSS","M","?","?","M","M"],"build_version":"2018-04-19","seed_source_timestamp":0,"purchased_purges":0,"victory":false,"master_deck":["Defend_G","Defend_G","Defend_G","Defend_G","Strike_G","Strike_G","Strike_G","Strike_G","Survivor","Neutralize","Flash of Steel+1","Enlightenment","Bandage Up+1","Sadistic Nature","Concentrate+1","Unload","Bullet Time","Clumsy","Injury","Pain"],"max_hp_per_floor":[77,77,77,77,77,77,77,77,77,77,77,77,77,77,77,77,95,95,95,95,95,95],"relics":["Ring of the Snake","Strawberry","Anchor","Tingsha","Orichalcum","Singing Bowl","Calipers","Dream Catcher","Darkstone Periapt","The Specimen","Pantograph","Calling Bell","Omamori","Blue Candle","Bird Faced Urn","Question Card","Bottled Flame"],"card_choices":[{"not_picked":["Dodge and Roll","Outmaneuver"],"picked":"Concentrate","floor":6},{"not_picked":["A Thousand Cuts","Tactician"],"picked":"Bullet Time","floor":16}],"player_experience":460898,"potions_floor_usage":[6,16,21],"damage_taken":[{"damage":7,"enemies":"Jaw Worm","floor":1,"turns":6},{"damage":2,"enemies":"Small Slimes","floor":2,"turns":4},{"damage":0,"enemies":"2 Louse","floor":3,"turns":2},{"damage":17,"enemies":"Lagavulin","floor":6,"turns":8},{"damage":0,"enemies":"Gremlin Gang","floor":7,"turns":6},{"damage":2,"enemies":"Looter","floor":10,"turns":4},{"damage":0,"enemies":"Blue Slaver","floor":11,"turns":3},{"damage":7,"enemies":"Exordium Wildlife","floor":14,"turns":5},{"damage":52,"enemies":"Slime Boss","floor":16,"turns":13},{"damage":49,"enemies":"Chosen","floor":18,"turns":8},{"damage":18,"enemies":"Shell Parasite","floor":21,"turns":8},{"damage":82,"enemies":"3 Cultists","floor":22,"turns":6}],"event_choices":[{"event_name":"Golden Wing","player_choice":"Card Removal","floor":4,"damage_taken":0},{"event_name":"The Cleric","player_choice":"Card Removal","floor":5,"damage_taken":0},{"event_name":"Beggar","player_choice":"Gave Gold","floor":19,"damage_taken":0},{"event_name":"The Library","player_choice":"Heal","floor":20,"damage_taken":0}],"boss_relics":[{"not_picked":["Lizard Tail","Snecko Eye"],"picked":"Calling Bell"}],"potions_floor_spawned":[3,6,11],"seed_played":"1774299086368063468","killed_by":"3 Cultists","ascension_level":0,"is_trial":false}