{"gold_per_floor":[119,119,131,51,51,81,81,111,158,158,176,190,206,220,220,315,315,326,236,256,63,73,73,86,86,86,98,114,114,128,461,461,556,556,570,670,683,203,222,253,253,253,277,296,296,49,65,79,79,79,79,79,27,52,52],"floor_reached":55,"playtime":7539,"items_purged":["Fusion","Writhe"],"score":788,"play_id":"9626e0ab-6e79-447d-8e14-659634157d79","local_time":"20181203020126","is_ascension_mode":false,"campfire_choices":[{"data":"Zap","floor":7.0,"key":"SMITH"},{"floor":15.0,"key":"REST"},{"data":"Dualcast","floor":23.0,"key":"SMITH"},{"data":"Double Energy","floor":25.0,"key":"SMITH"},{"floor":32.0,"key":"REST"},{"floor":41.0,"key":"REST"},{"floor":49.0,"key":"RECALL"},{"data":"Scrape","floor":52.0,"key":"SMITH"}],"neow_cost":"NONE","seed_source_timestamp":437284131181100,"circlet_count":0,"master_deck":["Zap+1","Dualcast+1","Conserve Battery","Steam Power","Electrodynamics","Beam Cell","Steam","Scrape+1","Ball Lightning","Lockon","Conserve Battery","Ball Lightning+1","Biased Cognition","Streamline+1","Hologram","Hello World","Double Energy+1","Steam Power","Leap","Beam Cell","Capacitor+1","Melter+1","White Noise","Reboot","Biased Cognition","Conserve Battery","Stack","Coolheaded+1","Reinforced Body+1","Conserve Battery+1","Steam Power","Chill","Capacitor+1"],"special_seed":0,"relics":["Cracked Core","Vajra","Anchor","Turnip","PreservedInsect","Pandora\u0027s Box","Boot","Old Coin","White Beast Statue","Torii","Bag of Preparation","Pen Nib","Pantograph","Whetstone","Ice Cream","Ancient Tea Set","Darkstone Periapt"],"potions_floor_usage":[],"damage_taken":[{"damage":1.0,"enemies":"Cultist","floor":1.0,"turns":3.0},{"damage":6.0,"enemies":"Jaw Worm","floor":3.0,"turns":3.0},{"damage":5.0,"enemies":"3 Sentries","floor":6.0,"turns":4.0},{"damage":28.0,"enemies":"Lagavulin","floor":8.0,"turns":7.0},{"damage":0.0,"enemies":"Small Slimes","floor":11.0,"turns":2.0},{"damage":0.0,"enemies":"Exordium Thugs","floor":12.0,"turns":3.0},{"damage":0.0,"enemies":"Large Slime","floor":13.0,"turns":2.0},{"damage":0.0,"enemies":"Exordium Wildlife","floor":14.0,"turns":2.0},{"damage":4.0,"enemies":"Slime Boss","floor":16.0,"turns":7.0},{"damage":3.0,"enemies":"2 Thieves","floor":18.0,"turns":2.0},{"damage":0.0,"enemies":"Chosen","floor":20.0,"turns":3.0},{"damage":5.0,"enemies":"Snecko","floor":22.0,"turns":3.0},{"damage":14.0,"enemies":"Snake Plant","floor":24.0,"turns":3.0},{"damage":2.0,"enemies":"Shelled Parasite and Fungi","floor":27.0,"turns":2.0},{"damage":17.0,"enemies":"3 Cultists","floor":28.0,"turns":4.0},{"damage":0.0,"enemies":"Cultist and Chosen","floor":30.0,"turns":3.0},{"damage":2.0,"enemies":"Book of Stabbing","floor":31.0,"turns":4.0},{"damage":9.0,"enemies":"Champ","floor":33.0,"turns":7.0},{"damage":12.0,"enemies":"Orb Walker","floor":35.0,"turns":3.0},{"damage":16.0,"enemies":"Mind Bloom Boss Battle","floor":36.0,"turns":6.0},{"damage":24.0,"enemies":"3 Shapes","floor":37.0,"turns":4.0},{"damage":0.0,"enemies":"Transient","floor":39.0,"turns":5.0},{"damage":0.0,"enemies":"Giant Head","floor":40.0,"turns":7.0},{"damage":2.0,"enemies":"3 Darklings","floor":44.0,"turns":4.0},{"damage":0.0,"enemies":"Maw","floor":47.0,"turns":6.0},{"damage":0.0,"enemies":"Transient","floor":48.0,"turns":5.0},{"damage":52.0,"enemies":"Time Eater","floor":50.0,"turns":9.0},{"damage":10.0,"enemies":"Shield and Spear","floor":54.0,"turns":5.0},{"damage":88,"enemies":"The Heart","floor":55,"turns":8}],"seed_played":"7961985927559412335","potions_obtained":[{"floor":6.0,"key":"SkillPotion"},{"floor":12.0,"key":"Poison Potion"},{"floor":13.0,"key":"GamblersBrew"},{"floor":14.0,"key":"Ancient Potion"},{"floor":22.0,"key":"SkillPotion"},{"floor":27.0,"key":"Strength Potion"},{"floor":31.0,"key":"FocusPotion"},{"floor":35.0,"key":"SpeedPotion"},{"floor":36.0,"key":"PowerPotion"},{"floor":37.0,"key":"Poison Potion"},{"floor":40.0,"key":"LiquidBronze"},{"floor":44.0,"key":"Strength Potion"},{"floor":54.0,"key":"FearPotion"}],"is_trial":false,"path_per_floor":["M","?","M","$","?","E","R","E","T","?","M","M","M","M","R","B",null,"M","?","M","$","M","R","M","R","T","M","M","?","M","E","R","B",null,"M","?","M","$","M","E","R","?","T","M","T","$","M","M","R","B",null,"R","$","E","B"],"character_chosen":"DEFECT","items_purchased":["Electrodynamics","Boot","Leap","Bag of Preparation","Pen Nib","EntropicBrew","Ancient Tea Set","PowerPotion"],"campfire_rested":3,"item_purchase_floors":[4,21,21,38,38,38,46,53],"current_hp_per_floor":[74,75,69,69,62,57,57,29,29,29,29,29,29,29,51,47,75,72,72,72,72,67,67,53,53,53,51,34,34,34,32,54,45,75,63,47,23,23,23,23,45,64,64,62,62,62,62,62,62,23,75,75,75,65,0],"gold":52,"neow_bonus":"RANDOM_COMMON_RELIC","is_prod":false,"is_daily":false,"chose_seed":false,"campfire_upgraded":4,"win_rate":0,"timestamp":1543770086,"path_taken":["M","?","?","?","?","E","R","E","T","?","M","M","M","M","R","BOSS","M","?","M","?","M","R","M","R","T","M","M","?","M","E","R","BOSS","M","?","M","$","M","E","R","?","T","M","?","?","M","M","R","BOSS","R","$","E","BOSS"],"build_version":"2018-11-15","purchased_purges":2,"victory":false,"max_hp_per_floor":[75,75,75,75,75,75,75,75,75,75,75,75,75,75,75,75,75,75,75,75,75,75,75,75,75,75,75,75,75,75,75,75,75,75,75,75,75,75,75,75,75,75,75,75,75,75,75,75,75,75,75,75,75,75,75],"card_choices":[{"not_picked":["Coolheaded","Reprogram"],"picked":"Conserve Battery","floor":1.0},{"not_picked":["Rebound","Streamline"],"picked":"Steam Power","floor":3.0},{"not_picked":["Turbo","Stack"],"picked":"Beam Cell","floor":6.0},{"not_picked":["Capacitor","Meteor Strike"],"picked":"Steam","floor":8.0},{"not_picked":["Heatsinks","Turbo"],"picked":"Ball Lightning","floor":11.0},{"not_picked":["Chill","Streamline"],"picked":"Lockon","floor":12.0},{"not_picked":["Steam Power","Turbo"],"picked":"Conserve Battery","floor":13.0},{"not_picked":["Gash","Turbo"],"picked":"Ball Lightning","floor":14.0},{"not_picked":["Hyperbeam","Multi-Cast"],"picked":"Biased Cognition","floor":16.0},{"not_picked":["Gash","White Noise"],"picked":"Double Energy","floor":18.0},{"not_picked":["Auto Shields","Skim"],"picked":"Steam Power","floor":20.0},{"not_picked":["Redo","Lockon"],"picked":"Beam Cell","floor":22.0},{"not_picked":["Machine Learning","Redo"],"picked":"Capacitor+1","floor":24.0},{"not_picked":["Chaos","Auto Shields+1","Sweeping Beam"],"picked":"SKIP","floor":27.0},{"not_picked":["Compile Driver","Barrage"],"picked":"Melter+1","floor":28.0},{"not_picked":["Compile Driver","Turbo"],"picked":"White Noise","floor":30.0},{"not_picked":["Blizzard","Compile Driver"],"picked":"Reboot","floor":31.0},{"not_picked":["Core Surge","Seek"],"picked":"Biased Cognition","floor":33.0},{"not_picked":["Chaos+1","Melter"],"picked":"Conserve Battery","floor":35.0},{"not_picked":["Sweeping Beam","Steam+1"],"picked":"Stack","floor":36.0},{"not_picked":["Barrage+1","Cold Snap"],"picked":"Coolheaded+1","floor":37.0},{"not_picked":["Compile Driver","Conserve Battery+1"],"picked":"Reinforced Body+1","floor":39.0},{"not_picked":["Core Surge","Go for the Eyes"],"picked":"Conserve Battery+1","floor":40.0},{"not_picked":["Ball Lightning+1","Genetic Algorithm"],"picked":"Steam Power","floor":44.0},{"not_picked":["Lockon","Sweeping Beam"],"picked":"Chill","floor":47.0},{"not_picked":["Barrage+1","Coolheaded","Leap"],"picked":"SKIP","floor":48.0},{"not_picked":["BootSequence+1","Beam Cell"],"picked":"Capacitor+1","floor":54.0}],"player_experience":593239,"relics_obtained":[{"floor":6.0,"key":"Anchor"},{"floor":8.0,"key":"Turnip"},{"floor":9.0,"key":"PreservedInsect"},{"floor":31.0,"key":"Old Coin"},{"floor":36.0,"key":"Torii"},{"floor":40.0,"key":"Pantograph"},{"floor":43.0,"key":"Whetstone"},{"floor":45.0,"key":"Ice Cream"},{"floor":54.0,"key":"Darkstone Periapt"}],"event_choices":[{"damage_healed":1.0,"max_hp_gain":0.0,"max_hp_loss":0.0,"gold_gain":0.0,"event_name":"Wheel of Change","player_choice":"Full Heal","floor":2.0,"gold_loss":0.0,"damage_taken":0.0},{"cards_removed":["Strike_B"],"damage_healed":0.0,"max_hp_gain":0.0,"max_hp_loss":0.0,"gold_gain":0.0,"event_name":"Golden Wing","player_choice":"Card Removal","floor":5.0,"gold_loss":0.0,"damage_taken":7.0},{"damage_healed":0.0,"max_hp_gain":0.0,"max_hp_loss":0.0,"gold_gain":0.0,"cards_transformed":["Strike_B"],"event_name":"Living Wall","player_choice":"Change","floor":10.0,"gold_loss":0.0,"damage_taken":0.0,"cards_obtained":["Scrape"]},{"cards_removed":["Cold Snap"],"damage_healed":0.0,"max_hp_gain":0.0,"max_hp_loss":0.0,"gold_gain":0.0,"event_name":"Designer","player_choice":"Upgrade and Remove","floor":19.0,"gold_loss":90.0,"damage_taken":0.0,"cards_upgraded":["Static Discharge"]},{"cards_removed":["Static Discharge"],"damage_healed":0.0,"max_hp_gain":0.0,"max_hp_loss":0.0,"gold_gain":0.0,"event_name":"Back to Basics","player_choice":"Elegance","floor":29.0,"gold_loss":0.0,"damage_taken":0.0},{"damage_healed":0.0,"max_hp_gain":0.0,"max_hp_loss":0.0,"gold_gain":0.0,"event_name":"MindBloom","player_choice":"Fight","floor":36.0,"gold_loss":0.0,"damage_taken":0.0},{"damage_healed":19.0,"max_hp_gain":0.0,"max_hp_loss":0.0,"gold_gain":0.0,"event_name":"Winding Halls","player_choice":"Writhe","floor":42.0,"gold_loss":0.0,"damage_taken":0.0,"cards_obtained":["Writhe"]}],"is_beta":false,"boss_relics":[{"not_picked":["Lizard Tail","FrozenCore"],"picked":"Pandora\u0027s Box"},{"not_picked":["Black Star","Tiny House"],"picked":"White Beast Statue"}],"items_purged_floors":[38,46],"is_endless":false,"potions_floor_spawned":[6,12,13,14,22,27,28,31,35,36,37,39,40,44,47,48,54],"killed_by":"The Heart","ascension_level":0}