{"gold_per_floor":[113,113,113,124,135,135,155,155,180,30,40,40,69,79,79,178,178,190,177,103,119,119],"floor_reached":22,"playtime":4023,"items_purged":[],"score":188,"play_id":"eb54e58a-2dec-4476-be13-76526dd29577","local_time":"20190902211433","is_ascension_mode":false,"campfire_choices":[{"data":"Neutralize","floor":6,"key":"SMITH"},{"data":"Predator","floor":8,"key":"SMITH"},{"floor":12,"key":"REST"},{"data":"Bouncing Flask","floor":15,"key":"SMITH"}],"neow_cost":"NONE","seed_source_timestamp":90197460243800,"circlet_count":0,"master_deck":["Strike_G","Strike_G","Strike_G","Strike_G","Strike_G","Defend_G","Defend_G","Defend_G","Defend_G","Defend_G","Survivor","Neutralize+1","Slice","Backflip","Escape Plan","Predator+1","Die Die Die","Bouncing Flask+1","Dash","Footwork","Tools of the Trade","Infinite Blades","Outmaneuver","Riddle With Holes","Escape Plan","Eviscerate","Blur","Dash","Well Laid Plans"],"relics":["Runic Dome","Regal Pillow","Pen Nib","Girya","Orrery"],"potions_floor_usage":[16,22,22],"damage_taken":[{"damage":2,"enemies":"Small Slimes","floor":1,"turns":5},{"damage":0,"enemies":"Cultist","floor":4,"turns":5},{"damage":1,"enemies":"Jaw Worm","floor":5,"turns":4},{"damage":15,"enemies":"Red Slaver","floor":7,"turns":5},{"damage":0,"enemies":"Looter","floor":11,"turns":3},{"damage":4,"enemies":"Lagavulin","floor":13,"turns":6},{"damage":0,"enemies":"3 Louse","floor":14,"turns":2},{"damage":27,"enemies":"Slime Boss","floor":16,"turns":16},{"damage":8,"enemies":"Chosen","floor":18,"turns":5},{"damage":22,"enemies":"2 Thieves","floor":19,"turns":4},{"damage":27,"enemies":"Sentry and Sphere","floor":21,"turns":7},{"damage":18,"enemies":"Cultist and Chosen","floor":22,"turns":6}],"seed_played":"4090134131182758321","potions_obtained":[{"floor":4,"key":"Dexterity Potion"},{"floor":13,"key":"Dexterity Potion"},{"floor":19,"key":"EssenceOfSteel"}],"is_trial":false,"path_per_floor":["M","?","$","M","M","R","M","R","T","$","M","R","E","M","R","B",null,"M","M","$","M","M"],"character_chosen":"THE_SILENT","items_purchased":["Die Die Die","Dash"],"campfire_rested":1,"item_purchase_floors":[10,20],"current_hp_per_floor":[68,68,68,68,67,67,52,52,52,52,52,70,66,66,66,39,70,62,40,40,13,0],"gold":119,"neow_bonus":"BOSS_RELIC","is_prod":false,"is_daily":false,"chose_seed":false,"campfire_upgraded":3,"win_rate":0.0,"timestamp":1567476873,"path_taken":["M","?","?","M","M","R","M","R","T","$","M","R","E","M","R","BOSS","M","M","?","M","?"],"build_version":"2019-07-17","purchased_purges":0,"victory":false,"max_hp_per_floor":[70,70,70,70,70,70,70,70,70,70,70,70,70,70,70,70,70,70,70,70,70,70],"card_choices":[{"not_picked":["Blade Dance","Finisher"],"picked":"Slice","floor":1},{"not_picked":["Quick Slash","Dodge and Roll"],"picked":"Backflip","floor":4},{"not_picked":["Slice","Sucker Punch"],"picked":"Escape Plan","floor":5},{"not_picked":["Heel Hook","Flying Knee"],"picked":"Predator","floor":7},{"not_picked":["Masterful Stab","Quick Slash"],"picked":"Bouncing Flask","floor":11},{"not_picked":["Bane","Crippling Poison"],"picked":"Dash","floor":13},{"not_picked":["Poisoned Stab","Flechettes"],"picked":"Footwork","floor":14},{"not_picked":["Wraith Form v2","Glass Knife"],"picked":"Tools of the Trade","floor":16},{"not_picked":["Dagger Spray","Dagger Throw"],"picked":"Infinite Blades","floor":17},{"not_picked":["Eviscerate","Dagger Spray"],"picked":"Outmaneuver","floor":17},{"not_picked":["Dodge and Roll","Heel Hook"],"picked":"Riddle With Holes","floor":17},{"not_picked":["Distraction","Blur"],"picked":"Escape Plan","floor":17},{"not_picked":["Bane","Phantasmal Killer"],"picked":"Eviscerate","floor":17},{"not_picked":["Sucker Punch","Deflect","Backflip"],"picked":"SKIP","floor":18},{"not_picked":["Catalyst+1","Reflex"],"picked":"Blur","floor":19},{"not_picked":["Flying Knee","Sucker Punch"],"picked":"Well Laid Plans","floor":21}],"player_experience":105422,"relics_obtained":[{"floor":2,"key":"Regal Pillow"},{"floor":9,"key":"Pen Nib"},{"floor":13,"key":"Girya"}],"event_choices":[{"damage_healed":0,"gold_gain":0,"player_choice":"Relic","damage_taken":0,"max_hp_gain":0,"max_hp_loss":0,"event_name":"Wheel of Change","floor":2,"gold_loss":0}],"is_beta":false,"boss_relics":[{"not_picked":["Astrolabe","Philosopher\u0027s Stone"],"picked":"Orrery"}],"items_purged_floors":[],"is_endless":false,"potions_floor_spawned":[4,13,19],"killed_by":"Cultist and Chosen","ascension_level":0}