{"gold_per_floor":[368,208,208,224,299,299,309,326,326,48,48,48,48,48,48,119,119,139,165,165,177,177],"floor_reached":22,"playtime":609,"items_purged":["Strike_G"],"score":364,"play_id":"f0d5816a-58af-47fb-bd61-2493a49fb2ac","local_time":"20190908192007","is_ascension_mode":true,"campfire_choices":[{"data":"Crippling Poison","floor":6.0,"key":"SMITH"},{"data":"Deadly Poison","floor":11.0,"key":"SMITH"},{"data":"Neutralize","floor":15.0,"key":"SMITH"}],"neow_cost":"PERCENT_DAMAGE","seed_source_timestamp":604639905045300,"circlet_count":0,"master_deck":["AscendersBane","Strike_G","Strike_G","Defend_G","Defend_G","Defend_G","Defend_G","Defend_G","Survivor","Neutralize+1","Backflip","Crippling Poison+1","Deadly Poison+1","Adrenaline","PiercingWail+1"],"special_seed":0,"relics":["Ring of the Snake","Singing Bowl","Sundial","Philosopher\u0027s Stone","Red Mask"],"potions_floor_usage":[22,22],"damage_taken":[{"damage":0.0,"enemies":"Jaw Worm","floor":1.0,"turns":5.0},{"damage":2.0,"enemies":"Cultist","floor":4.0,"turns":5.0},{"damage":0.0,"enemies":"2 Louse","floor":7.0,"turns":3.0},{"damage":11.0,"enemies":"Exordium Wildlife","floor":8.0,"turns":6.0},{"damage":0.0,"enemies":"Gremlin Nob","floor":12.0,"turns":1.0},{"damage":33.0,"enemies":"Hexaghost","floor":16.0,"turns":11.0},{"damage":9.0,"enemies":"Chosen","floor":18.0,"turns":6.0},{"damage":32.0,"enemies":"Masked Bandits","floor":19.0,"turns":5.0},{"damage":3.0,"enemies":"Shell Parasite","floor":21.0,"turns":6.0},{"damage":16,"enemies":"Shelled Parasite and Fungi","floor":22,"turns":4}],"seed_played":"1710347795858710572","potions_obtained":[{"floor":4.0,"key":"SmokeBomb"},{"floor":16.0,"key":"PowerPotion"},{"floor":19.0,"key":"Swift Potion"}],"is_trial":false,"path_per_floor":["M","$","?","M","?","R","M","M","T","$","R","E","$","?","R","B",null,"M","?","?","M","M"],"character_chosen":"THE_SILENT","items_purchased":["Crippling Poison","Sundial"],"campfire_rested":0,"item_purchase_floors":[2,10],"current_hp_per_floor":[44,44,44,42,31,31,31,20,20,20,20,20,20,42,42,9,52,45,15,15,12,0],"gold":177,"neow_bonus":"TWO_FIFTY_GOLD","is_prod":false,"is_daily":false,"chose_seed":false,"campfire_upgraded":3,"win_rate":0,"timestamp":1567941607,"path_taken":["M","$","?","?","?","R","M","M","T","$","R","E","?","?","R","BOSS","M","?","?","?","M"],"build_version":"2019-07-17","purchased_purges":1,"victory":false,"max_hp_per_floor":[66,66,66,66,66,66,66,66,66,66,66,66,66,66,66,66,66,68,70,70,70,70],"card_choices":[{"not_picked":["Underhanded Strike","Sucker Punch"],"picked":"Backflip","floor":1.0},{"not_picked":["Riddle With Holes","Blade Dance","Bane"],"picked":"SKIP","floor":4.0},{"not_picked":["Cloak And Dagger","Finisher"],"picked":"Deadly Poison","floor":7.0},{"not_picked":["Concentrate","Backflip","Sucker Punch"],"picked":"SKIP","floor":8.0},{"not_picked":["Tools of the Trade","Glass Knife"],"picked":"Adrenaline","floor":16.0},{"not_picked":["Sucker Punch","Poisoned Stab","Dodge and Roll"],"picked":"Singing Bowl","floor":18.0},{"not_picked":["Slice","Quick Slash","Poisoned Stab"],"picked":"Singing Bowl","floor":19.0},{"not_picked":["Bouncing Flask","Poisoned Stab"],"picked":"PiercingWail+1","floor":21.0}],"player_experience":928464,"relics_obtained":[{"floor":9.0,"key":"Singing Bowl"},{"floor":19.0,"key":"Red Mask"}],"event_choices":[{"cards_removed":["Strike_G"],"damage_healed":0.0,"max_hp_gain":0.0,"max_hp_loss":0.0,"gold_gain":0.0,"event_name":"Bonfire Elementals","player_choice":"Offered Basic","floor":3.0,"gold_loss":0.0,"damage_taken":0.0},{"damage_healed":0.0,"max_hp_gain":0.0,"max_hp_loss":0.0,"gold_gain":75.0,"event_name":"World of Goop","player_choice":"Gather Gold","floor":5.0,"gold_loss":0.0,"damage_taken":11.0},{"damage_healed":22.0,"max_hp_gain":0.0,"max_hp_loss":0.0,"gold_gain":0.0,"event_name":"Big Fish","player_choice":"Banana","floor":14.0,"gold_loss":0.0,"damage_taken":0.0},{"damage_healed":0.0,"max_hp_gain":0.0,"max_hp_loss":0.0,"gold_gain":0.0,"event_name":"Masked Bandits","player_choice":"Fought Bandits","floor":19.0,"gold_loss":0.0,"damage_taken":0.0},{"cards_removed":["Strike_G"],"damage_healed":0.0,"max_hp_gain":0.0,"max_hp_loss":0.0,"gold_gain":0.0,"event_name":"Wheel of Change","player_choice":"Card Removal","floor":20.0,"gold_loss":0.0,"damage_taken":0.0}],"is_beta":false,"boss_relics":[{"not_picked":["Sozu","Cursed Key"],"picked":"Philosopher\u0027s Stone"}],"items_purged_floors":[2],"is_endless":false,"potions_floor_spawned":[4,12,16,19],"killed_by":"Shelled Parasite and Fungi","ascension_level":20}