{"gold_per_floor":[110,110,110,124,73,103,103,113,137,154,43,60,94,109,109,183,183,200,200,218,30,40,40,55,55,130,94,94,94,113,129,129,202,202,215,265,284,159,177,177,195,225,225,260,110,110,110,128,128,128,128,128,128,73,105,105],"floor_reached":57,"playtime":2217,"items_purged":["Strike_G","Strike_G","Strike_G","Injury"],"score":2948,"play_id":"e8c6481d-b14b-465b-bcb0-a204cab2b0ae","local_time":"20190831110828","is_ascension_mode":true,"campfire_choices":[{"data":"Deadly Poison","floor":7.0,"key":"SMITH"},{"data":"Catalyst","floor":15.0,"key":"SMITH"},{"data":"Prepared","floor":23.0,"key":"SMITH"},{"data":"Night Terror","floor":29.0,"key":"SMITH"},{"data":"Well Laid Plans","floor":32.0,"key":"SMITH"},{"data":"Expertise","floor":40.0,"key":"SMITH"},{"floor":49.0,"key":"RECALL"},{"data":"Neutralize","floor":53.0,"key":"SMITH"}],"neow_cost":"NONE","seed_source_timestamp":432346614828200,"circlet_count":0,"master_deck":["AscendersBane","Defend_G","Defend_G","Defend_G","Defend_G","Defend_G","Survivor","Neutralize+1","Deadly Poison+1","Prepared+1","Catalyst+1","Backflip","Footwork","After Image","Adrenaline","Well Laid Plans+1","Noxious Fumes","Night Terror+1","Glass Knife","Concentrate","Corpse Explosion","Expertise+1"],"special_seed":0,"relics":["Ring of the Snake","NeowsBlessing","Art of War","Darkstone Periapt","Bottled Lightning","Blue Candle","Eternal Feather","Gremlin Horn","Cursed Key","Dodecahedron","Sundial","Unceasing Top","Turnip"],"potions_floor_usage":[56,56],"damage_taken":[{"damage":0.0,"enemies":"Jaw Worm","floor":1.0,"turns":1.0},{"damage":0.0,"enemies":"Cultist","floor":4.0,"turns":1.0},{"damage":0.0,"enemies":"Lagavulin","floor":6.0,"turns":1.0},{"damage":2.0,"enemies":"2 Louse","floor":8.0,"turns":3.0},{"damage":11.0,"enemies":"Exordium Wildlife","floor":10.0,"turns":6.0},{"damage":2.0,"enemies":"2 Fungi Beasts","floor":12.0,"turns":3.0},{"damage":24.0,"enemies":"3 Sentries","floor":13.0,"turns":16.0},{"damage":0.0,"enemies":"3 Louse","floor":14.0,"turns":5.0},{"damage":0.0,"enemies":"Hexaghost","floor":16.0,"turns":9.0},{"damage":10.0,"enemies":"Shell Parasite","floor":18.0,"turns":5.0},{"damage":1.0,"enemies":"Chosen","floor":20.0,"turns":5.0},{"damage":12.0,"enemies":"Centurion and Healer","floor":22.0,"turns":7.0},{"damage":19.0,"enemies":"Chosen and Byrds","floor":24.0,"turns":6.0},{"damage":0.0,"enemies":"Snecko","floor":30.0,"turns":4.0},{"damage":5.0,"enemies":"Snake Plant","floor":31.0,"turns":5.0},{"damage":37.0,"enemies":"Collector","floor":33.0,"turns":4.0},{"damage":1.0,"enemies":"3 Shapes","floor":35.0,"turns":5.0},{"damage":12.0,"enemies":"3 Darklings","floor":37.0,"turns":4.0},{"damage":11.0,"enemies":"Sphere and 2 Shapes","floor":39.0,"turns":5.0},{"damage":1.0,"enemies":"Transient","floor":41.0,"turns":6.0},{"damage":0.0,"enemies":"Nemesis","floor":42.0,"turns":3.0},{"damage":16.0,"enemies":"Giant Head","floor":44.0,"turns":5.0},{"damage":0.0,"enemies":"Spire Growth","floor":48.0,"turns":4.0},{"damage":21.0,"enemies":"Donu and Deca","floor":50.0,"turns":3.0},{"damage":5.0,"enemies":"Awakened One","floor":51.0,"turns":9.0},{"damage":42.0,"enemies":"Shield and Spear","floor":55.0,"turns":4.0},{"damage":6,"enemies":"The Heart","floor":56,"turns":5}],"seed_played":"4","potions_obtained":[{"floor":1.0,"key":"Energy Potion"},{"floor":4.0,"key":"Fire Potion"},{"floor":10.0,"key":"GamblersBrew"},{"floor":18.0,"key":"Fire Potion"},{"floor":24.0,"key":"GhostInAJar"},{"floor":31.0,"key":"LiquidBronze"},{"floor":33.0,"key":"Energy Potion"},{"floor":42.0,"key":"GhostInAJar"},{"floor":44.0,"key":"Strength Potion"},{"floor":55.0,"key":"SkillPotion"}],"is_trial":false,"path_per_floor":["M","?","?","M","$","E","R","M","T","M","$","M","E","M","R","B",null,"M","?","M","$","M","R","M","?","T","$","?","R","M","M","R","B",null,"M","?","M","$","M","R","M","E","T","E","$","?","?","M","R","B","B",null,"R","$","E","B",null],"character_chosen":"THE_SILENT","items_purchased":["Deadly Poison","Footwork","Noxious Fumes","Concentrate","PowerPotion"],"campfire_rested":0,"item_purchase_floors":[5,11,21,27,54],"current_hp_per_floor":[59,41,41,41,41,41,41,39,39,28,28,26,2,2,2,2,50,40,40,39,39,27,39,20,20,20,20,20,32,32,27,39,2,50,49,49,37,37,26,38,37,37,43,27,27,27,27,27,39,18,13,57,69,69,27,21],"gold":105,"neow_bonus":"THREE_ENEMY_KILL","is_prod":false,"is_daily":false,"chose_seed":false,"campfire_upgraded":7,"win_rate":0,"timestamp":1567220908,"path_taken":["M","?","?","M","$","E","R","?","T","M","?","M","E","M","R","BOSS","BOSS","M","?","M","$","M","R","M","?","T","?","?","R","?","M","R","BOSS","M","?","?","$","M","R","M","E","T","E","$","?","?","?","R","BOSS","BOSS","R","$","E","BOSS"],"build_version":"2019-07-17","purchased_purges":4,"victory":true,"max_hp_per_floor":[66,66,66,66,66,66,66,66,66,66,66,66,66,66,66,66,66,66,66,66,66,66,66,66,66,66,66,66,66,66,66,66,66,66,66,66,66,66,66,66,66,66,72,72,72,72,72,72,72,72,72,72,72,72,72,72],"card_choices":[{"not_picked":["Expertise","Blade Dance","Endless Agony"],"picked":"SKIP","floor":1.0},{"not_picked":["Underhanded Strike","Quick Slash","Terror"],"picked":"SKIP","floor":4.0},{"not_picked":["Quick Slash","Bane"],"picked":"Prepared","floor":6.0},{"not_picked":["Well Laid Plans","Slice"],"picked":"Catalyst","floor":8.0},{"not_picked":["Deflect","Slice"],"picked":"Backflip","floor":10.0},{"not_picked":["Backflip","Expertise","Dagger Spray"],"picked":"SKIP","floor":12.0},{"not_picked":["Escape Plan","Blade Dance"],"picked":"After Image","floor":13.0},{"not_picked":["Quick Slash","Riddle With Holes","PiercingWail"],"picked":"SKIP","floor":14.0},{"not_picked":["Burst","Unload"],"picked":"Adrenaline","floor":16.0},{"not_picked":["Backflip+1","All Out Attack","Bane"],"picked":"SKIP","floor":18.0},{"not_picked":["Sucker Punch","PiercingWail","Heel Hook"],"picked":"SKIP","floor":20.0},{"not_picked":["Slice+1","Flying Knee","Dagger Throw"],"picked":"SKIP","floor":22.0},{"not_picked":["Sucker Punch+1","Endless Agony","Deadly Poison"],"picked":"SKIP","floor":24.0},{"not_picked":["Blur","Dodge and Roll"],"picked":"Corpse Explosion","floor":30.0},{"not_picked":["Blade Dance","Deflect","Eviscerate"],"picked":"SKIP","floor":31.0},{"not_picked":["Blade Dance","Underhanded Strike+1"],"picked":"Expertise","floor":35.0},{"not_picked":["Backstab","Flechettes+1","All Out Attack"],"picked":"SKIP","floor":37.0},{"not_picked":["Outmaneuver","Dagger Throw","Blade Dance+1"],"picked":"SKIP","floor":39.0},{"not_picked":["Underhanded Strike+1","Finisher","Skewer"],"picked":"SKIP","floor":41.0},{"not_picked":["Bouncing Flask+1","Endless Agony+1","Blade Dance"],"picked":"SKIP","floor":42.0},{"not_picked":["Dodge and Roll+1","Blade Dance","Wraith Form v2"],"picked":"SKIP","floor":44.0},{"not_picked":["Cloak And Dagger","Noxious Fumes","Dodge and Roll+1"],"picked":"SKIP","floor":48.0},{"not_picked":["Crippling Poison","Bane","Dagger Throw"],"picked":"SKIP","floor":55.0}],"player_experience":913250,"relics_obtained":[{"floor":6.0,"key":"Bottled Lightning"},{"floor":13.0,"key":"Blue Candle"},{"floor":26.0,"key":"Gremlin Horn"},{"floor":42.0,"key":"Dodecahedron"},{"floor":43.0,"key":"Sundial"},{"floor":44.0,"key":"Unceasing Top"},{"floor":55.0,"key":"Turnip"}],"event_choices":[{"damage_healed":0.0,"max_hp_gain":0.0,"max_hp_loss":0.0,"gold_gain":0.0,"event_name":"Scrap Ooze","player_choice":"Success","floor":2.0,"gold_loss":0.0,"damage_taken":18.0,"relics_obtained":["Art of War"]},{"damage_healed":0.0,"max_hp_gain":0.0,"max_hp_loss":0.0,"gold_gain":0.0,"event_name":"WeMeetAgain","player_choice":"Gave Potion","floor":3.0,"gold_loss":0.0,"damage_taken":0.0,"relics_obtained":["Darkstone Periapt"]},{"damage_healed":0.0,"max_hp_gain":0.0,"max_hp_loss":0.0,"gold_gain":0.0,"event_name":"The Library","player_choice":"Read","floor":19.0,"gold_loss":0.0,"damage_taken":0.0,"cards_obtained":["Well Laid Plans"]},{"damage_healed":0.0,"max_hp_gain":0.0,"max_hp_loss":0.0,"gold_gain":0.0,"cards_transformed":["Strike_G","Strike_G"],"event_name":"Drug Dealer","player_choice":"Became Test Subject","floor":25.0,"gold_loss":0.0,"damage_taken":0.0,"cards_obtained":["Night Terror","Glass Knife"]},{"damage_healed":0.0,"max_hp_gain":0.0,"max_hp_loss":0.0,"gold_gain":0.0,"event_name":"The Mausoleum","player_choice":"Ignored","floor":28.0,"gold_loss":0.0,"damage_taken":0.0},{"damage_healed":0.0,"max_hp_gain":0.0,"max_hp_loss":0.0,"gold_gain":50.0,"event_name":"Golden Shrine","player_choice":"Pray","floor":36.0,"gold_loss":0.0,"damage_taken":0.0},{"damage_healed":0.0,"max_hp_gain":0.0,"max_hp_loss":0.0,"gold_gain":0.0,"event_name":"Mysterious Sphere","player_choice":"Ignored","floor":46.0,"gold_loss":0.0,"damage_taken":0.0},{"damage_healed":0.0,"max_hp_gain":0.0,"max_hp_loss":0.0,"gold_gain":0.0,"event_name":"SecretPortal","player_choice":"Ignored","floor":47.0,"gold_loss":0.0,"damage_taken":0.0}],"is_beta":false,"boss_relics":[{"not_picked":["Velvet Choker","White Beast Statue"],"picked":"Eternal Feather"},{"not_picked":["Orrery","Lizard Tail"],"picked":"Cursed Key"}],"items_purged_floors":[11,21,38,45],"is_endless":false,"potions_floor_spawned":[1,4,10,18,24,31,33,35,42,44,48,55],"ascension_level":20}