{"gold_per_floor":[115,40,40,40,56,56,85,101,101,113,124,124,144,219,219,316,316,330,342,257,312,326,326,326,326,326,326,153,164,183,201,201,201],"floor_reached":33,"playtime":2272,"items_purged":["Strike_R","Strike_R"],"score":274,"play_id":"c2684e2e-312e-489d-b052-b4a455d1ed2c","local_time":"20180925090647","is_ascension_mode":false,"campfire_choices":[{"data":"Clothesline","floor":6.0,"key":"SMITH"},{"data":"Double Tap","floor":15.0,"key":"SMITH"},{"data":"Strike_R","floor":23,"key":"PURGE"},{"data":"Strike_R","floor":25,"key":"PURGE"},{"data":"Strike_R","floor":27,"key":"PURGE"},{"data":"Shame","floor":32,"key":"PURGE"}],"neow_cost":"NONE","seed_source_timestamp":0,"circlet_count":0,"master_deck":["Defend_R","Defend_R","Defend_R","Bash","Carnage","Clothesline+1","Shrug It Off","Headbutt","Anger","Inflame","Double Tap+1","Double Tap","Combust+1","Battle Trance","Rage","Headbutt","Injury","Fire Breathing","Shrug It Off","Flex","Pummel"],"special_seed":0,"relics":["Cursed Key","Pear","Peace Pipe","Mummified Hand","Fusion Hammer","Oddly Smooth Stone","Anchor","Strawberry"],"potions_floor_usage":[22,33,33],"damage_taken":[{"damage":3.0,"enemies":"Jaw Worm","floor":1.0,"turns":3.0},{"damage":0.0,"enemies":"2 Louse","floor":5.0,"turns":3.0},{"damage":21.0,"enemies":"3 Sentries","floor":7.0,"turns":6.0},{"damage":0.0,"enemies":"Cultist","floor":8.0,"turns":2.0},{"damage":4.0,"enemies":"3 Louse","floor":10.0,"turns":3.0},{"damage":7.0,"enemies":"Exordium Thugs","floor":11.0,"turns":4.0},{"damage":0.0,"enemies":"Looter","floor":13.0,"turns":2.0},{"damage":30.0,"enemies":"The Guardian","floor":16.0,"turns":5.0},{"damage":0,"enemies":"Spheric Guardian","floor":18,"turns":1},{"damage":12,"enemies":"3 Byrds","floor":19,"turns":5},{"damage":12,"enemies":"Snake Plant","floor":22,"turns":3},{"damage":23,"enemies":"Centurion and Healer","floor":29,"turns":5},{"damage":3,"enemies":"Cultist and Chosen","floor":30,"turns":5},{"damage":0,"enemies":"Snake Plant","floor":31,"turns":4},{"damage":59,"enemies":"Collector","floor":33,"turns":6}],"seed_played":"-5741896904366676009","potions_obtained":[{"floor":5.0,"key":"LiquidBronze"},{"floor":8.0,"key":"FearPotion"},{"floor":13.0,"key":"Block Potion"},{"floor":18,"key":"Weak Potion"},{"floor":22,"key":"Dexterity Potion"},{"floor":31,"key":"Explosive Potion"}],"is_trial":false,"path_per_floor":["M","$","?","?","M","R","E","M","T","M","M","?","M","?","R","B",null,"M","M","?","T","M","R","?","R","T","R","$","M","M","M","R"],"character_chosen":"IRONCLAD","items_purchased":["Fire Breathing"],"campfire_rested":0,"item_purchase_floors":[28],"current_hp_per_floor":[77,77,77,87,87,87,66,66,66,62,55,55,55,44,44,14,90,90,78,78,78,66,66,66,66,73,73,73,50,47,47,47,0],"gold":201,"neow_bonus":"BOSS_RELIC","is_prod":false,"is_daily":false,"chose_seed":false,"campfire_upgraded":2,"win_rate":0.0,"timestamp":1537880807,"path_taken":["M","$","?","?","M","R","E","M","T","M","M","?","M","?","R","BOSS","M","M","?","?","M","R","?","R","T","R","$","M","M","M","R","BOSS"],"build_version":"2018-09-20","purchased_purges":2,"victory":false,"max_hp_per_floor":[80,80,80,90,90,90,90,90,90,90,90,90,90,90,90,90,90,90,90,90,90,90,90,90,90,97,97,97,97,97,97,97,97],"card_choices":[{"not_picked":["Armaments","Iron Wave"],"picked":"Carnage","floor":1.0},{"not_picked":["Twin Strike","Rupture"],"picked":"Clothesline","floor":5.0},{"not_picked":["Body Slam","Bloodletting"],"picked":"Shrug It Off","floor":7.0},{"not_picked":["Warcry","Perfected Strike"],"picked":"Headbutt","floor":8.0},{"not_picked":["True Grit","Perfected Strike"],"picked":"Anger","floor":10.0},{"not_picked":["Heavy Blade","Disarm"],"picked":"Inflame","floor":11.0},{"not_picked":["Inflame","Clash"],"picked":"Double Tap","floor":13.0},{"not_picked":["Dark Embrace","Demon Form"],"picked":"Double Tap","floor":16.0},{"not_picked":["True Grit","Clash"],"picked":"Combust+1","floor":18},{"not_picked":["Disarm","Clothesline"],"picked":"Battle Trance","floor":19},{"not_picked":["Entrench+1","Sword Boomerang"],"picked":"Rage","floor":22},{"not_picked":["Combust","Clothesline+1"],"picked":"Shrug It Off","floor":29},{"not_picked":["Searing Blow","Heavy Blade"],"picked":"Flex","floor":30},{"not_picked":["Thunderclap","Seeing Red"],"picked":"Pummel","floor":31}],"player_experience":15847,"relics_obtained":[{"floor":4.0,"key":"Pear"},{"floor":7.0,"key":"Peace Pipe"},{"floor":9.0,"key":"Mummified Hand"},{"floor":21,"key":"Anchor"},{"floor":26,"key":"Strawberry"}],"event_choices":[{"event_name":"Living Wall","player_choice":"Forget","floor":3.0,"damage_taken":0.0},{"event_name":"Wheel of Change","player_choice":"Relic","floor":4.0,"damage_taken":0.0},{"event_name":"Fountain of Cleansing","player_choice":"Removed Curse","floor":12.0,"damage_taken":0.0},{"event_name":"World of Goop","player_choice":"Gather Gold","floor":14.0,"damage_taken":0.0},{"event_name":"Addict","player_choice":"Obtained Relic","floor":20,"damage_taken":0},{"event_name":"The Library","player_choice":"Read","floor":24,"damage_taken":0}],"is_beta":false,"boss_relics":[{"not_picked":["Lizard Tail","Black Star"],"picked":"Fusion Hammer"}],"items_purged_floors":[2,28],"is_endless":false,"potions_floor_spawned":[5,8,13,18,22,31],"killed_by":"Collector","ascension_level":0}