{"gold_per_floor":[115,190,200,200,213,242,417,225,251,251,265,295,31,41,41,145,145,155,155,170,182,112,112],"floor_reached":23,"playtime":1162,"items_purged":["Doubt"],"score":291,"play_id":"6f8a1e7a-4567-4726-acf3-12450c9662ea","local_time":"20190911002138","is_ascension_mode":true,"campfire_choices":[{"floor":10.0,"key":"REST"},{"floor":15,"key":"REST"}],"neow_cost":"TEN_PERCENT_HP_LOSS","seed_source_timestamp":0,"circlet_count":0,"master_deck":["Strike_G","Strike_G+1","Strike_G","Strike_G","Defend_G","Defend_G","Defend_G","Defend_G","Defend_G","Survivor","Neutralize+1","Panacea","Finesse","Skewer","Infinite Blades","Deflect","Escape Plan","Backstab","Crippling Poison","After Image","Eviscerate","Noxious Fumes","Burst","Caltrops+1","Cloak And Dagger+1","Backflip","Footwork"],"special_seed":0,"relics":["Ring of the Snake","Whetstone","Smiling Mask","Bronze Scales","Chemical X","Black Star","GremlinMask"],"potions_floor_usage":[12,12,14],"damage_taken":[{"damage":0.0,"enemies":"Small Slimes","floor":1.0,"turns":5.0},{"damage":0.0,"enemies":"2 Louse","floor":3.0,"turns":3.0},{"damage":0.0,"enemies":"Jaw Worm","floor":5.0,"turns":5.0},{"damage":23.0,"enemies":"3 Sentries","floor":6.0,"turns":11.0},{"damage":20.0,"enemies":"Exordium Wildlife","floor":11.0,"turns":8.0},{"damage":17,"enemies":"Lagavulin","floor":12,"turns":8},{"damage":0,"enemies":"Exordium Thugs","floor":14,"turns":4},{"damage":13,"enemies":"Hexaghost","floor":16,"turns":10},{"damage":6,"enemies":"Shell Parasite","floor":18,"turns":6},{"damage":0,"enemies":"3 Byrds","floor":20,"turns":3},{"damage":19,"enemies":"Snake Plant","floor":21,"turns":4},{"damage":25,"enemies":"Book of Stabbing","floor":23,"turns":5}],"seed_played":"-6933038921358894200","potions_obtained":[{"floor":6.0,"key":"AttackPotion"},{"floor":11.0,"key":"SpeedPotion"},{"floor":12,"key":"Explosive Potion"},{"floor":16,"key":"Energy Potion"},{"floor":18,"key":"Poison Potion"},{"floor":20,"key":"SteroidPotion"}],"is_trial":false,"path_per_floor":["M","?","M","?","M","E","?","$","T","R","M","E","$","M","R","B",null,"M","?","M","M","$","E"],"character_chosen":"THE_SILENT","items_purchased":["Backstab","Crippling Poison","Chemical X","Eviscerate","Noxious Fumes","Footwork"],"campfire_rested":2,"item_purchase_floors":[8,8,13,13,13,22],"current_hp_per_floor":[63,52,52,45,45,22,22,22,22,40,20,3,3,3,21,8,49,43,43,43,24,24,0],"gold":112,"neow_bonus":"RANDOM_COLORLESS_2","is_prod":false,"is_daily":false,"chose_seed":false,"campfire_upgraded":0,"win_rate":0,"timestamp":1568186498,"path_taken":["M","?","M","?","M","E","?","$","T","R","M","E","?","M","R","BOSS","M","?","M","M","?","E"],"build_version":"2019-09-10","purchased_purges":1,"victory":false,"max_hp_per_floor":[63,63,63,63,63,63,63,63,63,63,63,63,63,63,63,63,63,63,63,63,63,63,63],"card_choices":[{"not_picked":["Endless Agony","Acrobatics"],"picked":"Skewer","floor":1.0},{"not_picked":["Acrobatics","Quick Slash"],"picked":"Infinite Blades","floor":3.0},{"not_picked":["Expertise","Flying Knee"],"picked":"Deflect","floor":5.0},{"not_picked":["Choke","Flying Knee"],"picked":"Escape Plan","floor":6.0},{"not_picked":["Calculated Gamble","Underhanded Strike","Prepared"],"picked":"SKIP","floor":11.0},{"not_picked":["Caltrops","Crippling Poison"],"picked":"After Image","floor":12},{"not_picked":["Reflex","Outmaneuver","Flying Knee"],"picked":"SKIP","floor":14},{"not_picked":["Tools of the Trade","Doppelganger"],"picked":"Burst","floor":16},{"not_picked":["Slice","Deflect"],"picked":"Caltrops+1","floor":18},{"not_picked":["Flying Knee","Underhanded Strike"],"picked":"Cloak And Dagger+1","floor":20},{"not_picked":["Burst","Flying Knee"],"picked":"Backflip","floor":21}],"player_experience":312608,"relics_obtained":[{"floor":6.0,"key":"Whetstone"},{"floor":9.0,"key":"Smiling Mask"},{"floor":12,"key":"Bronze Scales"}],"event_choices":[{"damage_healed":0.0,"max_hp_gain":0.0,"max_hp_loss":0.0,"gold_gain":75.0,"event_name":"World of Goop","player_choice":"Gather Gold","floor":2.0,"gold_loss":0.0,"damage_taken":11.0},{"cards_removed":["Strike_G"],"damage_healed":0.0,"max_hp_gain":0.0,"max_hp_loss":0.0,"gold_gain":0.0,"event_name":"Golden Wing","player_choice":"Card Removal","floor":4.0,"gold_loss":0.0,"damage_taken":7.0},{"damage_healed":0.0,"max_hp_gain":0.0,"max_hp_loss":0.0,"gold_gain":175.0,"event_name":"Liars Game","player_choice":"AGREE","floor":7.0,"gold_loss":0.0,"damage_taken":0.0,"cards_obtained":["Doubt"]},{"damage_healed":0,"gold_gain":0,"player_choice":"Trade","damage_taken":0,"relics_obtained":["GremlinMask"],"max_hp_gain":0,"max_hp_loss":0,"event_name":"FaceTrader","floor":19,"gold_loss":0}],"is_beta":true,"boss_relics":[{"not_picked":["SacredBark","Fusion Hammer"],"picked":"Black Star"}],"items_purged_floors":[8],"is_endless":false,"potions_floor_spawned":[6,11,12,16,18,20,21],"killed_by":"Book of Stabbing","ascension_level":9}