{"gold_per_floor":[217,217,217,193,193,236,256,256,256,281,299,299,332,357,357,478,478,502,502,502,488,488,488,511,511,538,538,160,174,207,230,230,230],"floor_reached":33,"playtime":2074,"items_purged":["Writhe"],"score":358,"play_id":"5aff89ad-1277-4d0e-a6c6-69e29bc4f141","local_time":"20190830172151","is_ascension_mode":true,"campfire_choices":[{"data":"Zap","floor":8.0,"key":"SMITH"},{"floor":12.0,"key":"REST"},{"data":"Cold Snap","floor":15.0,"key":"SMITH"},{"floor":23.0,"key":"REST"},{"floor":32,"key":"REST"}],"neow_cost":"NONE","seed_source_timestamp":0,"circlet_count":0,"master_deck":["Strike_B","Strike_B","Strike_B","Strike_B+1","Defend_B","Defend_B","Defend_B","Defend_B+1","Zap+1","Dualcast","Static Discharge","Cold Snap+1","Lockon","Glacier","Tempest","Ball Lightning","Go for the Eyes","Creative AI","Auto Shields+1","Zap+1","Sunder","Conserve Battery","Self Repair"],"special_seed":0,"relics":["Cracked Core","Golden Idol","Bottled Flame","Bottled Tornado","Thread and Needle","Odd Mushroom","Dead Branch","Inserter","PreservedInsect","Lantern","Turnip","Shuriken"],"potions_floor_usage":[30],"damage_taken":[{"damage":3.0,"enemies":"Jaw Worm","floor":1.0,"turns":4.0},{"damage":16.0,"enemies":"3 Sentries","floor":6.0,"turns":7.0},{"damage":0.0,"enemies":"Small Slimes","floor":7.0,"turns":2.0},{"damage":5.0,"enemies":"The Mushroom Lair","floor":10.0,"turns":4.0},{"damage":0.0,"enemies":"Cultist","floor":11.0,"turns":2.0},{"damage":10.0,"enemies":"Lagavulin","floor":13.0,"turns":5.0},{"damage":1.0,"enemies":"3 Louse","floor":14.0,"turns":2.0},{"damage":12.0,"enemies":"The Guardian","floor":16.0,"turns":10.0},{"damage":15.0,"enemies":"3 Byrds","floor":18.0,"turns":5.0},{"damage":8.0,"enemies":"2 Thieves","floor":21.0,"turns":4.0},{"damage":0.0,"enemies":"Snake Plant","floor":22.0,"turns":1.0},{"damage":21.0,"enemies":"3 Cultists","floor":24.0,"turns":6.0},{"damage":7.0,"enemies":"Colosseum Slavers","floor":27.0,"turns":5.0},{"damage":10.0,"enemies":"Chosen and Byrds","floor":29.0,"turns":5.0},{"damage":14,"enemies":"Slavers","floor":30,"turns":4},{"damage":11,"enemies":"Shelled Parasite and Fungi","floor":31,"turns":6},{"damage":41,"enemies":"Collector","floor":33,"turns":5}],"seed_played":"-5029674499981271737","potions_obtained":[{"floor":1.0,"key":"FearPotion"},{"floor":7.0,"key":"AttackPotion"},{"floor":10.0,"key":"Fire Potion"},{"floor":14.0,"key":"AttackPotion"},{"floor":21.0,"key":"SmokeBomb"},{"floor":24.0,"key":"Block Potion"}],"is_trial":false,"path_per_floor":["M","?","?","$","T","E","M","R","T","?","M","R","E","M","R","B",null,"M","?","?","M","M","R","M","?","T","?","$","M","E","M","R","B"],"character_chosen":"DEFECT","items_purchased":["Cold Snap","Turnip"],"campfire_rested":3,"item_purchase_floors":[4,28],"current_hp_per_floor":[65,65,51,51,51,35,35,35,35,30,30,50,40,39,39,27,59,44,44,44,36,36,56,35,58,58,51,51,41,27,16,36,0],"gold":230,"neow_bonus":"HUNDRED_GOLD","is_prod":false,"is_daily":false,"chose_seed":false,"campfire_upgraded":2,"win_rate":0,"timestamp":1567210911,"path_taken":["M","?","?","$","?","E","M","R","T","?","M","R","E","?","R","BOSS","M","?","?","?","M","R","M","?","T","?","$","M","E","M","R","BOSS"],"build_version":"2019-07-17","purchased_purges":1,"victory":false,"max_hp_per_floor":[75,69,69,69,69,69,69,69,69,69,69,69,69,69,69,69,69,69,69,69,69,69,69,69,69,69,69,69,69,69,69,69,69],"card_choices":[{"not_picked":["Melter","Steam"],"picked":"Static Discharge","floor":1.0},{"not_picked":["Hologram","Doom and Gloom"],"picked":"Lockon","floor":6.0},{"not_picked":["Storm","Sunder"],"picked":"Glacier","floor":7.0},{"not_picked":["Reinforced Body","Barrage"],"picked":"Tempest","floor":10.0},{"not_picked":["Compile Driver","Redo"],"picked":"Ball Lightning","floor":11.0},{"not_picked":["Beam Cell","Barrage"],"picked":"Go for the Eyes","floor":13.0},{"not_picked":["Redo","Coolheaded","Streamline"],"picked":"SKIP","floor":14.0},{"not_picked":["Fission","Reboot"],"picked":"Creative AI","floor":16.0},{"not_picked":["Glacier","Beam Cell"],"picked":"Auto Shields+1","floor":18.0},{"not_picked":["Turbo+1","Beam Cell+1","Skim"],"picked":"SKIP","floor":21.0},{"not_picked":["Hologram+1","Undo","BootSequence"],"picked":"SKIP","floor":24.0},{"not_picked":["Sweeping Beam","Compile Driver"],"picked":"Sunder","floor":29.0},{"not_picked":["Turbo","Rip and Tear"],"picked":"Conserve Battery","floor":30},{"not_picked":["Beam Cell","Static Discharge"],"picked":"Self Repair","floor":31}],"player_experience":264734,"relics_obtained":[{"floor":5.0,"key":"Bottled Flame"},{"floor":6.0,"key":"Bottled Tornado"},{"floor":9.0,"key":"Thread and Needle"},{"floor":10.0,"key":"Odd Mushroom"},{"floor":13.0,"key":"Dead Branch"},{"floor":26.0,"key":"Lantern"},{"floor":30,"key":"Shuriken"}],"event_choices":[{"damage_healed":0.0,"max_hp_gain":0.0,"max_hp_loss":6.0,"gold_gain":0.0,"event_name":"Golden Idol","player_choice":"Lose Max HP","floor":2.0,"gold_loss":0.0,"damage_taken":0.0,"relics_obtained":["Golden Idol"]},{"damage_healed":0.0,"max_hp_gain":0.0,"max_hp_loss":0.0,"gold_gain":0.0,"event_name":"Shining Light","player_choice":"Entered Light","floor":3.0,"gold_loss":0.0,"damage_taken":14.0,"cards_upgraded":["Defend_B","Strike_B"]},{"damage_healed":0.0,"max_hp_gain":0.0,"max_hp_loss":0.0,"gold_gain":0.0,"event_name":"Mushrooms","player_choice":"Fought Mushrooms","floor":10.0,"gold_loss":0.0,"damage_taken":0.0},{"damage_healed":0.0,"max_hp_gain":0.0,"max_hp_loss":0.0,"gold_gain":0.0,"event_name":"The Mausoleum","player_choice":"Opened","floor":19.0,"gold_loss":0.0,"damage_taken":0.0,"relics_obtained":["PreservedInsect"],"cards_obtained":["Writhe"]},{"damage_healed":0.0,"max_hp_gain":0.0,"max_hp_loss":0.0,"gold_gain":0.0,"event_name":"Duplicator","player_choice":"Copied","floor":20.0,"gold_loss":0.0,"damage_taken":0.0,"cards_obtained":["Zap"]},{"damage_healed":23.0,"max_hp_gain":0.0,"max_hp_loss":0.0,"gold_gain":0.0,"event_name":"The Library","player_choice":"Heal","floor":25.0,"gold_loss":0.0,"damage_taken":0.0},{"damage_healed":0.0,"max_hp_gain":0.0,"max_hp_loss":0.0,"gold_gain":0.0,"event_name":"Colosseum","player_choice":"Fight","floor":27.0,"gold_loss":0.0,"damage_taken":0.0},{"damage_healed":0.0,"max_hp_gain":0.0,"max_hp_loss":0.0,"gold_gain":0.0,"event_name":"Colosseum","player_choice":"Fled From Nobs","floor":27.0,"gold_loss":0.0,"damage_taken":0.0}],"is_beta":false,"boss_relics":[{"not_picked":["Runic Dome","Lizard Tail"],"picked":"Inserter"}],"items_purged_floors":[28],"is_endless":false,"potions_floor_spawned":[1,7,10,14,21,22,24],"killed_by":"Collector","ascension_level":6}