{"gold_per_floor":[115,132,143,155,171,203,203,203,203,213,213,248,42,42],"floor_reached":14,"playtime":916,"items_purged":[],"score":102,"play_id":"c0ad184f-18b4-4eba-8fa2-5b4984b4e47c","local_time":"20190823204731","is_ascension_mode":false,"campfire_choices":[{"data":"Searing Blow","floor":7,"key":"SMITH"},{"data":"Searing Blow+1","floor":11,"key":"SMITH"}],"neow_cost":"PERCENT_DAMAGE","seed_source_timestamp":4192650562828,"circlet_count":0,"master_deck":["Strike_R","Strike_R","Strike_R","Strike_R","Defend_R","Defend_R","Defend_R","Defend_R","Bash","Sadistic Nature","Thinking Ahead","Anger","Searing Blow+2","Cleave","Armaments","Shrug It Off","Shrug It Off","Thunderclap","Pommel Strike"],"relics":["Burning Blood","Blood Vial","Ginger","Mummified Hand","Toy Ornithopter"],"potions_floor_usage":[6,6,14],"damage_taken":[{"damage":9,"enemies":"Cultist","floor":1,"turns":4},{"damage":1,"enemies":"Jaw Worm","floor":2,"turns":3},{"damage":1,"enemies":"2 Louse","floor":3,"turns":2},{"damage":27,"enemies":"Exordium Thugs","floor":4,"turns":6},{"damage":13,"enemies":"Gremlin Gang","floor":5,"turns":5},{"damage":18,"enemies":"Lagavulin","floor":6,"turns":7},{"damage":7,"enemies":"3 Louse","floor":10,"turns":3},{"damage":18,"enemies":"3 Sentries","floor":12,"turns":7},{"damage":32,"enemies":"Lagavulin","floor":14,"turns":7}],"seed_played":"-3289080011855560734","potions_obtained":[{"floor":1,"key":"Energy Potion"},{"floor":2,"key":"Poison Potion"},{"floor":12,"key":"AttackPotion"}],"is_trial":false,"path_per_floor":["M","M","M","M","M","E","R","?","T","M","R","E","$","E"],"character_chosen":"IRONCLAD","items_purchased":["Toy Ornithopter"],"campfire_rested":0,"item_purchase_floors":[13],"current_hp_per_floor":[53,58,63,42,35,23,23,23,23,24,24,14,14,0],"gold":42,"neow_bonus":"RANDOM_COLORLESS_2","is_prod":false,"is_daily":false,"chose_seed":false,"campfire_upgraded":2,"win_rate":0,"timestamp":1566589651,"path_taken":["M","M","M","M","?","E","R","?","T","M","R","E","$","E"],"build_version":"2019-07-17","purchased_purges":0,"victory":false,"max_hp_per_floor":[80,80,80,80,80,80,80,80,80,80,80,80,80,80],"card_choices":[{"not_picked":["Seeing Red","Hemokinesis"],"picked":"Anger","floor":1},{"not_picked":["Flex","Feel No Pain"],"picked":"Searing Blow","floor":2},{"not_picked":["Anger","Perfected Strike"],"picked":"Cleave","floor":3},{"not_picked":["Clash","Wild Strike"],"picked":"Armaments","floor":4},{"not_picked":["Searing Blow","Metallicize"],"picked":"Shrug It Off","floor":5},{"not_picked":["Bloodletting","Pommel Strike"],"picked":"Shrug It Off","floor":6},{"not_picked":["Clothesline","Twin Strike"],"picked":"Thunderclap","floor":10},{"not_picked":["Infernal Blade","Twin Strike"],"picked":"Pommel Strike","floor":12}],"player_experience":40946,"relics_obtained":[{"floor":6,"key":"Blood Vial"},{"floor":9,"key":"Ginger"},{"floor":12,"key":"Mummified Hand"}],"event_choices":[{"cards_removed":["Strike_R"],"damage_healed":0,"gold_gain":0,"player_choice":"Purged","damage_taken":0,"max_hp_gain":0,"max_hp_loss":0,"event_name":"Purifier","floor":8,"gold_loss":0}],"is_beta":false,"boss_relics":[],"items_purged_floors":[],"is_endless":false,"potions_floor_spawned":[1,2,12],"killed_by":"Lagavulin","ascension_level":0}