{"gold_per_floor":[111,124,124,136,149,149,169,181,207,207,221,221,231,242,242,242],"floor_reached":16,"playtime":1740,"items_purged":[],"score":98,"play_id":"0aa69dd5-8525-4669-b599-43f0fe4b5b9f","local_time":"20190903220411","is_ascension_mode":false,"campfire_choices":[{"data":"Dash","floor":6,"key":"SMITH"},{"data":"Deadly Poison","floor":10,"key":"SMITH"},{"data":"Catalyst","floor":12,"key":"SMITH"},{"floor":15,"key":"REST"}],"neow_cost":"NONE","seed_source_timestamp":989263353800,"circlet_count":0,"master_deck":["Strike_G","Strike_G","Strike_G","Strike_G","Strike_G","Defend_G","Defend_G","Defend_G","Defend_G","Defend_G","Survivor","Neutralize","Impatience","Poisoned Stab","Deadly Poison+1","Predator","Dash+1","Slice","Catalyst+1","Leg Sweep","Outmaneuver","After Image"],"relics":["Ring of the Snake","Lantern"],"potions_floor_usage":[14,16],"damage_taken":[{"damage":12,"enemies":"Jaw Worm","floor":1,"turns":8},{"damage":0,"enemies":"Cultist","floor":2,"turns":4},{"damage":2,"enemies":"Small Slimes","floor":4,"turns":4},{"damage":1,"enemies":"3 Louse","floor":5,"turns":3},{"damage":0,"enemies":"Blue Slaver","floor":7,"turns":4},{"damage":2,"enemies":"Looter","floor":8,"turns":3},{"damage":1,"enemies":"3 Louse","floor":11,"turns":3},{"damage":14,"enemies":"Gremlin Gang","floor":13,"turns":4},{"damage":0,"enemies":"Lots of Slimes","floor":14,"turns":5},{"damage":64,"enemies":"Slime Boss","floor":16,"turns":12}],"seed_played":"-3587521719702476119","potions_obtained":[{"floor":2,"key":"Fire Potion"},{"floor":5,"key":"Energy Potion"},{"floor":7,"key":"AttackPotion"},{"floor":14,"key":"SteroidPotion"}],"is_trial":false,"path_per_floor":["M","M","?","M","M","R","M","M","T","R","M","R","M","M","R","B"],"character_chosen":"THE_SILENT","items_purchased":[],"campfire_rested":1,"item_purchase_floors":[],"current_hp_per_floor":[58,58,58,56,55,55,55,53,53,53,52,52,38,38,59,0],"gold":242,"neow_bonus":"RANDOM_COLORLESS","is_prod":false,"is_daily":false,"chose_seed":false,"campfire_upgraded":3,"win_rate":0.0,"timestamp":1567566251,"path_taken":["M","M","?","?","M","R","M","M","T","R","M","R","M","M","R","BOSS"],"build_version":"2019-07-17","purchased_purges":0,"victory":false,"max_hp_per_floor":[70,70,70,70,70,70,70,70,70,70,70,70,70,70,70,70],"card_choices":[{"not_picked":["Masterful Stab","All Out Attack"],"picked":"Poisoned Stab","floor":1},{"not_picked":["Deflect","Sucker Punch"],"picked":"Deadly Poison","floor":2},{"not_picked":["Heel Hook","Deadly Poison"],"picked":"Predator","floor":4},{"not_picked":["Distraction","Deflect"],"picked":"Dash","floor":5},{"not_picked":["Skewer","Underhanded Strike"],"picked":"Slice","floor":7},{"not_picked":["Heel Hook","Footwork"],"picked":"Catalyst","floor":8},{"not_picked":["All Out Attack","Dodge and Roll"],"picked":"Leg Sweep","floor":11},{"not_picked":["Backstab","Dagger Throw"],"picked":"Outmaneuver","floor":13},{"not_picked":["Acrobatics","Dodge and Roll"],"picked":"After Image","floor":14}],"player_experience":118361,"relics_obtained":[{"floor":9,"key":"Lantern"}],"event_choices":[{"damage_healed":0,"gold_gain":0,"player_choice":"Ignored","damage_taken":0,"max_hp_gain":0,"max_hp_loss":0,"event_name":"Purifier","floor":3,"gold_loss":0}],"is_beta":false,"boss_relics":[],"items_purged_floors":[],"is_endless":false,"potions_floor_spawned":[2,5,7,13,14],"killed_by":"Slime Boss","ascension_level":0}