{"gold_per_floor":[109,109,284,209,209,243,243,243,243,258,258,292,292,327,327,452,452,472,382,402,17,31,31,72,87,87,14,14,14,48,68,68,189,189,210,224,296,296,36,36,54,68,143,161,23,63,79,99,99,99],"floor_reached":51,"playtime":3217,"items_purged":["Doubt","Strike_R"],"score":1098,"play_id":"3da540b1-d419-4baf-a3bc-8ebd32b035c4","local_time":"20190911175232","is_ascension_mode":true,"campfire_choices":[{"floor":8.0,"key":"REST"},{"data":"Demon Form","floor":11.0,"key":"SMITH"},{"floor":13.0,"key":"DIG"},{"floor":15.0,"key":"REST"},{"data":"Armaments","floor":23.0,"key":"SMITH"},{"floor":29.0,"key":"REST"},{"floor":32.0,"key":"REST"},{"floor":40.0,"key":"REST"},{"floor":49.0,"key":"REST"}],"neow_cost":"PERCENT_DAMAGE","seed_source_timestamp":0,"circlet_count":0,"master_deck":["Strike_R+1","Strike_R+1","Strike_R","Defend_R","Defend_R","Defend_R","Defend_R","Bash","Shrug It Off","Demon Form+1","Whirlwind","Shockwave","Barricade+1","Entrench+1","Armaments+1","Armaments+1","Power Through+1","Shrug It Off+1","Combust","Pommel Strike+1","Battle Trance+1","Juggernaut","Anger+1","Cleave+1","Seeing Red","Cleave+1","Pommel Strike+1","Iron Wave","Flame Barrier+1","Rampage+1"],"special_seed":0,"relics":["Burning Blood","Shovel","Golden Idol","Centennial Puzzle","Ornamental Fan","Odd Mushroom","Bag of Preparation","TungstenRod","SacredBark","Kunai","Red Skull","Strawberry","Sundial","SlaversCollar","Frozen Egg 2","Meat on the Bone","The Courier","Whetstone","Ginger"],"potions_floor_usage":[50],"damage_taken":[{"damage":8.0,"enemies":"Jaw Worm","floor":1.0,"turns":5.0},{"damage":57.0,"enemies":"3 Sentries","floor":6.0,"turns":15.0},{"damage":2.0,"enemies":"2 Louse","floor":10.0,"turns":3.0},{"damage":17.0,"enemies":"The Mushroom Lair","floor":12.0,"turns":3.0},{"damage":35.0,"enemies":"Gremlin Nob","floor":14.0,"turns":5.0},{"damage":23.0,"enemies":"The Guardian","floor":16.0,"turns":13.0},{"damage":0.0,"enemies":"3 Byrds","floor":18.0,"turns":5.0},{"damage":17.0,"enemies":"Shell Parasite","floor":20.0,"turns":6.0},{"damage":13.0,"enemies":"3 Cultists","floor":22.0,"turns":5.0},{"damage":20.0,"enemies":"Gremlin Leader","floor":24.0,"turns":7.0},{"damage":17.0,"enemies":"Shelled Parasite and Fungi","floor":25.0,"turns":15.0},{"damage":30.0,"enemies":"Slavers","floor":30.0,"turns":6.0},{"damage":21.0,"enemies":"Snake Plant","floor":31.0,"turns":4.0},{"damage":11.0,"enemies":"Automaton","floor":33.0,"turns":14.0},{"damage":54.0,"enemies":"3 Darklings","floor":35.0,"turns":8.0},{"damage":5.0,"enemies":"Orb Walker","floor":36.0,"turns":5.0},{"damage":32.0,"enemies":"Jaw Worm Horde","floor":41.0,"turns":7.0},{"damage":16.0,"enemies":"Sphere and 2 Shapes","floor":42.0,"turns":10.0},{"damage":0.0,"enemies":"Maw","floor":44.0,"turns":8.0},{"damage":28.0,"enemies":"Reptomancer","floor":46.0,"turns":7.0},{"damage":27.0,"enemies":"Spire Growth","floor":47.0,"turns":7.0},{"damage":26.0,"enemies":"3 Darklings","floor":48.0,"turns":8.0},{"damage":39,"enemies":"Time Eater","floor":50,"turns":11}],"seed_played":"8016982933714588106","potions_obtained":[{"floor":6.0,"key":"SteroidPotion"},{"floor":10.0,"key":"Poison Potion"},{"floor":12.0,"key":"SkillPotion"},{"floor":16.0,"key":"LiquidBronze"},{"floor":20.0,"key":"Dexterity Potion"},{"floor":22.0,"key":"SpeedPotion"},{"floor":28.0,"key":"Strength Potion"},{"floor":28.0,"key":"EssenceOfSteel"},{"floor":30.0,"key":"AttackPotion"},{"floor":31.0,"key":"DuplicationPotion"},{"floor":33.0,"key":"PowerPotion"},{"floor":44.0,"key":"SteroidPotion"}],"is_trial":false,"path_per_floor":["M","?","?","$","?","E","?","R","T","M","R","?","R","E","R","B",null,"M","?","M","$","M","R","E","M","T","$","?","R","E","M","R","B",null,"M","M","T","?","$","R","M","M","T","M","$","E","M","M","R","B",null],"character_chosen":"IRONCLAD","items_purchased":["Kunai","Armaments","Combust","Meat on the Bone","Whetstone","Iron Wave"],"campfire_rested":6,"item_purchase_floors":[21,21,27,39,45,45],"current_hp_per_floor":[49,49,49,49,73,22,22,44,44,48,48,37,37,8,30,13,59,65,65,54,54,47,47,33,22,29,29,29,53,29,14,38,33,69,21,22,22,22,22,46,32,34,34,52,52,42,33,25,49,28],"gold":99,"neow_bonus":"ONE_RARE_RELIC","is_prod":false,"is_daily":false,"chose_seed":false,"campfire_upgraded":2,"win_rate":0,"timestamp":1568249552,"path_taken":["M","?","?","$","?","E","?","R","T","M","R","?","R","E","R","BOSS","M","?","M","$","M","R","E","?","T","?","?","R","E","M","R","BOSS","M","?","?","?","$","R","M","M","T","?","$","E","M","M","R","BOSS"],"build_version":"2019-09-10","purchased_purges":2,"victory":true,"max_hp_per_floor":[80,74,74,74,74,74,74,74,74,74,74,74,74,74,74,74,74,74,74,74,74,74,74,74,74,81,81,81,81,81,81,81,81,81,81,81,81,81,81,81,81,81,81,81,81,81,81,81,81,81],"card_choices":[{"not_picked":["Wild Strike","Armaments"],"picked":"Shrug It Off","floor":1.0},{"not_picked":["Rupture","Sentinel"],"picked":"Demon Form","floor":6.0},{"not_picked":["Fire Breathing","Entrench"],"picked":"Whirlwind","floor":10.0},{"not_picked":["Dual Wield","Perfected Strike"],"picked":"Shockwave","floor":14.0},{"not_picked":["Impervious","Dark Embrace"],"picked":"Barricade","floor":16.0},{"not_picked":["Evolve","Thunderclap"],"picked":"Entrench+1","floor":18.0},{"not_picked":["Rampage","Shockwave"],"picked":"Armaments+1","floor":20.0},{"not_picked":["Rampage","Body Slam"],"picked":"Power Through+1","floor":22.0},{"not_picked":["Armaments","Searing Blow"],"picked":"Shrug It Off+1","floor":24.0},{"not_picked":["Body Slam","Exhume","Evolve"],"picked":"SKIP","floor":25.0},{"not_picked":["Shockwave","True Grit"],"picked":"Pommel Strike","floor":30.0},{"not_picked":["Searing Blow","Intimidate"],"picked":"Battle Trance+1","floor":31.0},{"not_picked":["Feed","Demon Form"],"picked":"Juggernaut","floor":33.0},{"not_picked":["True Grit","Warcry"],"picked":"Anger+1","floor":35.0},{"not_picked":["Wild Strike+1","Anger+1"],"picked":"Cleave+1","floor":36.0},{"not_picked":["Shrug It Off","Pummel"],"picked":"Seeing Red","floor":41.0},{"not_picked":["Flex","Demon Form+1"],"picked":"Cleave+1","floor":42.0},{"not_picked":["True Grit+1","Shrug It Off"],"picked":"Pommel Strike+1","floor":44.0},{"not_picked":["Flex","Shrug It Off+1"],"picked":"Flame Barrier+1","floor":46.0},{"not_picked":["Searing Blow+1","Pommel Strike","Clash"],"picked":"SKIP","floor":47.0},{"not_picked":["Cleave","Bludgeon"],"picked":"Rampage+1","floor":48.0}],"player_experience":313770,"relics_obtained":[{"floor":6.0,"key":"Centennial Puzzle"},{"floor":9.0,"key":"Ornamental Fan"},{"floor":12.0,"key":"Odd Mushroom"},{"floor":13.0,"key":"Bag of Preparation"},{"floor":14.0,"key":"TungstenRod"},{"floor":24.0,"key":"Red Skull"},{"floor":26.0,"key":"Strawberry"},{"floor":30.0,"key":"Sundial"},{"floor":37.0,"key":"Frozen Egg 2"},{"floor":43.0,"key":"The Courier"},{"floor":46.0,"key":"Ginger"}],"event_choices":[{"damage_healed":0.0,"max_hp_gain":0.0,"max_hp_loss":6.0,"gold_gain":0.0,"event_name":"Golden Idol","player_choice":"Lose Max HP","floor":2.0,"gold_loss":0.0,"damage_taken":0.0,"relics_obtained":["Golden Idol"]},{"damage_healed":0.0,"max_hp_gain":0.0,"max_hp_loss":0.0,"gold_gain":175.0,"event_name":"Liars Game","player_choice":"AGREE","floor":3.0,"gold_loss":0.0,"damage_taken":0.0,"cards_obtained":["Doubt"]},{"damage_healed":24.0,"max_hp_gain":0.0,"max_hp_loss":0.0,"gold_gain":0.0,"event_name":"Big Fish","player_choice":"Banana","floor":5.0,"gold_loss":0.0,"damage_taken":0.0},{"damage_healed":0.0,"max_hp_gain":0.0,"max_hp_loss":0.0,"gold_gain":0.0,"event_name":"Dead Adventurer","player_choice":"Searched \u00270\u0027 times","floor":7.0,"gold_loss":0.0,"damage_taken":0.0},{"damage_healed":0.0,"max_hp_gain":0.0,"max_hp_loss":0.0,"gold_gain":0.0,"event_name":"Mushrooms","player_choice":"Fought Mushrooms","floor":12.0,"gold_loss":0.0,"damage_taken":0.0},{"cards_removed":["Strike_R"],"damage_healed":0.0,"max_hp_gain":0.0,"max_hp_loss":0.0,"gold_gain":0.0,"event_name":"Designer","player_choice":"Upgrade and Remove","floor":19.0,"gold_loss":90.0,"damage_taken":0.0,"cards_upgraded":["Strike_R"]},{"damage_healed":0.0,"max_hp_gain":0.0,"max_hp_loss":0.0,"gold_gain":0.0,"event_name":"Lab","player_choice":"Got Potions","floor":28.0,"gold_loss":0.0,"damage_taken":0.0},{"damage_healed":0.0,"max_hp_gain":0.0,"max_hp_loss":0.0,"gold_gain":0.0,"event_name":"Upgrade Shrine","player_choice":"Upgraded","floor":38.0,"gold_loss":0.0,"damage_taken":0.0,"cards_upgraded":["Barricade"]}],"is_beta":true,"boss_relics":[{"not_picked":["Pandora\u0027s Box","Fusion Hammer"],"picked":"SacredBark"},{"not_picked":["Empty Cage","Runic Dome"],"picked":"SlaversCollar"}],"items_purged_floors":[4,21],"is_endless":false,"potions_floor_spawned":[6,10,12,16,20,22,25,30,31,33,35,36,44],"ascension_level":9}