{"gold_per_floor":[119,132,57,57,74,131,131,160,160,245,291,337,389,459,459,582,632,671,671,586,293,382,486,538,939,992,1054,1175,1187,1252,1333,1345,1487,1499,1554,1087,1087,483,339,398,448,499,499,555,555,608,661,718,718,718,718,718,281,312,312],"floor_reached":56,"playtime":1561,"items_purged":["Slice","Warcry","Shrug It Off","HandOfGreed+1"],"score":2369,"play_id":"4e4b5150-b9e3-45cd-9e1e-11ec24ee1694","local_time":"20190828172733","daily_mods":["SealedDeck","Red Cards","Colorless Cards","Flight","DeadlyEvents","Elite Swarm","Lethality","Night Terrors","Terminal"],"is_ascension_mode":false,"campfire_choices":[{"data":"Body Slam","floor":7.0,"key":"SMITH"},{"data":"HandOfGreed","floor":15.0,"key":"SMITH"},{"floor":29.0,"key":"RECALL"},{"data":"Apotheosis","floor":32.0,"key":"SMITH"},{"data":"Madness","floor":49,"key":"SMITH"},{"data":"Dark Shackles","floor":52,"key":"SMITH"}],"neow_cost":"","seed_source_timestamp":0,"circlet_count":0,"master_deck":["Dark Shackles+1","Finesse","Backflip","Madness+1","Finesse","Body Slam+1","Apotheosis+1","Panacea+1","After Image"],"special_seed":0,"relics":["Ring of the Snake","Tiny Chest","FossilizedHelix","Sundial","Kunai","Centennial Puzzle","Pantograph","Bird Faced Urn","Calipers","Tiny House","Dream Catcher","Medical Kit","Ancient Tea Set","Boot","Old Coin","MawBank","Potion Belt","Pocketwatch","Blood Vial","Runic Pyramid","ClockworkSouvenir","Orichalcum","Question Card","PreservedInsect","MealTicket","Omamori","Turnip","Incense Burner","Bag of Preparation","Pen Nib","Pear","Prayer Wheel","Mango","The Specimen"],"potions_floor_usage":[55,55,55,55],"damage_taken":[{"damage":0.0,"enemies":"Cultist","floor":1.0,"turns":3.0},{"damage":0.0,"enemies":"Jaw Worm","floor":2.0,"turns":2.0},{"damage":0.0,"enemies":"2 Louse","floor":5.0,"turns":2.0},{"damage":0.0,"enemies":"Gremlin Nob","floor":6.0,"turns":2.0},{"damage":0.0,"enemies":"Lagavulin","floor":8.0,"turns":2.0},{"damage":0.0,"enemies":"3 Sentries","floor":10.0,"turns":3.0},{"damage":0.0,"enemies":"Gremlin Nob","floor":11.0,"turns":1.0},{"damage":0.0,"enemies":"Lagavulin","floor":12.0,"turns":1.0},{"damage":0.0,"enemies":"Gremlin Nob","floor":13.0,"turns":1.0},{"damage":0.0,"enemies":"3 Sentries","floor":14.0,"turns":2.0},{"damage":0.0,"enemies":"The Guardian","floor":16.0,"turns":1.0},{"damage":0.0,"enemies":"Spheric Guardian","floor":18.0,"turns":3.0},{"damage":0.0,"enemies":"3 Byrds","floor":22.0,"turns":1.0},{"damage":0.0,"enemies":"Slavers","floor":23.0,"turns":1.0},{"damage":0.0,"enemies":"Book of Stabbing","floor":24.0,"turns":1.0},{"damage":0.0,"enemies":"Slavers","floor":25.0,"turns":1.0},{"damage":0.0,"enemies":"Book of Stabbing","floor":27.0,"turns":1.0},{"damage":0.0,"enemies":"Slavers","floor":28.0,"turns":2.0},{"damage":0.0,"enemies":"Book of Stabbing","floor":30.0,"turns":1.0},{"damage":0.0,"enemies":"Shelled Parasite and Fungi","floor":31.0,"turns":1.0},{"damage":0.0,"enemies":"Collector","floor":33.0,"turns":1.0},{"damage":0.0,"enemies":"3 Darklings","floor":35.0,"turns":1.0},{"damage":0.0,"enemies":"Nemesis","floor":40.0,"turns":1.0},{"damage":0.0,"enemies":"Reptomancer","floor":41.0,"turns":2.0},{"damage":0.0,"enemies":"Nemesis","floor":42.0,"turns":1.0},{"damage":0,"enemies":"Reptomancer","floor":44,"turns":1},{"damage":0,"enemies":"Giant Head","floor":46,"turns":1},{"damage":0,"enemies":"Reptomancer","floor":47,"turns":1},{"damage":0,"enemies":"Giant Head","floor":48,"turns":1},{"damage":0,"enemies":"Time Eater","floor":50,"turns":3},{"damage":0,"enemies":"Shield and Spear","floor":54,"turns":1},{"damage":0,"enemies":"The Heart","floor":55,"turns":3}],"seed_played":"4235580928416538293","potions_obtained":[{"floor":6.0,"key":"Ancient Potion"},{"floor":8.0,"key":"Poison Potion"},{"floor":13.0,"key":"Regen Potion"},{"floor":14.0,"key":"PowerPotion"},{"floor":17.0,"key":"GhostInAJar"},{"floor":25.0,"key":"PowerPotion"},{"floor":27.0,"key":"GamblersBrew"},{"floor":28.0,"key":"PowerPotion"},{"floor":54,"key":"Block Potion"}],"is_trial":true,"path_per_floor":["M","M","$","?","M","E","R","E","T","E","E","E","E","E","R","B",null,"M","?","?","$","M","E","E","E","T","E","E","R","E","M","R","B",null,"M","$","?","$","$","E","E","E","T","E","?","E","E","E","R","B",null,"R","$","E","B",null],"character_chosen":"THE_SILENT","items_purchased":["Medical Kit","ClockworkSouvenir","Orichalcum","Question Card","PreservedInsect","MealTicket","Omamori","Mango"],"campfire_rested":0,"item_purchase_floors":[21,36,36,38,38,38,39,53],"current_hp_per_floor":[1,1,1,1,1,1,1,1,1,1,1,1,1,1,1,1,5,4,3,2,1,1,1,1,1,1,1,1,1,1,1,1,1,1,1,1,1,1,1,1,1,1,1,1,1,1,10,9,8,7,6,5,18,17,16],"gold":312,"neow_bonus":"","is_prod":false,"is_daily":false,"chose_seed":false,"campfire_upgraded":5,"win_rate":0,"timestamp":1566984453,"path_taken":["M","?","$","?","?","E","R","E","T","E","E","E","E","E","R","BOSS","M","?","?","$","?","E","E","E","T","E","E","R","E","?","R","BOSS","M","$","?","$","?","E","E","E","T","E","?","E","?","E","R","BOSS","R","$","E","BOSS"],"build_version":"2019-07-17","purchased_purges":4,"victory":true,"max_hp_per_floor":[1,1,1,1,1,1,1,1,1,1,1,1,1,1,1,1,5,4,3,2,1,1,1,1,1,1,1,1,1,1,1,1,1,1,1,1,1,1,1,1,1,1,1,1,1,1,10,9,8,7,6,5,18,17,16],"card_choices":[{"not_picked":["Setup","Clothesline"],"picked":"Body Slam","floor":1.0},{"not_picked":["Pommel Strike","True Grit","Skewer"],"picked":"SKIP","floor":2.0},{"not_picked":["Acrobatics","Twin Strike","Pommel Strike"],"picked":"SKIP","floor":5.0},{"not_picked":["Burst","Dark Embrace","Chrysalis"],"picked":"SKIP","floor":6.0},{"not_picked":["Die Die Die","Offering","HandOfGreed"],"picked":"SKIP","floor":8.0},{"not_picked":["Die Die Die","Offering"],"picked":"HandOfGreed","floor":8.0},{"not_picked":["Malaise","Bullet Time","Unload"],"picked":"SKIP","floor":10.0},{"not_picked":["Double Tap","Doppelganger","Corpse Explosion"],"picked":"SKIP","floor":11.0},{"not_picked":["Envenom","Exhume","Unload"],"picked":"SKIP","floor":12.0},{"not_picked":["Exhume","Doppelganger","Feed"],"picked":"SKIP","floor":13.0},{"not_picked":["Demon Form","Grand Finale","Die Die Die"],"picked":"SKIP","floor":14.0},{"not_picked":["Underhanded Strike","Outmaneuver+1","Expertise"],"picked":"SKIP","floor":18.0},{"not_picked":["Dodge and Roll","Bane","Purity"],"picked":"SKIP","floor":22.0},{"not_picked":["HandOfGreed","Offering","Bludgeon"],"picked":"SKIP","floor":23.0},{"not_picked":["Burst","Bludgeon","Night Terror"],"picked":"SKIP","floor":24.0},{"not_picked":["Berserk","Reaper"],"picked":"Apotheosis","floor":25.0},{"not_picked":["Demon Form","Panache","A Thousand Cuts"],"picked":"SKIP","floor":27.0},{"not_picked":["Burst","Dark Embrace","Demon Form"],"picked":"SKIP","floor":28.0},{"not_picked":["Glass Knife","Double Tap","Metamorphosis"],"picked":"SKIP","floor":30.0},{"not_picked":["Disarm+1","Infernal Blade+1","Cleave"],"picked":"SKIP","floor":31.0},{"not_picked":["Inflame+1","Ghostly Armor"],"picked":"Panacea+1","floor":35.0},{"not_picked":["Envenom","Chrysalis","Die Die Die"],"picked":"After Image","floor":40.0},{"not_picked":["Transmutation","A Thousand Cuts","Fiend Fire","The Bomb"],"picked":"SKIP","floor":41.0},{"not_picked":["Storm of Steel","Mayhem","Sadistic Nature","Secret Technique"],"picked":"SKIP","floor":42},{"not_picked":["Tools of the Trade","Burst","Grand Finale","Wraith Form v2"],"picked":"SKIP","floor":44},{"not_picked":["Tools of the Trade","Burst","Grand Finale","Wraith Form v2"],"picked":"SKIP","floor":44},{"not_picked":["Tools of the Trade","Juggernaut","Panache","Impervious"],"picked":"SKIP","floor":46},{"not_picked":["Tools of the Trade","Juggernaut","Panache","Impervious"],"picked":"SKIP","floor":46},{"not_picked":["Bludgeon","Die Die Die","Unload","HandOfGreed"],"picked":"SKIP","floor":47},{"not_picked":["Bludgeon","A Thousand Cuts","Doppelganger","Brutality"],"picked":"SKIP","floor":48},{"not_picked":["Feed","Die Die Die","Double Tap","Thinking Ahead"],"picked":"SKIP","floor":54}],"player_experience":892319,"relics_obtained":[{"floor":6.0,"key":"Tiny Chest"},{"floor":8.0,"key":"FossilizedHelix"},{"floor":9.0,"key":"Sundial"},{"floor":10.0,"key":"Kunai"},{"floor":11.0,"key":"Centennial Puzzle"},{"floor":12.0,"key":"Pantograph"},{"floor":13.0,"key":"Bird Faced Urn"},{"floor":14.0,"key":"Calipers"},{"floor":23.0,"key":"Ancient Tea Set"},{"floor":24.0,"key":"Boot"},{"floor":25.0,"key":"Old Coin"},{"floor":26.0,"key":"MawBank"},{"floor":27.0,"key":"Potion Belt"},{"floor":28.0,"key":"Pocketwatch"},{"floor":30.0,"key":"Blood Vial"},{"floor":40.0,"key":"Turnip"},{"floor":41.0,"key":"Incense Burner"},{"floor":44,"key":"Bag of Preparation"},{"floor":46,"key":"Pen Nib"},{"floor":47,"key":"Pear"},{"floor":48,"key":"Prayer Wheel"},{"floor":54,"key":"The Specimen"}],"event_choices":[{"cards_removed":["Dodge and Roll"],"damage_healed":0.0,"max_hp_gain":0.0,"max_hp_loss":0.0,"gold_gain":0.0,"event_name":"Wheel of Change","player_choice":"Card Removal","floor":4.0,"gold_loss":0.0,"damage_taken":0.0},{"cards_removed":["Blur"],"damage_healed":0.0,"max_hp_gain":0.0,"max_hp_loss":0.0,"gold_gain":0.0,"event_name":"Back to Basics","player_choice":"Elegance","floor":19.0,"gold_loss":0.0,"damage_taken":0.0},{"damage_healed":0.0,"max_hp_gain":0.0,"max_hp_loss":0.0,"gold_gain":0.0,"event_name":"Addict","player_choice":"Obtained Relic","floor":20.0,"gold_loss":85.0,"damage_taken":0.0,"relics_obtained":["Dream Catcher"]},{"damage_healed":0.0,"max_hp_gain":0.0,"max_hp_loss":0.0,"gold_gain":0.0,"event_name":"SensoryStone","player_choice":"Memory 1","floor":37.0,"gold_loss":0.0,"damage_taken":0.0},{"damage_healed":0,"gold_gain":0,"player_choice":"Max HP","damage_taken":0,"max_hp_gain":0,"max_hp_loss":0,"event_name":"Winding Halls","floor":45,"gold_loss":0}],"is_beta":false,"boss_relics":[{"not_picked":["Snecko Eye","Philosopher\u0027s Stone"],"picked":"Tiny House"},{"not_picked":["Fusion Hammer","Sozu"],"picked":"Runic Pyramid"}],"items_purged_floors":[3,21,36,53],"is_endless":false,"potions_floor_spawned":[6,8,13,14,18,22,25,27,28,35,40,47,54],"ascension_level":0}