{"gold_per_floor":[367,367,387,387,71,105,126,126,176,176,209,227,26,26,26,157,157,172,20,20,20,40,40,54,54,110,134,0,13,26,47,47,168,168,183,183,206,219,235,235,276,38,115,136,136,46,59,75,75,75],"floor_reached":51,"playtime":7335,"items_purged":["Injury","Strike_G"],"score":816,"play_id":"550b3a91-5b4b-4862-a2bf-d1025e69040b","local_time":"20190918191119","is_ascension_mode":true,"campfire_choices":[{"data":"Dodge and Roll","floor":8.0,"key":"SMITH"},{"data":"Envenom","floor":15.0,"key":"SMITH"},{"data":"Footwork","floor":23.0,"key":"SMITH"},{"floor":32.0,"key":"REST"},{"floor":40,"key":"REST"},{"floor":49,"key":"REST"}],"neow_cost":"TEN_PERCENT_HP_LOSS","seed_source_timestamp":0,"circlet_count":0,"master_deck":["Strike_G+1","Defend_G","Defend_G","Defend_G+1","Defend_G","Defend_G","Survivor","Neutralize+1","Dodge and Roll+1","Deadly Poison","Envenom+1","Sadistic Nature","Escape Plan","Infinite Blades","Footwork+1","Riddle With Holes","Apotheosis+1","Blade Dance+1","Burst+1","Noxious Fumes+1","Catalyst+1","Necronomicurse","Catalyst+1","Flechettes","Blur+1","PiercingWail+1","Outmaneuver+1","Tools of the Trade","PiercingWail+1","Riddle With Holes","Footwork","Dark Shackles+1"],"special_seed":0,"relics":["Ring of the Snake","Golden Idol","Orichalcum","Whetstone","Toxic Egg 2","Runic Pyramid","Necronomicon","Tiny Chest","Fusion Hammer","The Courier","Pear"],"potions_floor_usage":[41,47,50,50,50],"damage_taken":[{"damage":6.0,"enemies":"Jaw Worm","floor":1.0,"turns":6.0},{"damage":2.0,"enemies":"Cultist","floor":3.0,"turns":4.0},{"damage":16.0,"enemies":"Lagavulin","floor":6.0,"turns":8.0},{"damage":1.0,"enemies":"2 Louse","floor":7.0,"turns":2.0},{"damage":14.0,"enemies":"3 Sentries","floor":11.0,"turns":9.0},{"damage":7.0,"enemies":"Gremlin Gang","floor":12.0,"turns":7.0},{"damage":26.0,"enemies":"Slime Boss","floor":16.0,"turns":8.0},{"damage":4.0,"enemies":"3 Byrds","floor":18.0,"turns":4.0},{"damage":0.0,"enemies":"Chosen","floor":22.0,"turns":3.0},{"damage":4.0,"enemies":"Snake Plant","floor":24.0,"turns":5.0},{"damage":0.0,"enemies":"3 Cultists","floor":27.0,"turns":5.0},{"damage":6.0,"enemies":"Shelled Parasite and Fungi","floor":29.0,"turns":4.0},{"damage":12.0,"enemies":"Snake Plant","floor":30.0,"turns":4.0},{"damage":2.0,"enemies":"3 Cultists","floor":31.0,"turns":4.0},{"damage":31.0,"enemies":"Automaton","floor":33.0,"turns":8.0},{"damage":0,"enemies":"3 Shapes","floor":35,"turns":5},{"damage":21,"enemies":"3 Darklings","floor":37,"turns":4},{"damage":5,"enemies":"Writhing Mass","floor":38,"turns":5},{"damage":8,"enemies":"Sphere and 2 Shapes","floor":39,"turns":6},{"damage":31,"enemies":"Giant Head","floor":41,"turns":6},{"damage":0,"enemies":"Maw","floor":44,"turns":5},{"damage":0,"enemies":"Jaw Worm Horde","floor":47,"turns":4},{"damage":1,"enemies":"Sphere and 2 Shapes","floor":48,"turns":6},{"damage":17,"enemies":"Donu and Deca","floor":50,"turns":9}],"seed_played":"188450732600296334","potions_obtained":[{"floor":11.0,"key":"Strength Potion"},{"floor":12.0,"key":"Dexterity Potion"},{"floor":16.0,"key":"Block Potion"},{"floor":29.0,"key":"Explosive Potion"},{"floor":30.0,"key":"Explosive Potion"},{"floor":31.0,"key":"Explosive Potion"},{"floor":37,"key":"FearPotion"},{"floor":41,"key":"SkillPotion"},{"floor":47,"key":"Block Potion"}],"is_trial":false,"path_per_floor":["M","?","M","?","$","E","M","R","T","?","E","M","$","?","R","B",null,"M","$","?","?","M","R","M","?","T","M","?","M","M","M","R","B",null,"M","?","M","M","M","R","E","$","T","M","?","?","M","M","R","B",null],"character_chosen":"THE_SILENT","items_purchased":["Envenom","Sadistic Nature","Apotheosis+1","Blade Dance+1","Catalyst+1","GhostInAJar","Footwork","Weak Potion"],"campfire_rested":3,"item_purchase_floors":[5,5,13,13,19,42,42,42],"current_hp_per_floor":[57,57,55,55,55,39,38,38,38,63,49,42,42,42,42,16,63,59,59,43,43,43,43,39,39,39,39,39,33,21,19,37,6,63,63,63,42,37,29,47,16,16,26,26,26,26,26,25,46,29],"gold":75,"neow_bonus":"TWO_FIFTY_GOLD","is_prod":false,"is_daily":false,"chose_seed":false,"campfire_upgraded":3,"win_rate":0,"timestamp":1568848279,"path_taken":["M","?","?","?","$","E","M","R","T","?","E","?","?","?","R","BOSS","M","$","?","?","?","R","M","?","T","M","?","M","?","M","R","BOSS","M","?","M","M","M","R","E","$","T","M","?","?","M","M","R","BOSS"],"build_version":"2019-07-17","purchased_purges":2,"victory":true,"max_hp_per_floor":[63,63,63,63,63,63,63,63,63,63,63,63,63,63,63,63,63,63,63,63,63,63,63,63,63,63,63,63,63,63,63,63,63,63,63,63,63,63,63,63,63,63,73,73,73,73,73,73,73,73],"card_choices":[{"not_picked":["Quick Slash","Prepared"],"picked":"Dodge and Roll","floor":1.0},{"not_picked":["Bane","Sucker Punch"],"picked":"Deadly Poison","floor":3.0},{"not_picked":["Dagger Throw","Malaise"],"picked":"Escape Plan","floor":6.0},{"not_picked":["PiercingWail","All Out Attack"],"picked":"Infinite Blades","floor":7.0},{"not_picked":["Infinite Blades","Flying Knee"],"picked":"Footwork","floor":11.0},{"not_picked":["Flechettes","Sucker Punch"],"picked":"Riddle With Holes","floor":12.0},{"not_picked":["Envenom","Die Die Die"],"picked":"Burst+1","floor":16.0},{"not_picked":["Deflect+1","Outmaneuver+1"],"picked":"Noxious Fumes+1","floor":18.0},{"not_picked":["Terror+1","Backflip+1"],"picked":"Blur+1","floor":22.0},{"not_picked":["Flechettes+1","Bane"],"picked":"PiercingWail+1","floor":24.0},{"not_picked":["PiercingWail+1","Bouncing Flask+1","Terror+1"],"picked":"SKIP","floor":27.0},{"not_picked":["Dagger Throw+1","Bane","Eviscerate"],"picked":"SKIP","floor":29.0},{"not_picked":["Caltrops+1","Backflip+1"],"picked":"Outmaneuver+1","floor":30.0},{"not_picked":["Phantasmal Killer+1","Reflex+1","Flying Knee"],"picked":"SKIP","floor":31.0},{"not_picked":["Glass Knife","Die Die Die"],"picked":"Tools of the Trade","floor":33.0},{"not_picked":["Endless Agony+1","Escape Plan+1"],"picked":"PiercingWail+1","floor":35},{"not_picked":["Quick Slash","Deflect+1","Acrobatics+1"],"picked":"SKIP","floor":37},{"not_picked":["Dagger Throw","Accuracy"],"picked":"Riddle With Holes","floor":38},{"not_picked":["Sucker Punch+1","Heel Hook","Terror+1"],"picked":"SKIP","floor":39},{"not_picked":["Backstab+1","Underhanded Strike+1","Wraith Form v2"],"picked":"SKIP","floor":41},{"not_picked":["Infinite Blades+1","PiercingWail+1","Sucker Punch+1"],"picked":"SKIP","floor":44},{"not_picked":["Thinking Ahead+1","Deep Breath+1"],"picked":"Dark Shackles+1","floor":45},{"not_picked":["Caltrops","Deadly Poison+1","Acrobatics+1"],"picked":"SKIP","floor":47},{"not_picked":["Dagger Throw+1","Well Laid Plans","Reflex+1"],"picked":"SKIP","floor":48}],"player_experience":109900,"relics_obtained":[{"floor":6.0,"key":"Orichalcum"},{"floor":9.0,"key":"Whetstone"},{"floor":11.0,"key":"Toxic Egg 2"},{"floor":20.0,"key":"Necronomicon"},{"floor":26.0,"key":"Tiny Chest"},{"floor":41,"key":"The Courier"},{"floor":43,"key":"Pear"}],"event_choices":[{"damage_healed":0.0,"max_hp_gain":0.0,"max_hp_loss":0.0,"gold_gain":0.0,"event_name":"Upgrade Shrine","player_choice":"Upgraded","floor":2.0,"gold_loss":0.0,"damage_taken":0.0,"cards_upgraded":["Neutralize"]},{"damage_healed":0.0,"max_hp_gain":0.0,"max_hp_loss":0.0,"gold_gain":0.0,"event_name":"Golden Idol","player_choice":"Take Wound","floor":4.0,"gold_loss":0.0,"damage_taken":0.0,"relics_obtained":["Golden Idol"],"cards_obtained":["Injury"]},{"damage_healed":25.0,"max_hp_gain":0.0,"max_hp_loss":0.0,"gold_gain":0.0,"event_name":"Wheel of Change","player_choice":"Full Heal","floor":10.0,"gold_loss":0.0,"damage_taken":0.0},{"damage_healed":0.0,"max_hp_gain":0.0,"max_hp_loss":0.0,"gold_gain":0.0,"event_name":"Liars Game","player_choice":"Ignored","floor":14.0,"gold_loss":0.0,"damage_taken":0.0},{"damage_healed":0.0,"max_hp_gain":0.0,"max_hp_loss":0.0,"gold_gain":0.0,"event_name":"Cursed Tome","player_choice":"Obtained Book","floor":20.0,"gold_loss":0.0,"damage_taken":16.0},{"damage_healed":0.0,"max_hp_gain":0.0,"max_hp_loss":0.0,"gold_gain":0.0,"cards_transformed":["Strike_G","Strike_G"],"event_name":"Drug Dealer","player_choice":"Became Test Subject","floor":21.0,"gold_loss":0.0,"damage_taken":0.0,"cards_obtained":["Catalyst","Flechettes"]},{"damage_healed":0.0,"max_hp_gain":0.0,"max_hp_loss":0.0,"gold_gain":0.0,"event_name":"Vampires","player_choice":"Ignored","floor":25.0,"gold_loss":0.0,"damage_taken":0.0},{"damage_healed":0.0,"max_hp_gain":0.0,"max_hp_loss":0.0,"gold_gain":0.0,"event_name":"Masked Bandits","player_choice":"Paid Fearfully","floor":28.0,"gold_loss":134.0,"damage_taken":0.0},{"damage_healed":0,"gold_gain":0,"player_choice":"Ignored","damage_taken":0,"max_hp_gain":0,"max_hp_loss":0,"event_name":"Mysterious Sphere","floor":36,"gold_loss":0},{"damage_healed":0,"gold_gain":0,"player_choice":"Memory 1","damage_taken":0,"max_hp_gain":0,"max_hp_loss":0,"event_name":"SensoryStone","floor":45,"gold_loss":0},{"cards_removed":["Strike_G"],"damage_healed":0,"gold_gain":0,"player_choice":"Upgrade and Remove","damage_taken":0,"max_hp_gain":0,"max_hp_loss":0,"event_name":"Designer","floor":46,"gold_loss":90,"cards_upgraded":["Defend_G"]}],"is_beta":false,"boss_relics":[{"not_picked":["Sozu","Ring of the Serpent"],"picked":"Runic Pyramid"},{"not_picked":["Orrery","Philosopher\u0027s Stone"],"picked":"Fusion Hammer"}],"items_purged_floors":[19,42],"is_endless":false,"potions_floor_spawned":[11,12,16,29,30,31,37,41,47,48],"ascension_level":3}