{"gold_per_floor":[110,110,210,230,230,259,259,28,52,82,94,105,105,137,137,235,235,248,34,85,98,113,147,147,179,179,204,223,133,83,118,118,214,214,233,244,256,275,4,29,29,62,117,117,168,168,168,178,178,178],"floor_reached":51,"playtime":10564,"items_purged":["Strike_R","Strike_R","Strike_R","Defend_R"],"score":1021,"play_id":"2256849a-b7be-4057-9252-80e59fa12918","local_time":"20190920021401","is_ascension_mode":true,"campfire_choices":[{"data":"Pommel Strike","floor":7.0,"key":"SMITH"},{"data":"Flame Barrier","floor":13.0,"key":"SMITH"},{"data":"True Grit","floor":15.0,"key":"SMITH"},{"data":"Immolate","floor":24.0,"key":"SMITH"},{"data":"Burning Pact","floor":32.0,"key":"SMITH"},{"data":"Bludgeon","floor":41,"key":"SMITH"},{"data":"Shockwave","floor":46,"key":"SMITH"},{"data":"Flame Barrier","floor":49,"key":"SMITH"}],"neow_cost":"NONE","seed_source_timestamp":0,"circlet_count":0,"master_deck":["Strike_R+1","Defend_R","Defend_R","Defend_R+1","Bash+1","Armaments+1","Spot Weakness+1","Pommel Strike+1","Shockwave+1","Headbutt+1","Flame Barrier+1","True Grit+1","Immolate+1","Mayhem","Ghostly Armor+1","Burning Pact+1","Heavy Blade","Impervious","Barricade","Pommel Strike+1","Bludgeon+1","Clothesline","Headbutt+1","Shrug It Off+1","Double Tap","Madness","Madness","Flame Barrier+1","Sentinel+1"],"special_seed":0,"relics":["Burning Blood","Ornamental Fan","Pen Nib","Lantern","Smiling Mask","Bronze Scales","Bird Faced Urn","Snecko Eye","Dream Catcher","War Paint","Art of War","Gambling Chip","Whetstone","Prayer Wheel","Philosopher\u0027s Stone","Vajra","Bottled Flame","Self Forming Clay","Boot","Nunchaku","Letter Opener"],"potions_floor_usage":[40,50,50],"damage_taken":[{"damage":0.0,"enemies":"Small Slimes","floor":1.0,"turns":4.0},{"damage":2.0,"enemies":"2 Louse","floor":4.0,"turns":4.0},{"damage":40.0,"enemies":"3 Sentries","floor":6.0,"turns":8.0},{"damage":6.0,"enemies":"Lagavulin","floor":10.0,"turns":7.0},{"damage":0.0,"enemies":"Cultist","floor":11.0,"turns":3.0},{"damage":12.0,"enemies":"Exordium Thugs","floor":12.0,"turns":3.0},{"damage":2.0,"enemies":"Gremlin Nob","floor":14.0,"turns":4.0},{"damage":9.0,"enemies":"The Guardian","floor":16.0,"turns":12.0},{"damage":6.0,"enemies":"Spheric Guardian","floor":18.0,"turns":4.0},{"damage":0.0,"enemies":"Shell Parasite","floor":21.0,"turns":4.0},{"damage":0.0,"enemies":"Centurion and Healer","floor":22.0,"turns":3.0},{"damage":5.0,"enemies":"Gremlin Leader","floor":23.0,"turns":4.0},{"damage":8.0,"enemies":"Book of Stabbing","floor":25.0,"turns":5.0},{"damage":0.0,"enemies":"Gremlin Leader","floor":27.0,"turns":3.0},{"damage":0.0,"enemies":"3 Cultists","floor":28.0,"turns":3.0},{"damage":2.0,"enemies":"Slavers","floor":31.0,"turns":4.0},{"damage":0.0,"enemies":"Champ","floor":33.0,"turns":7.0},{"damage":0.0,"enemies":"3 Darklings","floor":35.0,"turns":3.0},{"damage":0.0,"enemies":"3 Shapes","floor":36.0,"turns":3.0},{"damage":0.0,"enemies":"Transient","floor":37.0,"turns":5.0},{"damage":5.0,"enemies":"4 Shapes","floor":38.0,"turns":3.0},{"damage":6,"enemies":"Reptomancer","floor":40,"turns":4},{"damage":5,"enemies":"Nemesis","floor":42,"turns":3},{"damage":0,"enemies":"2 Orb Walkers","floor":45,"turns":2},{"damage":0,"enemies":"Spire Growth","floor":48,"turns":3},{"damage":9,"enemies":"Donu and Deca","floor":50,"turns":4}],"seed_played":"-489785485658641728","potions_obtained":[{"floor":4.0,"key":"Ancient Potion"},{"floor":6.0,"key":"EntropicBrew"},{"floor":16.0,"key":"Energy Potion"},{"floor":22.0,"key":"GamblersBrew"},{"floor":25.0,"key":"EssenceOfSteel"},{"floor":27.0,"key":"Dexterity Potion"},{"floor":33.0,"key":"Weak Potion"},{"floor":40,"key":"SkillPotion"}],"is_trial":false,"path_per_floor":["M","?","?","M","T","E","R","$","T","E","M","M","R","E","R","B",null,"M","$","T","M","M","E","R","E","T","E","M","?","$","E","R","B",null,"M","M","M","M","$","E","R","E","T","?","?","R","T","M","R","B",null],"character_chosen":"IRONCLAD","items_purchased":["Lantern","Mayhem","Vajra","Double Tap"],"campfire_rested":0,"item_purchase_floors":[8,19,39,39],"current_hp_per_floor":[88,88,88,88,88,54,54,54,54,54,60,54,54,58,58,55,88,88,88,88,88,88,88,88,86,86,88,88,88,88,88,88,88,88,88,88,88,88,88,88,88,88,88,77,83,83,83,88,88,85],"gold":178,"neow_bonus":"TEN_PERCENT_HP_BONUS","is_prod":false,"is_daily":false,"chose_seed":false,"campfire_upgraded":8,"win_rate":0,"timestamp":1568934841,"path_taken":["M","?","?","?","?","E","R","$","T","E","M","M","R","E","R","BOSS","M","$","?","?","M","E","R","E","T","E","M","?","?","E","R","BOSS","M","M","?","M","$","E","R","E","T","?","?","R","?","?","R","BOSS"],"build_version":"2019-07-17","purchased_purges":4,"victory":true,"max_hp_per_floor":[88,88,88,88,88,88,88,88,88,88,88,88,88,88,88,88,88,88,88,88,88,88,88,88,88,88,88,88,88,88,88,88,88,88,88,88,88,88,88,88,88,88,88,88,88,88,88,88,88,88],"card_choices":[{"not_picked":["Shrug It Off","Sword Boomerang"],"picked":"Armaments","floor":1.0},{"not_picked":["Heavy Blade","Warcry"],"picked":"Spot Weakness","floor":4.0},{"not_picked":["Twin Strike","Thunderclap"],"picked":"Pommel Strike","floor":6.0},{"not_picked":["Exhume","Second Wind"],"picked":"Shockwave","floor":10.0},{"not_picked":["Clothesline","Sword Boomerang"],"picked":"Headbutt","floor":11.0},{"not_picked":["Twin Strike","Sword Boomerang"],"picked":"Flame Barrier","floor":12.0},{"not_picked":["Iron Wave","Twin Strike"],"picked":"True Grit","floor":14.0},{"not_picked":["Berserk","Demon Form"],"picked":"Immolate","floor":16.0},{"not_picked":["Clash","Sword Boomerang","Armaments"],"picked":"SKIP","floor":18.0},{"not_picked":["Rage+1","Metallicize"],"picked":"Ghostly Armor+1","floor":21.0},{"not_picked":["Clash","True Grit","Flex"],"picked":"SKIP","floor":22.0},{"not_picked":["Warcry+1","Sword Boomerang"],"picked":"Burning Pact","floor":23.0},{"not_picked":["Evolve","Clash","Flex"],"picked":"SKIP","floor":25.0},{"not_picked":["Hemokinesis","Perfected Strike"],"picked":"Heavy Blade","floor":27.0},{"not_picked":["Ghostly Armor","Rage","Hemokinesis"],"picked":"SKIP","floor":28.0},{"not_picked":["Intimidate","Pommel Strike"],"picked":"Impervious","floor":31.0},{"not_picked":["Brutality","Double Tap"],"picked":"Barricade","floor":33.0},{"not_picked":["Wild Strike","Armaments+1"],"picked":"Pommel Strike+1","floor":35.0},{"not_picked":["Spot Weakness","Inflame+1","Warcry"],"picked":"SKIP","floor":35.0},{"not_picked":["Flame Barrier","Flex+1"],"picked":"Bludgeon","floor":36.0},{"not_picked":["Anger","Armaments+1","Iron Wave+1"],"picked":"SKIP","floor":36.0},{"not_picked":["Iron Wave+1","Headbutt"],"picked":"Clothesline","floor":37.0},{"not_picked":["Shrug It Off","Warcry"],"picked":"Headbutt+1","floor":37.0},{"not_picked":["Warcry","Battle Trance"],"picked":"Shrug It Off+1","floor":38.0},{"not_picked":["Armaments+1","Intimidate+1","Flex"],"picked":"SKIP","floor":38.0},{"not_picked":["Feel No Pain","Battle Trance","Flex+1"],"picked":"SKIP","floor":40},{"not_picked":["Perfected Strike+1","Double Tap","Flex+1"],"picked":"SKIP","floor":42},{"not_picked":["Wild Strike+1","Armaments"],"picked":"Flame Barrier","floor":45},{"not_picked":["Thunderclap","Clash+1"],"picked":"Sentinel+1","floor":48},{"not_picked":["Shrug It Off","Warcry","Whirlwind+1"],"picked":"SKIP","floor":48}],"player_experience":280768,"relics_obtained":[{"floor":5.0,"key":"Ornamental Fan"},{"floor":6.0,"key":"Pen Nib"},{"floor":9.0,"key":"Smiling Mask"},{"floor":10.0,"key":"Bronze Scales"},{"floor":14.0,"key":"Bird Faced Urn"},{"floor":20.0,"key":"Dream Catcher"},{"floor":23.0,"key":"War Paint"},{"floor":25.0,"key":"Art of War"},{"floor":26.0,"key":"Gambling Chip"},{"floor":27.0,"key":"Whetstone"},{"floor":31.0,"key":"Prayer Wheel"},{"floor":40,"key":"Bottled Flame"},{"floor":42,"key":"Self Forming Clay"},{"floor":43,"key":"Boot"},{"floor":45,"key":"Nunchaku"},{"floor":47,"key":"Letter Opener"}],"event_choices":[{"damage_healed":0.0,"max_hp_gain":0.0,"max_hp_loss":0.0,"gold_gain":0.0,"event_name":"Living Wall","player_choice":"Grow","floor":2.0,"gold_loss":0.0,"damage_taken":0.0,"cards_upgraded":["Armaments"]},{"damage_healed":0.0,"max_hp_gain":0.0,"max_hp_loss":0.0,"gold_gain":100.0,"event_name":"Wheel of Change","player_choice":"Gold","floor":3.0,"gold_loss":0.0,"damage_taken":0.0},{"cards_removed":["Strike_R"],"damage_healed":0.0,"max_hp_gain":0.0,"max_hp_loss":0.0,"gold_gain":0.0,"event_name":"Designer","player_choice":"Upgrade and Remove","floor":29.0,"gold_loss":90.0,"damage_taken":0.0,"cards_upgraded":["Headbutt"]},{"damage_healed":0,"gold_gain":0,"player_choice":"Embrace Madness","damage_taken":11,"max_hp_gain":0,"max_hp_loss":0,"event_name":"Winding Halls","floor":44,"gold_loss":0,"cards_obtained":["Madness","Madness"]},{"damage_healed":0,"gold_gain":0,"player_choice":"Fight","damage_taken":0,"max_hp_gain":0,"max_hp_loss":0,"event_name":"Mysterious Sphere","floor":45,"gold_loss":0}],"is_beta":false,"boss_relics":[{"not_picked":["Pandora\u0027s Box","Astrolabe"],"picked":"Snecko Eye"},{"not_picked":["Tiny House","Black Blood"],"picked":"Philosopher\u0027s Stone"}],"items_purged_floors":[8,19,30,39],"is_endless":false,"potions_floor_spawned":[4,6,16,22,25,27,31,33,36,37,40],"ascension_level":4}