{"gold_per_floor":[115,132,149,149,168,198,198,208,208,208,17,87,87,179,179,296,296,282,317,317],"floor_reached":20,"playtime":1779,"items_purged":[],"score":186,"play_id":"f0927fd0-ec66-43d7-824d-d5053367f104","local_time":"20180928121937","is_ascension_mode":false,"campfire_choices":[{"floor":7,"key":"REST"},{"data":"Dodge and Roll","floor":10,"key":"SMITH"},{"data":"HandOfGreed","floor":13,"key":"SMITH"},{"floor":15,"key":"REST"}],"neow_cost":"TEN_PERCENT_HP_LOSS","seed_source_timestamp":1049396406184983,"circlet_count":0,"master_deck":["Defend_G+1","Defend_G","Defend_G","Strike_G","Strike_G","Strike_G","Survivor","Neutralize","Quick Slash+1","PiercingWail","Well Laid Plans","Dodge and Roll","Terror","Dodge and Roll+1","HandOfGreed+1","Infinite Blades","Malaise","Calculated Gamble+1","Crippling Poison+1"],"relics":["Ring of the Snake","Centennial Puzzle","Darkstone Periapt","Tiny Chest","Empty Cage"],"potions_floor_usage":[6,12,12,16],"damage_taken":[{"damage":1,"enemies":"Cultist","floor":1,"turns":4},{"damage":0,"enemies":"Small Slimes","floor":2,"turns":3},{"damage":0,"enemies":"2 Louse","floor":3,"turns":3},{"damage":5,"enemies":"Exordium Thugs","floor":5,"turns":6},{"damage":17,"enemies":"Gremlin Nob","floor":6,"turns":5},{"damage":2,"enemies":"3 Louse","floor":8,"turns":4},{"damage":21,"enemies":"Lagavulin","floor":12,"turns":9},{"damage":12,"enemies":"Gremlin Gang","floor":14,"turns":10},{"damage":10,"enemies":"Hexaghost","floor":16,"turns":9},{"damage":27,"enemies":"2 Thieves","floor":18,"turns":5},{"damage":4,"enemies":"Shell Parasite","floor":19,"turns":7},{"damage":5,"enemies":"Centurion and Healer","floor":20,"turns":4}],"seed_played":"7554030012452186263","potions_obtained":[{"floor":1,"key":"Dexterity Potion"},{"floor":5,"key":"PowerPotion"},{"floor":8,"key":"Regen Potion"},{"floor":14,"key":"Dexterity Potion"},{"floor":16,"key":"SteroidPotion"},{"floor":19,"key":"FearPotion"}],"is_trial":false,"path_per_floor":["M","M","M","?","M","E","R","M","T","R","$","E","R","M","R","B",null,"M","M"],"character_chosen":"THE_SILENT","items_purchased":["HandOfGreed"],"campfire_rested":2,"item_purchase_floors":[11],"current_hp_per_floor":[62,62,62,49,44,27,45,43,43,43,43,37,37,25,43,33,63,36,32,27],"gold":317,"neow_bonus":"REMOVE_TWO","is_prod":false,"is_daily":false,"chose_seed":false,"campfire_upgraded":2,"win_rate":0,"timestamp":1538151577,"path_taken":["M","M","M","?","M","E","R","M","T","R","?","E","R","M","R","BOSS","M","M","M"],"build_version":"2018-09-27","purchased_purges":0,"victory":false,"max_hp_per_floor":[63,63,63,63,63,63,63,63,63,63,63,63,63,63,63,63,63,63,63,63],"card_choices":[{"not_picked":["Predator","Dagger Spray"],"picked":"Quick Slash","floor":1},{"not_picked":["Outmaneuver","Dagger Throw"],"picked":"PiercingWail","floor":2},{"not_picked":["Eviscerate","Finisher"],"picked":"Well Laid Plans","floor":3},{"not_picked":["Underhanded Strike","All Out Attack"],"picked":"Dodge and Roll","floor":5},{"not_picked":["Backflip","Underhanded Strike"],"picked":"Terror","floor":6},{"not_picked":["Caltrops","Tools of the Trade"],"picked":"Dodge and Roll","floor":8},{"not_picked":["Choke","Calculated Gamble"],"picked":"Infinite Blades","floor":12},{"not_picked":["Flying Knee","Riddle With Holes","Underhanded Strike"],"picked":"SKIP","floor":14},{"not_picked":["Burst","After Image"],"picked":"Malaise","floor":16},{"not_picked":["Acrobatics+1","Flechettes"],"picked":"Calculated Gamble+1","floor":18},{"not_picked":["Acrobatics","Dodge and Roll"],"picked":"Crippling Poison+1","floor":19}],"player_experience":64431,"relics_obtained":[{"floor":6,"key":"Centennial Puzzle"},{"floor":9,"key":"Darkstone Periapt"},{"floor":12,"key":"Tiny Chest"}],"event_choices":[{"event_name":"Shining Light","player_choice":"Entered Light","floor":4,"damage_taken":0}],"is_beta":false,"boss_relics":[{"not_picked":["Runic Dome","Coffee Dripper"],"picked":"Empty Cage"}],"items_purged_floors":[],"is_endless":false,"potions_floor_spawned":[1,5,8,14,16,19],"killed_by":"Centurion and Healer","ascension_level":0}