{"gold_per_floor":[118,131,51,51,51,51,86,86,86,112,126,126,149,159,159,159],"floor_reached":16,"playtime":722,"items_purged":[],"score":167,"play_id":"497d1a63-1f6b-4e8a-ba56-8476b75ca49b","local_time":"20190919191634","is_ascension_mode":true,"campfire_choices":[{"data":"Barricade","floor":6,"key":"SMITH"},{"floor":8,"key":"REST"},{"floor":12,"key":"REST"},{"floor":15,"key":"REST"}],"neow_cost":"NONE","seed_source_timestamp":0,"circlet_count":0,"master_deck":["AscendersBane","Strike_R","Strike_R","Strike_R","Strike_R","Defend_R","Defend_R","Defend_R","Defend_R","Bash","Barricade+1","Cleave","Shrug It Off","Blood for Blood","Inflame","Heavy Blade","Bludgeon","Shockwave","Entrench","Thunderclap","Rage"],"special_seed":0,"relics":["Burning Blood","Bottled Flame","Sundial","Dream Catcher","Odd Mushroom"],"potions_floor_usage":[10,14],"damage_taken":[{"damage":3.0,"enemies":"Small Slimes","floor":1.0,"turns":4.0},{"damage":14.0,"enemies":"2 Louse","floor":2.0,"turns":4.0},{"damage":55,"enemies":"Gremlin Nob","floor":7,"turns":6},{"damage":32,"enemies":"Lagavulin","floor":10,"turns":8},{"damage":1,"enemies":"Cultist","floor":11,"turns":4},{"damage":28,"enemies":"The Mushroom Lair","floor":13,"turns":5},{"damage":20,"enemies":"Exordium Thugs","floor":14,"turns":4},{"damage":45,"enemies":"Hexaghost","floor":16,"turns":11}],"seed_played":"-9145161552183665829","potions_obtained":[{"floor":1.0,"key":"SkillPotion"},{"floor":11,"key":"Swift Potion"}],"is_trial":false,"path_per_floor":["M","M","$","?","?","R","E","R","T","E","M","R","?","M","R","B"],"character_chosen":"IRONCLAD","items_purchased":["Blood for Blood"],"campfire_rested":3,"item_purchase_floors":[3],"current_hp_per_floor":[75,67,67,72,72,72,23,48,48,22,27,52,30,16,41,0],"gold":159,"neow_bonus":"ONE_RANDOM_RARE_CARD","is_prod":false,"is_daily":false,"chose_seed":false,"campfire_upgraded":1,"win_rate":0,"timestamp":1568945794,"path_taken":["M","M","$","?","?","R","E","R","T","E","M","R","?","M","R","BOSS"],"build_version":"2019-07-17","purchased_purges":0,"victory":false,"max_hp_per_floor":[80,80,80,85,85,85,85,85,85,85,85,85,85,85,85,85],"card_choices":[{"not_picked":["Clothesline","Pommel Strike"],"picked":"Cleave","floor":1.0},{"not_picked":["Corruption","Iron Wave"],"picked":"Shrug It Off","floor":2.0},{"not_picked":["Armaments","Seeing Red"],"picked":"Inflame","floor":7},{"not_picked":["Metallicize","Flex"],"picked":"Heavy Blade","floor":10},{"not_picked":["Cleave","Twin Strike"],"picked":"Bludgeon","floor":11},{"not_picked":["Havoc","Warcry"],"picked":"Shockwave","floor":12},{"not_picked":["Body Slam","Thunderclap"],"picked":"Entrench","floor":13},{"not_picked":["Reckless Charge","Dropkick"],"picked":"Thunderclap","floor":14},{"not_picked":["Body Slam","Thunderclap"],"picked":"Rage","floor":15}],"player_experience":332427,"relics_obtained":[{"floor":7,"key":"Bottled Flame"},{"floor":9,"key":"Sundial"},{"floor":10,"key":"Dream Catcher"},{"floor":13,"key":"Odd Mushroom"}],"event_choices":[{"damage_healed":0,"gold_gain":0,"player_choice":"Donut","damage_taken":0,"max_hp_gain":5,"max_hp_loss":0,"event_name":"Big Fish","floor":4,"gold_loss":0},{"cards_removed":["Strike_R"],"damage_healed":0,"gold_gain":0,"player_choice":"Forget","damage_taken":0,"max_hp_gain":0,"max_hp_loss":0,"event_name":"Living Wall","floor":5,"gold_loss":0},{"damage_healed":0,"gold_gain":0,"player_choice":"Fought Mushrooms","damage_taken":0,"max_hp_gain":0,"max_hp_loss":0,"event_name":"Mushrooms","floor":13,"gold_loss":0}],"is_beta":false,"boss_relics":[],"items_purged_floors":[],"is_endless":false,"potions_floor_spawned":[1,11],"killed_by":"Hexaghost","ascension_level":11}