{"gold_per_floor":[11,26,46,121,137,137,148,168,168,181,181,181,131,149,149,246,246,262,262,262,163,175,175,194,194,194,208,108,123,134,152,152,254,254,268,279,289,18,18,18,18,18,18,18,30,30,42,60,60,60],"floor_reached":51,"playtime":4976,"items_purged":["Zap","Fusion","Self Repair"],"score":657,"play_id":"5d36e601-b616-456c-9b7a-bd22a507e1d3","local_time":"20190918000957","is_ascension_mode":true,"campfire_choices":[{"data":"Gash","floor":6,"key":"SMITH"},{"data":"Cold Snap","floor":12,"key":"SMITH"},{"data":"Cold Snap","floor":15,"key":"SMITH"},{"data":"Glacier","floor":23,"key":"SMITH"},{"data":"Coolheaded","floor":25,"key":"SMITH"},{"floor":32,"key":"REST"},{"data":"Blizzard","floor":40,"key":"SMITH"},{"floor":42,"key":"REST"},{"data":"Seek","floor":44,"key":"SMITH"},{"floor":49,"key":"REST"}],"neow_cost":"NO_GOLD","seed_source_timestamp":447875804885419,"circlet_count":0,"master_deck":["Dualcast","Genetic Algorithm","Capacitor","Gash+1","Cold Snap+1","Chill+1","Heatsinks","Cold Snap+1","Machine Learning","Seek+1","Cold Snap+1","Amplify","Self Repair","FTL","Coolheaded+1","Hologram","Glacier+1","Coolheaded+1","Barrage+1","Blizzard+1","Seek","Capacitor","Finesse","Parasite","Blizzard","Consume+1"],"relics":["Cracked Core","Thread and Needle","Potion Belt","Pandora\u0027s Box","Question Card","Runic Dome","War Paint","Bottled Lightning"],"potions_floor_usage":[16,18,33,33,48],"damage_taken":[{"damage":0,"enemies":"2 Louse","floor":1,"turns":4},{"damage":0,"enemies":"Small Slimes","floor":2,"turns":4},{"damage":3,"enemies":"Jaw Worm","floor":3,"turns":3},{"damage":3,"enemies":"Exordium Wildlife","floor":5,"turns":5},{"damage":3,"enemies":"Looter","floor":7,"turns":4},{"damage":2,"enemies":"Blue Slaver","floor":8,"turns":4},{"damage":12,"enemies":"Lots of Slimes","floor":10,"turns":6},{"damage":0,"enemies":"Looter","floor":14,"turns":3},{"damage":18,"enemies":"Slime Boss","floor":16,"turns":17},{"damage":25,"enemies":"3 Byrds","floor":18,"turns":7},{"damage":5,"enemies":"Chosen","floor":22,"turns":8},{"damage":6,"enemies":"Shelled Parasite and Fungi","floor":24,"turns":9},{"damage":20,"enemies":"Chosen and Byrds","floor":27,"turns":11},{"damage":6,"enemies":"Cultist and Chosen","floor":29,"turns":8},{"damage":16,"enemies":"Snake Plant","floor":30,"turns":6},{"damage":47,"enemies":"3 Cultists","floor":31,"turns":6},{"damage":22,"enemies":"Collector","floor":33,"turns":11},{"damage":0,"enemies":"Orb Walker","floor":35,"turns":4},{"damage":0,"enemies":"3 Shapes","floor":36,"turns":4},{"damage":35,"enemies":"Spire Growth","floor":37,"turns":6},{"damage":17,"enemies":"Writhing Mass","floor":45,"turns":8},{"damage":16,"enemies":"4 Shapes","floor":47,"turns":7},{"damage":37,"enemies":"Spire Growth","floor":48,"turns":5},{"damage":12,"enemies":"Awakened One","floor":50,"turns":14}],"seed_played":"4272744833130658221","potions_obtained":[{"floor":1,"key":"PowerPotion"},{"floor":3,"key":"Fire Potion"},{"floor":10,"key":"SpeedPotion"},{"floor":22,"key":"AttackPotion"},{"floor":31,"key":"Poison Potion"},{"floor":33,"key":"GamblersBrew"},{"floor":37,"key":"Swift Potion"},{"floor":47,"key":"Swift Potion"},{"floor":48,"key":"SpeedPotion"}],"is_trial":false,"path_per_floor":["M","M","M","?","M","R","M","M","T","M","?","R","?","M","R","B",null,"M","?","?","$","M","R","M","R","T","M","$","M","M","M","R","B",null,"M","M","M","$","?","R","$","R","T","R","M","?","M","M","R","B",null],"character_chosen":"DEFECT","items_purchased":["Hologram","War Paint"],"campfire_rested":3,"item_purchase_floors":[21,38],"current_hp_per_floor":[75,75,72,61,65,65,69,74,74,69,69,69,69,75,75,64,75,64,64,64,64,75,75,75,75,75,69,69,70,75,35,57,49,75,75,75,54,54,54,54,54,75,75,75,72,72,63,33,55,50],"gold":60,"neow_bonus":"ONE_RARE_RELIC","is_prod":false,"is_daily":false,"chose_seed":false,"campfire_upgraded":7,"win_rate":0,"timestamp":1568779797,"path_taken":["M","M","M","?","M","R","M","M","T","M","?","R","?","M","R","BOSS","M","?","?","$","M","R","M","R","T","M","$","M","M","M","R","BOSS","M","M","M","$","?","R","$","R","T","R","M","?","?","M","R","BOSS"],"build_version":"2019-07-17","purchased_purges":3,"victory":true,"max_hp_per_floor":[75,75,75,75,75,75,75,75,75,75,75,75,75,75,75,75,75,75,75,75,75,75,75,75,75,75,75,75,75,75,75,75,75,75,75,75,75,75,75,75,75,75,75,75,75,75,75,75,75,75],"card_choices":[{"not_picked":["Hologram","Darkness"],"picked":"Genetic Algorithm","floor":1},{"not_picked":["Go for the Eyes","BootSequence"],"picked":"Capacitor","floor":2},{"not_picked":["Sweeping Beam","Sunder"],"picked":"Self Repair","floor":3},{"not_picked":["Conserve Battery","Stack"],"picked":"Gash","floor":5},{"not_picked":["Gash","BootSequence"],"picked":"Cold Snap","floor":7},{"not_picked":["Steam","Hyperbeam"],"picked":"Chill","floor":8},{"not_picked":["Streamline","Static Discharge"],"picked":"Heatsinks","floor":10},{"not_picked":["Doom and Gloom","Auto Shields"],"picked":"Cold Snap","floor":14},{"not_picked":["Meteor Strike","Buffer"],"picked":"Machine Learning","floor":16},{"not_picked":["Hello World","Leap+1"],"picked":"Coolheaded","floor":18},{"not_picked":["Beam Cell","Steam Power"],"picked":"Glacier","floor":22},{"not_picked":["Reinforced Body","Steam"],"picked":"Coolheaded","floor":24},{"not_picked":["Streamline","Genetic Algorithm","Blizzard"],"picked":"Barrage+1","floor":27},{"not_picked":["Compile Driver","Steam","Coolheaded+1"],"picked":"Blizzard","floor":29},{"not_picked":["Leap","Gash","Redo+1","Auto Shields"],"picked":"SKIP","floor":30},{"not_picked":["Meteor Strike","Biased Cognition","Fission"],"picked":"Seek","floor":33},{"not_picked":["Blizzard","Sunder","Leap+1"],"picked":"Capacitor","floor":35},{"not_picked":["Fusion+1","Steam","Conserve Battery+1","Stack+1"],"picked":"SKIP","floor":36},{"not_picked":["Reinforced Body+1","Streamline+1","Turbo+1","Rebound+1"],"picked":"SKIP","floor":37},{"not_picked":["Panacea","Deep Breath","Metamorphosis"],"picked":"Finesse","floor":39},{"not_picked":["Double Energy","Skim+1","Streamline","Rebound+1"],"picked":"SKIP","floor":45},{"not_picked":["Glacier+1","Self Repair","Stack"],"picked":"Blizzard","floor":47},{"not_picked":["Lockon","Gash","Capacitor+1"],"picked":"Consume+1","floor":48}],"player_experience":99407,"relics_obtained":[{"floor":9,"key":"Potion Belt"},{"floor":26,"key":"Question Card"},{"floor":43,"key":"Bottled Lightning"}],"event_choices":[{"damage_healed":0,"gold_gain":75,"player_choice":"Gather Gold","damage_taken":11,"max_hp_gain":0,"max_hp_loss":0,"event_name":"World of Goop","floor":4,"gold_loss":0},{"damage_healed":0,"gold_gain":0,"player_choice":"Ignored","damage_taken":0,"max_hp_gain":0,"max_hp_loss":0,"event_name":"Liars Game","floor":11,"gold_loss":0},{"cards_removed":["Strike_B"],"damage_healed":0,"gold_gain":0,"player_choice":"Card Removal","damage_taken":0,"max_hp_gain":0,"max_hp_loss":0,"event_name":"The Cleric","floor":13,"gold_loss":50},{"damage_healed":0,"gold_gain":0,"player_choice":"Ignored","damage_taken":0,"max_hp_gain":0,"max_hp_loss":0,"event_name":"Vampires","floor":19,"gold_loss":0},{"cards_removed":["Tempest"],"damage_healed":0,"gold_gain":0,"player_choice":"Elegance","damage_taken":0,"max_hp_gain":0,"max_hp_loss":0,"event_name":"Back to Basics","floor":20,"gold_loss":0},{"damage_healed":0,"gold_gain":0,"player_choice":"Memory 1","damage_taken":0,"max_hp_gain":0,"max_hp_loss":0,"event_name":"SensoryStone","floor":39,"gold_loss":0},{"damage_healed":0,"gold_gain":0,"player_choice":"Upgraded","damage_taken":0,"max_hp_gain":0,"max_hp_loss":0,"event_name":"Upgrade Shrine","floor":46,"gold_loss":0,"cards_upgraded":["Cold Snap"]}],"is_beta":false,"boss_relics":[{"not_picked":["Velvet Choker","Calling Bell"],"picked":"Pandora\u0027s Box"},{"not_picked":["Black Star","Snecko Eye"],"picked":"Runic Dome"}],"items_purged_floors":[21,28,38],"is_endless":false,"potions_floor_spawned":[1,3,10,22,31,33,37,47,48],"ascension_level":2}