{"gold_per_floor":[129,216,238,250,262,274,306,334,346,9,9,29,48,76,76,173,173,193,95,114,114,131,166,166,166],"floor_reached":25,"playtime":1454,"items_purged":["Regret"],"score":326,"play_id":"98622ff3-b09c-42f2-b22e-2992b3024d58","local_time":"20190905171546","is_ascension_mode":true,"campfire_choices":[{"data":"Sunder","floor":6.0,"key":"SMITH"},{"floor":11.0,"key":"REST"},{"floor":15.0,"key":"REST"},{"floor":24.0,"key":"REST"}],"neow_cost":"NONE","seed_source_timestamp":0,"circlet_count":0,"master_deck":["Defend_B","Defend_B","Defend_B","Defend_B","Zap","Dualcast","Sunder+1","White Noise","Genetic Algorithm","Capacitor","Coolheaded","Auto Shields","Rebound","Electrodynamics","Glacier+1","Go for the Eyes","Ball Lightning","Bite","Bite","Bite","Bite","Bite","Thunder Strike","Undo","Steam+1"],"special_seed":0,"relics":["Cracked Core","MawBank","Question Card","The Courier","Chemical X","Bag of Preparation","Pen Nib","Velvet Choker","Dream Catcher"],"potions_floor_usage":[],"damage_taken":[{"damage":1.0,"enemies":"Cultist","floor":1.0,"turns":3.0},{"damage":0.0,"enemies":"Small Slimes","floor":3.0,"turns":2.0},{"damage":0.0,"enemies":"2 Louse","floor":7.0,"turns":1.0},{"damage":18.0,"enemies":"Blue Slaver","floor":8.0,"turns":3.0},{"damage":5.0,"enemies":"Exordium Wildlife","floor":12.0,"turns":5.0},{"damage":14.0,"enemies":"3 Louse","floor":13.0,"turns":3.0},{"damage":23.0,"enemies":"Lagavulin","floor":14.0,"turns":10.0},{"damage":37.0,"enemies":"The Guardian","floor":16.0,"turns":15.0},{"damage":15.0,"enemies":"Chosen","floor":18.0,"turns":5.0},{"damage":7.0,"enemies":"3 Byrds","floor":20.0,"turns":3.0},{"damage":2.0,"enemies":"Cultist and Chosen","floor":22.0,"turns":4.0},{"damage":41.0,"enemies":"Gremlin Leader","floor":23.0,"turns":5.0},{"damage":49,"enemies":"Slavers","floor":25,"turns":4}],"seed_played":"7073121521503771549","potions_obtained":[{"floor":3.0,"key":"Explosive Potion"},{"floor":12.0,"key":"FearPotion"},{"floor":16.0,"key":"Regen Potion"},{"floor":20.0,"key":"Poison Potion"},{"floor":22.0,"key":"GamblersBrew"},{"floor":23.0,"key":"Ancient Potion"}],"is_trial":false,"path_per_floor":["M","?","M","?","?","R","M","M","T","$","R","M","M","E","R","B",null,"M","$","M","?","M","E","R","E"],"character_chosen":"DEFECT","items_purchased":["Chemical X","Capacitor","Bag of Preparation","Go for the Eyes"],"campfire_rested":3,"item_purchase_floors":[10,10,10,19],"current_hp_per_floor":[67,56,56,56,56,56,56,38,38,38,60,55,41,18,40,3,57,42,42,35,35,37,22,37,0],"gold":166,"neow_bonus":"RANDOM_COMMON_RELIC","is_prod":false,"is_daily":false,"chose_seed":false,"campfire_upgraded":1,"win_rate":0,"timestamp":1567728946,"path_taken":["M","?","M","?","?","R","M","M","T","$","R","M","M","E","R","BOSS","M","$","M","?","M","E","R","E"],"build_version":"2019-07-17","purchased_purges":1,"victory":false,"max_hp_per_floor":[75,75,75,75,75,75,75,75,75,75,75,75,75,75,75,75,75,75,75,75,52,52,52,52,52],"card_choices":[{"not_picked":["Turbo","Steam"],"picked":"Sunder","floor":1.0},{"not_picked":["Cold Snap","Steam Power"],"picked":"White Noise","floor":3.0},{"not_picked":["Cold Snap","Leap","Compile Driver"],"picked":"Genetic Algorithm","floor":7.0},{"not_picked":["Stack","Compile Driver","Fusion","Darkness"],"picked":"SKIP","floor":8.0},{"not_picked":["Turbo","Hologram","Stack"],"picked":"Coolheaded","floor":12.0},{"not_picked":["Chill","BootSequence","Cold Snap"],"picked":"Auto Shields","floor":13.0},{"not_picked":["Scrape","Barrage","Loop"],"picked":"Rebound","floor":14.0},{"not_picked":["Core Surge","Creative AI","Fission"],"picked":"Electrodynamics","floor":16.0},{"not_picked":["Double Energy","Hologram","Conserve Battery"],"picked":"Glacier+1","floor":18.0},{"not_picked":["Steam","Leap","Conserve Battery"],"picked":"Ball Lightning","floor":20.0},{"not_picked":["Redo","Recycle","Hologram"],"picked":"Thunder Strike","floor":22.0},{"not_picked":["Streamline","Reprogram","Barrage"],"picked":"Undo","floor":23.0},{"not_picked":["Doom and Gloom","Sweeping Beam","Beam Cell"],"picked":"Steam+1","floor":24.0}],"player_experience":289967,"relics_obtained":[{"floor":9.0,"key":"The Courier"},{"floor":14.0,"key":"Pen Nib"},{"floor":23.0,"key":"Dream Catcher"}],"event_choices":[{"damage_healed":0.0,"max_hp_gain":0.0,"max_hp_loss":0.0,"gold_gain":75.0,"event_name":"World of Goop","player_choice":"Gather Gold","floor":2.0,"gold_loss":0.0,"damage_taken":11.0},{"damage_healed":0.0,"max_hp_gain":0.0,"max_hp_loss":0.0,"gold_gain":0.0,"event_name":"Big Fish","player_choice":"Box","floor":4.0,"gold_loss":0.0,"damage_taken":0.0,"relics_obtained":["Question Card"],"cards_obtained":["Regret"]},{"damage_healed":0.0,"max_hp_gain":0.0,"max_hp_loss":0.0,"gold_gain":0.0,"event_name":"Liars Game","player_choice":"Ignored","floor":5.0,"gold_loss":0.0,"damage_taken":0.0},{"damage_healed":0.0,"max_hp_gain":0.0,"max_hp_loss":23.0,"gold_gain":0.0,"event_name":"Vampires","player_choice":"Became a vampire","floor":21.0,"gold_loss":0.0,"damage_taken":0.0,"cards_obtained":["Bite","Bite","Bite","Bite","Bite"]}],"is_beta":false,"boss_relics":[{"not_picked":["Empty Cage","Black Star"],"picked":"Velvet Choker"}],"items_purged_floors":[19],"is_endless":false,"potions_floor_spawned":[3,12,16,20,22,23],"killed_by":"Slavers","ascension_level":7}