{"gold_per_floor":[117,128,142,217,227,227,257,274,274,296,314,314,314,328,328,328],"floor_reached":16,"playtime":1502,"items_purged":[],"score":104,"play_id":"88f5d30c-909f-4545-9e4d-0364544d8b95","local_time":"20190902114525","is_ascension_mode":false,"campfire_choices":[{"data":"Iron Wave","floor":6,"key":"SMITH"},{"floor":12,"key":"REST"},{"floor":15,"key":"REST"}],"neow_cost":"NONE","seed_source_timestamp":58575238106100,"circlet_count":0,"master_deck":["Strike_R","Strike_R","Strike_R","Strike_R","Strike_R","Defend_R","Defend_R","Defend_R","Defend_R","Bash","Shrug It Off+1","Uppercut","Shrug It Off","Iron Wave+1","Flame Barrier","Heavy Blade","Clothesline"],"relics":["Burning Blood","NeowsBlessing","Self Forming Clay","Gremlin Horn","Odd Mushroom"],"potions_floor_usage":[10,10,11,16],"damage_taken":[{"damage":0,"enemies":"Jaw Worm","floor":1,"turns":1},{"damage":0,"enemies":"Small Slimes","floor":2,"turns":1},{"damage":0,"enemies":"Cultist","floor":3,"turns":1},{"damage":5,"enemies":"2 Fungi Beasts","floor":5,"turns":5},{"damage":49,"enemies":"Lagavulin","floor":7,"turns":12},{"damage":0,"enemies":"Exordium Wildlife","floor":8,"turns":7},{"damage":5,"enemies":"The Mushroom Lair","floor":10,"turns":5},{"damage":16,"enemies":"Red Slaver","floor":11,"turns":5},{"damage":4,"enemies":"Large Slime","floor":14,"turns":9},{"damage":87,"enemies":"The Guardian","floor":16,"turns":20}],"seed_played":"-5580879611326648818","potions_obtained":[{"floor":2,"key":"GamblersBrew"},{"floor":7,"key":"Regen Potion"},{"floor":8,"key":"SkillPotion"},{"floor":11,"key":"Strength Potion"}],"is_trial":false,"path_per_floor":["M","M","M","?","M","R","E","M","T","?","M","R","?","M","R","B"],"character_chosen":"IRONCLAD","items_purchased":[],"campfire_rested":2,"item_purchase_floors":[],"current_hp_per_floor":[80,80,80,69,70,70,27,33,33,43,33,57,57,59,80,0],"gold":328,"neow_bonus":"THREE_ENEMY_KILL","is_prod":false,"is_daily":false,"chose_seed":false,"campfire_upgraded":1,"win_rate":0.0,"timestamp":1567442725,"path_taken":["M","M","M","?","M","R","E","M","T","?","M","R","?","M","R","BOSS"],"build_version":"2019-07-17","purchased_purges":0,"victory":false,"max_hp_per_floor":[80,80,80,80,80,80,80,80,80,80,80,80,80,80,80,80],"card_choices":[{"not_picked":["Twin Strike","Headbutt"],"picked":"Shrug It Off","floor":1},{"not_picked":["Disarm","Clothesline"],"picked":"Uppercut","floor":2},{"not_picked":["Flex","Burning Pact"],"picked":"Shrug It Off","floor":3},{"not_picked":["Headbutt","Heavy Blade"],"picked":"Iron Wave","floor":5},{"not_picked":["Intimidate","Demon Form"],"picked":"Flame Barrier","floor":7},{"not_picked":["True Grit","Twin Strike","Dual Wield"],"picked":"SKIP","floor":8},{"not_picked":["Wild Strike","Warcry"],"picked":"Heavy Blade","floor":10},{"not_picked":["Rupture","Perfected Strike"],"picked":"Clothesline","floor":11},{"not_picked":["Thunderclap","Twin Strike","Anger"],"picked":"SKIP","floor":14}],"player_experience":89567,"relics_obtained":[{"floor":7,"key":"Self Forming Clay"},{"floor":9,"key":"Gremlin Horn"},{"floor":10,"key":"Odd Mushroom"}],"event_choices":[{"damage_healed":0,"gold_gain":75,"player_choice":"Gather Gold","damage_taken":11,"max_hp_gain":0,"max_hp_loss":0,"event_name":"World of Goop","floor":4,"gold_loss":0},{"damage_healed":0,"gold_gain":0,"player_choice":"Fought Mushrooms","damage_taken":0,"max_hp_gain":0,"max_hp_loss":0,"event_name":"Mushrooms","floor":10,"gold_loss":0},{"damage_healed":0,"gold_gain":0,"player_choice":"Grow","damage_taken":0,"max_hp_gain":0,"max_hp_loss":0,"event_name":"Living Wall","floor":13,"gold_loss":0,"cards_upgraded":["Shrug It Off"]}],"is_beta":false,"boss_relics":[],"items_purged_floors":[],"is_endless":false,"potions_floor_spawned":[2,7,8,11],"killed_by":"The Guardian","ascension_level":0}