{"gold_per_floor":[110,110,126,126,126,170,170,204,204,248,248,188,222,57,57,177,177,195,294,344,209,247,297,347,394,433,478,524,572,584,635,647,779,791,828,193,193,218,343,387,427,460,460,385,420,455,488,507,507,507,507,507,16,50,50],"floor_reached":56,"playtime":2005,"items_purged":["Dodge and Roll","Shrug It Off","Rampage+1","Blind+1","Impatience+1"],"score":2347,"play_id":"62d2bac4-5d34-4721-97c9-4d586b41d802","local_time":"20190829202005","daily_mods":["SealedDeck","Red Cards","Colorless Cards","Flight","DeadlyEvents","Elite Swarm","Lethality","Night Terrors","Terminal"],"is_ascension_mode":false,"campfire_choices":[{"data":"Deadly Poison","floor":7.0,"key":"SMITH"},{"data":"Impatience","floor":11.0,"key":"SMITH"},{"floor":15,"key":"RECALL"},{"data":"Apotheosis","floor":30,"key":"SMITH"},{"data":"Adrenaline","floor":32,"key":"SMITH"},{"data":"Seeing Red","floor":49,"key":"SMITH"},{"data":"Juggernaut","floor":52,"key":"SMITH"}],"neow_cost":"","seed_source_timestamp":0,"circlet_count":0,"master_deck":["Seeing Red+1","Intimidate","Backflip","Finesse","Master of Strategy","Juggernaut+1","Evolve","After Image","Adrenaline+1","Apotheosis+1","Panache+1"],"special_seed":0,"relics":["Ring of the Snake","Golden Idol","The Specimen","Singing Bowl","Molten Egg 2","The Courier","Pocketwatch","TheAbacus","Orrery","MawBank","Tough Bandages","Centennial Puzzle","Bottled Tornado","Bag of Preparation","Sundial","Thread and Needle","Calipers","Astrolabe","Membership Card","Prayer Wheel","Question Card","Matryoshka","Dodecahedron","Tingsha","Pear","Pantograph","Whetstone","Happy Flower","Kunai","Snake Skull","Gremlin Horn","Boot"],"potions_floor_usage":[55,55,55],"damage_taken":[{"damage":0.0,"enemies":"2 Louse","floor":1.0,"turns":2.0},{"damage":0.0,"enemies":"Cultist","floor":3.0,"turns":3.0},{"damage":0.0,"enemies":"Lagavulin","floor":6.0,"turns":5.0},{"damage":0.0,"enemies":"Gremlin Nob","floor":8.0,"turns":3.0},{"damage":0.0,"enemies":"Lagavulin","floor":10.0,"turns":5.0},{"damage":0.0,"enemies":"3 Sentries","floor":13.0,"turns":4.0},{"damage":0,"enemies":"Slime Boss","floor":16,"turns":6},{"damage":0,"enemies":"Spheric Guardian","floor":18,"turns":1},{"damage":0,"enemies":"Gremlin Leader","floor":22,"turns":1},{"damage":0,"enemies":"Book of Stabbing","floor":23,"turns":1},{"damage":0,"enemies":"Gremlin Leader","floor":24,"turns":1},{"damage":0,"enemies":"Book of Stabbing","floor":25,"turns":1},{"damage":0,"enemies":"Slavers","floor":27,"turns":1},{"damage":0,"enemies":"Book of Stabbing","floor":28,"turns":1},{"damage":0,"enemies":"Slavers","floor":29,"turns":1},{"damage":0,"enemies":"Gremlin Leader","floor":31,"turns":1},{"damage":0,"enemies":"Collector","floor":33,"turns":1},{"damage":0,"enemies":"3 Darklings","floor":35,"turns":1},{"damage":0,"enemies":"3 Shapes","floor":38,"turns":1},{"damage":0,"enemies":"Mind Bloom Boss Battle","floor":39,"turns":1},{"damage":0,"enemies":"Giant Head","floor":40,"turns":1},{"damage":0,"enemies":"Reptomancer","floor":41,"turns":1},{"damage":0,"enemies":"Giant Head","floor":42,"turns":1},{"damage":0,"enemies":"Reptomancer","floor":45,"turns":1},{"damage":0,"enemies":"Nemesis","floor":46,"turns":1},{"damage":0,"enemies":"Reptomancer","floor":47,"turns":1},{"damage":0,"enemies":"Writhing Mass","floor":48,"turns":1},{"damage":0,"enemies":"Awakened One","floor":50,"turns":2},{"damage":0,"enemies":"Shield and Spear","floor":54,"turns":1},{"damage":0,"enemies":"The Heart","floor":55,"turns":3}],"seed_played":"-2482997666347345479","potions_obtained":[{"floor":1.0,"key":"Poison Potion"},{"floor":2.0,"key":"FearPotion"},{"floor":2.0,"key":"Dexterity Potion"},{"floor":8.0,"key":"GhostInAJar"},{"floor":10.0,"key":"Fire Potion"},{"floor":16,"key":"Swift Potion"}],"is_trial":true,"path_per_floor":["M","?","M","?","?","E","R","E","T","E","R","$","E","$","R","B",null,"M","?","?","$","E","E","E","E","T","E","E","E","R","E","R","B",null,"M","$","?","M","?","E","E","E","T","$","E","E","E","M","R","B",null,"R","$","E","B",null],"character_chosen":"THE_SILENT","items_purchased":["TheAbacus","Evolve","Membership Card","Prayer Wheel","Question Card","Matryoshka","Dodecahedron","PowerPotion","Ancient Potion","EssenceOfSteel","FearPotion","Regen Potion","Regen Potion","Ancient Potion","Fire Potion","SneckoOil","EssenceOfSteel","Energy Potion","Regen Potion","Regen Potion","Dexterity Potion","Fire Potion"],"campfire_rested":0,"item_purchase_floors":[14,21,36,36,36,36,36,53,53,53,53,53,53,53,53,53,53,53,53,53,53,53],"current_hp_per_floor":[1,1,1,1,1,1,1,2,1,1,1,1,2,1,1,1,10,11,10,9,8,7,8,9,8,7,8,9,8,7,8,7,8,7,8,7,6,9,10,21,22,23,22,21,22,23,24,27,26,25,24,23,22,23,22],"gold":50,"neow_bonus":"","is_prod":false,"is_daily":false,"chose_seed":false,"campfire_upgraded":6,"win_rate":0,"timestamp":1567081205,"path_taken":["M","?","?","?","?","E","R","E","T","E","R","$","E","$","R","BOSS","M","?","?","$","?","E","E","E","T","E","?","E","R","E","R","BOSS","M","$","?","M","?","E","E","E","T","?","E","?","E","M","R","BOSS","R","$","E","BOSS"],"build_version":"2019-07-17","purchased_purges":5,"victory":true,"max_hp_per_floor":[1,1,1,1,1,1,1,2,1,1,1,1,2,1,1,1,10,11,10,9,8,7,8,9,8,7,8,9,8,7,8,7,8,7,8,7,6,9,10,21,22,23,22,21,22,23,24,27,26,25,24,23,22,23,22],"card_choices":[{"not_picked":["Slice","Sucker Punch","Cleave"],"picked":"SKIP","floor":1.0},{"not_picked":["Shrug It Off","Cleave","Prepared"],"picked":"SKIP","floor":3.0},{"not_picked":["Feed","Berserk","Doppelganger"],"picked":"SKIP","floor":6.0},{"not_picked":["Chrysalis","Die Die Die","A Thousand Cuts"],"picked":"Singing Bowl","floor":8.0},{"not_picked":["Mayhem","Reaper+1"],"picked":"Master of Strategy","floor":10.0},{"not_picked":["Metamorphosis","Feed+1","Dark Embrace"],"picked":"Singing Bowl","floor":13.0},{"not_picked":["Doppelganger","Sadistic Nature"],"picked":"Juggernaut","floor":16},{"not_picked":["Deflect","Twin Strike+1","Clothesline+1"],"picked":"Singing Bowl","floor":17},{"not_picked":["Enlightenment","Flying Knee+1","Headbutt+1"],"picked":"Singing Bowl","floor":17},{"not_picked":["Outmaneuver","Perfected Strike+1","Clothesline+1"],"picked":"Singing Bowl","floor":17},{"not_picked":["Panache","Pommel Strike+1","Deflect"],"picked":"Singing Bowl","floor":17},{"not_picked":["Sentinel","Underhanded Strike+1","Dagger Spray+1"],"picked":"Singing Bowl","floor":17},{"not_picked":["Blade Dance","Backflip","Thunderclap+1"],"picked":"Singing Bowl","floor":18},{"not_picked":["Malaise","Envenom"],"picked":"After Image","floor":22},{"not_picked":["Metamorphosis","A Thousand Cuts","Fiend Fire+1"],"picked":"Singing Bowl","floor":23},{"not_picked":["Burst","Tools of the Trade","Magnetism"],"picked":"Singing Bowl","floor":24},{"not_picked":["Doppelganger","Dark Embrace"],"picked":"Adrenaline","floor":25},{"not_picked":["Secret Technique","Panache","Unload+1"],"picked":"Singing Bowl","floor":27},{"not_picked":["Transmutation","Master of Strategy","Reaper+1"],"picked":"Singing Bowl","floor":28},{"not_picked":["Grand Finale+1","Limit Break"],"picked":"Apotheosis","floor":29},{"not_picked":["Metamorphosis","Mayhem","Malaise"],"picked":"Singing Bowl","floor":31},{"not_picked":["Mayhem","Envenom","The Bomb"],"picked":"Singing Bowl","floor":33},{"not_picked":["Setup+1","Wild Strike+1","Dodge and Roll+1"],"picked":"Singing Bowl","floor":35},{"not_picked":["Dramatic Entrance+1","Clash+1","Riddle With Holes+1","Dodge and Roll"],"picked":"Singing Bowl","floor":38},{"not_picked":["Discovery+1","Flying Knee+1","Underhanded Strike+1","Quick Slash+1"],"picked":"Singing Bowl","floor":38},{"not_picked":["Venomology","Enlightenment","Dagger Spray+1","Headbutt+1"],"picked":"Singing Bowl","floor":39},{"not_picked":["Magnetism","Apotheosis","Panache","Violence"],"picked":"Singing Bowl","floor":40},{"not_picked":["Barricade","Reaper+1","Mayhem","Night Terror"],"picked":"Singing Bowl","floor":41},{"not_picked":["Burst","Secret Weapon","Immolate+1","Corpse Explosion"],"picked":"Singing Bowl","floor":42},{"not_picked":["Impervious","A Thousand Cuts","Sadistic Nature","Demon Form"],"picked":"Singing Bowl","floor":45},{"not_picked":["Demon Form","Bullet Time","Envenom","Berserk"],"picked":"Singing Bowl","floor":46},{"not_picked":["Offering","Doppelganger","A Thousand Cuts","Magnetism"],"picked":"Singing Bowl","floor":47},{"not_picked":["Sucker Punch+1","Havoc","Backstab+1","Armaments+1"],"picked":"Singing Bowl","floor":48},{"not_picked":["Deflect","Warcry","Carnage+1","Infernal Blade+1"],"picked":"Singing Bowl","floor":48},{"not_picked":["Grand Finale+1","Adrenaline","Violence","HandOfGreed+1"],"picked":"Singing Bowl","floor":54}],"player_experience":898436,"relics_obtained":[{"floor":6.0,"key":"The Specimen"},{"floor":8.0,"key":"Singing Bowl"},{"floor":9.0,"key":"Molten Egg 2"},{"floor":10.0,"key":"The Courier"},{"floor":13.0,"key":"Pocketwatch"},{"floor":22,"key":"MawBank"},{"floor":23,"key":"Tough Bandages"},{"floor":24,"key":"Centennial Puzzle"},{"floor":25,"key":"Bottled Tornado"},{"floor":27,"key":"Bag of Preparation"},{"floor":28,"key":"Sundial"},{"floor":29,"key":"Thread and Needle"},{"floor":31,"key":"Calipers"},{"floor":39,"key":"Tingsha"},{"floor":40,"key":"Pear"},{"floor":41,"key":"Pantograph"},{"floor":42,"key":"Whetstone"},{"floor":43,"key":"Happy Flower"},{"floor":43,"key":"Kunai"},{"floor":45,"key":"Snake Skull"},{"floor":47,"key":"Gremlin Horn"},{"floor":54,"key":"Boot"}],"event_choices":[{"damage_healed":0.0,"max_hp_gain":0.0,"max_hp_loss":0.0,"gold_gain":0.0,"event_name":"Lab","player_choice":"Got Potions","floor":2.0,"gold_loss":0.0,"damage_taken":0.0},{"damage_healed":0.0,"max_hp_gain":0.0,"max_hp_loss":0.0,"gold_gain":0.0,"event_name":"Liars Game","player_choice":"Ignored","floor":4.0,"gold_loss":0.0,"damage_taken":0.0},{"damage_healed":0.0,"max_hp_gain":0.0,"max_hp_loss":1.0,"gold_gain":0.0,"event_name":"Golden Idol","player_choice":"Lose Max HP","floor":5.0,"gold_loss":0.0,"damage_taken":0.0,"relics_obtained":["Golden Idol"]},{"damage_healed":0,"gold_gain":99,"player_choice":"Stole From Cult","damage_taken":0,"max_hp_gain":0,"max_hp_loss":0,"event_name":"Nest","floor":19,"gold_loss":0},{"damage_healed":0,"gold_gain":100,"player_choice":"Bet on Murderer","damage_taken":0,"max_hp_gain":0,"max_hp_loss":0,"event_name":"The Joust","floor":20,"gold_loss":50},{"damage_healed":0,"gold_gain":0,"player_choice":"Max HP","damage_taken":0,"max_hp_gain":0,"max_hp_loss":0,"event_name":"Winding Halls","floor":37,"gold_loss":0},{"damage_healed":0,"gold_gain":0,"player_choice":"Fight","damage_taken":0,"max_hp_gain":0,"max_hp_loss":0,"event_name":"MindBloom","floor":39,"gold_loss":0}],"is_beta":false,"boss_relics":[{"not_picked":["Fusion Hammer","Sozu"],"picked":"Orrery"},{"not_picked":["Coffee Dripper","White Beast Statue"],"picked":"Astrolabe"}],"items_purged_floors":[12,21,36,44,53],"is_endless":false,"potions_floor_spawned":[1,8,10,16,18,27,28,29,33,38,42,45,46,48,54],"ascension_level":0}