{"gold_per_floor":[112,34,44,9,9,9,38,52,52,52,52,78,78,129,129,205,205,224,224,240,270,185,215,215,140,217,142,58,58,92,109,109,186,186,196,214,233,75,94,126,143,171,195,207,241,253,281,281,281,281,281,281,281,2,36,36],"floor_reached":57,"playtime":2785,"items_purged":["Deadly Poison","Setup","Sucker Punch+1"],"score":3557,"play_id":"caf19655-2ad7-498e-9471-00337321bb9c","local_time":"20190821173312","is_ascension_mode":true,"campfire_choices":[{"data":"Acrobatics","floor":6.0,"key":"SMITH"},{"data":"Tactician","floor":11.0,"key":"SMITH"},{"data":"Well Laid Plans","floor":13.0,"key":"SMITH"},{"data":"Deadly Poison","floor":15.0,"key":"SMITH"},{"data":"A Thousand Cuts","floor":24.0,"key":"SMITH"},{"data":"Calculated Gamble","floor":29.0,"key":"SMITH"},{"data":"Grand Finale","floor":32.0,"key":"SMITH"},{"floor":49,"key":"RECALL"},{"floor":53,"key":"REST"}],"neow_cost":"NONE","seed_source_timestamp":545802988747700,"circlet_count":0,"master_deck":["AscendersBane","Survivor+1","Neutralize+1","Deadly Poison+1","Escape Plan+1","Distraction+1","Grand Finale+1","Dash+1","A Thousand Cuts+1","Leg Sweep+1","Well Laid Plans+1","Acrobatics+1","Tactician+1","After Image+1","Escape Plan+1","Calculated Gamble+1","Acrobatics+1","Backflip+1","Prepared+1"],"special_seed":0,"relics":["Pandora\u0027s Box","Turnip","Happy Flower","Regal Pillow","Runic Dome","Red Mask","Gremlin Horn","Anchor","Bottled Lightning","Lantern","Black Star","Bronze Scales","PreservedInsect","The Specimen","Thread and Needle","Smiling Mask","Strawberry","Vajra","Juzu Bracelet","Toxic Egg 2","Mark of the Bloom","OrangePellets","Pantograph","Blood Vial"],"potions_floor_usage":[56,56],"damage_taken":[{"damage":1.0,"enemies":"Jaw Worm","floor":1.0,"turns":6.0},{"damage":5.0,"enemies":"2 Louse","floor":3.0,"turns":4.0},{"damage":3.0,"enemies":"3 Sentries","floor":7.0,"turns":3.0},{"damage":0.0,"enemies":"Cultist","floor":8.0,"turns":4.0},{"damage":15.0,"enemies":"Lagavulin","floor":12.0,"turns":6.0},{"damage":3.0,"enemies":"Hexaghost","floor":16.0,"turns":6.0},{"damage":0.0,"enemies":"Chosen","floor":18.0,"turns":4.0},{"damage":7.0,"enemies":"Shell Parasite","floor":20.0,"turns":4.0},{"damage":5.0,"enemies":"Masked Bandits","floor":21.0,"turns":2.0},{"damage":14.0,"enemies":"Gremlin Leader","floor":23.0,"turns":5.0},{"damage":0.0,"enemies":"Book of Stabbing","floor":30.0,"turns":5.0},{"damage":0.0,"enemies":"Shelled Parasite and Fungi","floor":31.0,"turns":3.0},{"damage":0.0,"enemies":"Champ","floor":33.0,"turns":7.0},{"damage":0.0,"enemies":"3 Shapes","floor":35.0,"turns":2.0},{"damage":11.0,"enemies":"3 Darklings","floor":36.0,"turns":3.0},{"damage":0.0,"enemies":"Writhing Mass","floor":37.0,"turns":3.0},{"damage":0.0,"enemies":"Maw","floor":39.0,"turns":3.0},{"damage":0.0,"enemies":"Reptomancer","floor":40.0,"turns":2.0},{"damage":0.0,"enemies":"Transient","floor":41.0,"turns":3.0},{"damage":0.0,"enemies":"Giant Head","floor":42.0,"turns":2.0},{"damage":0.0,"enemies":"Jaw Worm Horde","floor":44.0,"turns":2.0},{"damage":0,"enemies":"Nemesis","floor":45,"turns":3},{"damage":0,"enemies":"Maw","floor":46,"turns":2},{"damage":0,"enemies":"Reptomancer","floor":47,"turns":2},{"damage":0,"enemies":"Time Eater","floor":50,"turns":6},{"damage":0,"enemies":"Awakened One","floor":51,"turns":3},{"damage":0,"enemies":"Shield and Spear","floor":55,"turns":1},{"damage":0,"enemies":"The Heart","floor":56,"turns":5}],"seed_played":"-706639711603692729","potions_obtained":[{"floor":1.0,"key":"Strength Potion"},{"floor":8.0,"key":"Regen Potion"},{"floor":12.0,"key":"GhostInAJar"},{"floor":30.0,"key":"Strength Potion"},{"floor":37.0,"key":"PowerPotion"},{"floor":39.0,"key":"Swift Potion"}],"is_trial":false,"path_per_floor":["M","$","M","?","?","R","E","M","T","$","R","E","R","T","R","B",null,"M","?","M","?","?","E","R","?","T","$","$","R","E","M","R","B",null,"M","M","M","$","M","E","M","E","T","M","E","M","E","?","R","B","B",null,"R","$","E","B",null],"character_chosen":"THE_SILENT","items_purchased":["Well Laid Plans","Calculated Gamble","Acrobatics","OrangePellets"],"campfire_rested":1,"item_purchase_floors":[2,28,38,54],"current_hp_per_floor":[58,58,53,66,66,66,63,63,63,63,63,48,48,48,48,45,61,61,61,54,49,49,47,47,47,47,47,47,47,47,47,47,47,61,61,50,50,50,50,50,50,50,50,50,57,57,57,57,57,57,57,57,57,57,57,57],"gold":36,"neow_bonus":"BOSS_RELIC","is_prod":false,"is_daily":false,"chose_seed":false,"campfire_upgraded":7,"win_rate":0,"timestamp":1566379992,"path_taken":["M","$","M","?","?","R","E","?","T","?","R","E","R","?","R","BOSS","M","?","M","?","?","E","R","?","T","?","$","R","E","?","R","BOSS","M","M","M","$","M","E","?","E","T","M","E","M","E","?","R","BOSS","BOSS","R","$","E","BOSS"],"build_version":"2019-07-17","purchased_purges":3,"victory":true,"max_hp_per_floor":[66,66,66,66,66,66,66,66,66,66,66,66,66,66,66,66,66,66,66,66,66,66,66,66,66,66,66,66,66,66,66,66,66,66,66,66,66,66,66,66,66,66,66,66,73,73,73,73,73,73,73,73,73,73,73,73],"card_choices":[{"not_picked":["Skewer","Deadly Poison"],"picked":"Leg Sweep","floor":1.0},{"not_picked":["Deadly Poison","PiercingWail"],"picked":"Acrobatics","floor":3.0},{"not_picked":["Slice","Reflex"],"picked":"Tactician","floor":7.0},{"not_picked":["PiercingWail","Concentrate","Infinite Blades"],"picked":"SKIP","floor":8.0},{"not_picked":["Poisoned Stab","Quick Slash","Blade Dance"],"picked":"SKIP","floor":12.0},{"not_picked":["Die Die Die","Burst"],"picked":"After Image","floor":16.0},{"not_picked":["Bouncing Flask","Sucker Punch","Prepared"],"picked":"SKIP","floor":18.0},{"not_picked":["Accuracy","Masterful Stab","Blur"],"picked":"SKIP","floor":20.0},{"not_picked":["Predator","Dagger Spray"],"picked":"Escape Plan","floor":23.0},{"not_picked":["Crippling Poison","Wraith Form v2","Noxious Fumes"],"picked":"SKIP","floor":30.0},{"not_picked":["Finisher","Setup","Flying Knee+1"],"picked":"SKIP","floor":31.0},{"not_picked":["Bane","Eviscerate+1","Choke"],"picked":"SKIP","floor":35.0},{"not_picked":["Distraction+1","Poisoned Stab","Blur+1"],"picked":"SKIP","floor":36.0},{"not_picked":["Concentrate","Underhanded Strike","Footwork"],"picked":"SKIP","floor":37.0},{"not_picked":["Poisoned Stab+1","Blade Dance+1","Outmaneuver"],"picked":"SKIP","floor":39.0},{"not_picked":["Tactician+1","Sucker Punch","Quick Slash"],"picked":"SKIP","floor":40.0},{"not_picked":["Bouncing Flask+1","Deflect","Slice+1"],"picked":"SKIP","floor":41.0},{"not_picked":["Dagger Spray","Envenom","Sucker Punch"],"picked":"SKIP","floor":42.0},{"not_picked":["Predator","Underhanded Strike","Slice"],"picked":"SKIP","floor":44.0},{"not_picked":["Well Laid Plans+1","Acrobatics+1","Cloak And Dagger"],"picked":"SKIP","floor":45},{"not_picked":["Dodge and Roll","Night Terror"],"picked":"Backflip","floor":46},{"not_picked":["Acrobatics","Poisoned Stab","Prepared"],"picked":"SKIP","floor":47},{"not_picked":["Acrobatics","Poisoned Stab","Prepared"],"picked":"SKIP","floor":47},{"not_picked":["Acrobatics","Poisoned Stab"],"picked":"Prepared","floor":47},{"not_picked":["Escape Plan+1","PiercingWail+1","Backstab"],"picked":"SKIP","floor":55}],"player_experience":859423,"relics_obtained":[{"floor":7.0,"key":"Turnip"},{"floor":12.0,"key":"Happy Flower"},{"floor":14.0,"key":"Regal Pillow"},{"floor":21.0,"key":"Red Mask"},{"floor":23.0,"key":"Anchor"},{"floor":26.0,"key":"Bottled Lightning"},{"floor":30.0,"key":"Lantern"},{"floor":40.0,"key":"Bronze Scales"},{"floor":40.0,"key":"PreservedInsect"},{"floor":42.0,"key":"The Specimen"},{"floor":42.0,"key":"Thread and Needle"},{"floor":43.0,"key":"Smiling Mask"},{"floor":45,"key":"Strawberry"},{"floor":45,"key":"Vajra"},{"floor":47,"key":"Juzu Bracelet"},{"floor":47,"key":"Toxic Egg 2"},{"floor":55,"key":"Pantograph"},{"floor":55,"key":"Blood Vial"}],"event_choices":[{"damage_healed":16.0,"max_hp_gain":0.0,"max_hp_loss":0.0,"gold_gain":0.0,"event_name":"The Cleric","player_choice":"Healed","floor":4.0,"gold_loss":35.0,"damage_taken":0.0},{"damage_healed":0.0,"max_hp_gain":0.0,"max_hp_loss":0.0,"gold_gain":0.0,"event_name":"Upgrade Shrine","player_choice":"Upgraded","floor":5.0,"gold_loss":0.0,"damage_taken":0.0,"cards_upgraded":["Neutralize"]},{"damage_healed":0.0,"max_hp_gain":0.0,"max_hp_loss":0.0,"gold_gain":0.0,"event_name":"Vampires","player_choice":"Ignored","floor":19.0,"gold_loss":0.0,"damage_taken":0.0},{"damage_healed":0.0,"max_hp_gain":0.0,"max_hp_loss":0.0,"gold_gain":0.0,"event_name":"Masked Bandits","player_choice":"Fought Bandits","floor":21.0,"gold_loss":0.0,"damage_taken":0.0},{"damage_healed":0.0,"max_hp_gain":0.0,"max_hp_loss":0.0,"gold_gain":0.0,"event_name":"Addict","player_choice":"Obtained Relic","floor":22.0,"gold_loss":85.0,"damage_taken":0.0,"relics_obtained":["Gremlin Horn"]},{"cards_removed":["Bane"],"damage_healed":0.0,"max_hp_gain":0.0,"max_hp_loss":0.0,"gold_gain":0.0,"event_name":"Beggar","player_choice":"Gave Gold","floor":25.0,"gold_loss":75.0,"damage_taken":0.0},{"damage_healed":0,"gold_gain":0,"player_choice":"Upgrade","damage_taken":0,"relics_obtained":["Mark of the Bloom"],"max_hp_gain":0,"max_hp_loss":0,"event_name":"MindBloom","floor":48,"gold_loss":0,"cards_upgraded":["Survivor","Sucker Punch","Escape Plan","Distraction","Dash","Leg Sweep","After Image","Escape Plan","Acrobatics","Backflip"]}],"is_beta":false,"boss_relics":[{"not_picked":["Ectoplasm","Sozu"],"picked":"Runic Dome"},{"not_picked":["Velvet Choker","Busted Crown"],"picked":"Black Star"}],"items_purged_floors":[27,38,54],"is_endless":false,"potions_floor_spawned":[1,8,12,18,21,30,35,37,39,40],"ascension_level":20}