{"gold_per_floor":[113,113,126,144,69,69,69,80,80,114,143,175,175,194,194,298,298,314,332,349,448,448,448,481,481,481,511,529,562,575,608,608,707,707,727,727,740,618,631,631,645,680,680,680,706,741,205,219,219,219,219,219,106,136,136],"floor_reached":56,"playtime":1606,"items_purged":["Sucker Punch","Inflame","Body Slam+1","Deflect"],"score":1935,"play_id":"16394d3b-b874-4ade-8f34-d8652a897589","local_time":"20190826123523","daily_mods":["SealedDeck","Red Cards","Colorless Cards","DeadlyEvents","Elite Swarm","Lethality","Night Terrors","Terminal"],"is_ascension_mode":false,"campfire_choices":[{"data":"Body Slam","floor":6.0,"key":"SMITH"},{"data":"Burning Pact","floor":13.0,"key":"SMITH"},{"data":"Impatience","floor":15.0,"key":"SMITH"},{"data":"Apotheosis","floor":23,"key":"SMITH"},{"floor":25,"key":"RECALL"},{"data":"Well Laid Plans","floor":32,"key":"SMITH"},{"data":"Acrobatics","floor":40,"key":"SMITH"},{"floor":44,"key":"DIG"},{"floor":49,"key":"DIG"},{"floor":52,"key":"DIG"}],"neow_cost":"","seed_source_timestamp":0,"circlet_count":0,"master_deck":["Warcry+1","Escape Plan","Burning Pact+1","Flash of Steel","Tactician","Well Laid Plans+1","Shrug It Off","Grand Finale","Tools of the Trade","Prepared+1","Apotheosis+1","Adrenaline","Acrobatics+1","Barricade"],"special_seed":0,"relics":["Ring of the Snake","Pantograph","The Courier","Ancient Tea Set","The Specimen","Philosopher\u0027s Stone","Kunai","Shovel","Anchor","Bronze Scales","Dream Catcher","Calling Bell","Bag of Marbles","Gremlin Horn","Tingsha","Smiling Mask","Oddly Smooth Stone","Centennial Puzzle","Bottled Tornado","ClockworkSouvenir","Toxic Egg 2","War Paint","Sundial","Lantern"],"potions_floor_usage":[55],"damage_taken":[{"damage":0.0,"enemies":"Jaw Worm","floor":1.0,"turns":1.0},{"damage":0.0,"enemies":"Cultist","floor":3.0,"turns":1.0},{"damage":0.0,"enemies":"Small Slimes","floor":4.0,"turns":1.0},{"damage":8.0,"enemies":"3 Louse","floor":8.0,"turns":2.0},{"damage":0.0,"enemies":"3 Sentries","floor":10.0,"turns":2.0},{"damage":0.0,"enemies":"Lagavulin","floor":11.0,"turns":2.0},{"damage":0.0,"enemies":"3 Sentries","floor":12.0,"turns":2.0},{"damage":0.0,"enemies":"Large Slime","floor":14.0,"turns":1.0},{"damage":0.0,"enemies":"Slime Boss","floor":16.0,"turns":1.0},{"damage":0.0,"enemies":"Shell Parasite","floor":18.0,"turns":1.0},{"damage":0.0,"enemies":"3 Byrds","floor":19.0,"turns":1.0},{"damage":0.0,"enemies":"Snecko","floor":20.0,"turns":3.0},{"damage":0,"enemies":"Gremlin Leader","floor":24,"turns":1},{"damage":0,"enemies":"Book of Stabbing","floor":27,"turns":1},{"damage":0,"enemies":"Cultist and Chosen","floor":28,"turns":2},{"damage":0,"enemies":"Gremlin Leader","floor":29,"turns":1},{"damage":0,"enemies":"Snake Plant","floor":30,"turns":1},{"damage":0,"enemies":"Slavers","floor":31,"turns":2},{"damage":0,"enemies":"Automaton","floor":33,"turns":2},{"damage":0,"enemies":"3 Darklings","floor":35,"turns":1},{"damage":0,"enemies":"Orb Walker","floor":37,"turns":1},{"damage":0,"enemies":"Spire Growth","floor":39,"turns":1},{"damage":0,"enemies":"Writhing Mass","floor":41,"turns":1},{"damage":0,"enemies":"Reptomancer","floor":42,"turns":1},{"damage":0,"enemies":"Giant Head","floor":45,"turns":1},{"damage":0,"enemies":"Nemesis","floor":46,"turns":1},{"damage":0,"enemies":"Jaw Worm Horde","floor":48,"turns":1},{"damage":0,"enemies":"Awakened One","floor":50,"turns":2},{"damage":0,"enemies":"Shield and Spear","floor":54,"turns":1},{"damage":0,"enemies":"The Heart","floor":55,"turns":3}],"seed_played":"-750579076427257579","potions_obtained":[{"floor":1.0,"key":"LiquidBronze"},{"floor":8.0,"key":"SteroidPotion"},{"floor":11.0,"key":"Dexterity Potion"},{"floor":14.0,"key":"Energy Potion"},{"floor":33,"key":"GamblersBrew"}],"is_trial":true,"path_per_floor":["M","?","M","M","$","R","T","M","T","E","E","E","R","M","R","B",null,"M","M","M","?","?","R","E","R","T","E","M","E","M","E","R","B",null,"M","?","M","$","M","R","M","E","T","R","E","E","$","M","R","B",null,"R","$","E","B",null],"character_chosen":"THE_SILENT","items_purchased":["Acrobatics","ClockworkSouvenir","Toxic Egg 2","War Paint","GamblersBrew"],"campfire_rested":0,"item_purchase_floors":[38,47,47,47,53],"current_hp_per_floor":[68,67,66,65,64,63,62,54,54,54,54,54,54,54,54,53,52,51,50,49,48,47,46,45,44,43,42,41,40,39,38,37,36,35,34,33,32,31,30,29,28,27,26,25,24,23,22,21,20,19,18,17,16,15,14],"gold":136,"neow_bonus":"","is_prod":false,"is_daily":false,"chose_seed":false,"campfire_upgraded":6,"win_rate":0,"timestamp":1566794123,"path_taken":["M","?","?","M","?","R","?","M","T","E","?","E","R","M","R","BOSS","M","M","M","?","?","R","E","R","T","E","M","E","M","E","R","BOSS","M","?","M","$","?","R","M","E","T","R","E","?","$","M","R","BOSS","R","$","E","BOSS"],"build_version":"2019-07-17","purchased_purges":4,"victory":true,"max_hp_per_floor":[68,67,66,65,64,63,62,61,60,59,58,57,56,55,54,53,52,51,50,49,48,47,46,45,44,43,42,41,40,39,38,37,36,35,34,33,32,31,30,29,28,27,26,25,24,23,22,21,20,19,18,17,16,15,14],"card_choices":[{"not_picked":["Battle Trance","Havoc","Sword Boomerang"],"picked":"SKIP","floor":1.0},{"not_picked":["Dropkick","Dodge and Roll"],"picked":"Tactician","floor":3.0},{"not_picked":["Heel Hook","Bane"],"picked":"Well Laid Plans","floor":4.0},{"not_picked":["Havoc","Sword Boomerang"],"picked":"Shrug It Off","floor":8.0},{"not_picked":["Metamorphosis","Offering"],"picked":"Grand Finale","floor":10.0},{"not_picked":["Mayhem","Brutality","Panache"],"picked":"SKIP","floor":11.0},{"not_picked":["Transmutation","Wraith Form v2","Thinking Ahead"],"picked":"SKIP","floor":12.0},{"not_picked":["Rupture","Infinite Blades","Power Through"],"picked":"SKIP","floor":14.0},{"not_picked":["Transmutation","Bludgeon"],"picked":"Tools of the Trade","floor":16.0},{"not_picked":["Leg Sweep+1","Pommel Strike","Bloodletting"],"picked":"SKIP","floor":18.0},{"not_picked":["Clothesline+1","Cloak And Dagger+1"],"picked":"Prepared","floor":19.0},{"not_picked":["Cloak And Dagger","Flying Knee","Bloodletting"],"picked":"SKIP","floor":20.0},{"not_picked":["Magnetism","Brutality","Burst"],"picked":"SKIP","floor":24},{"not_picked":["Unload","Fiend Fire","Die Die Die"],"picked":"SKIP","floor":27},{"not_picked":["Iron Wave","Cloak And Dagger","Backstab"],"picked":"SKIP","floor":28},{"not_picked":["Unload","HandOfGreed","Magnetism"],"picked":"SKIP","floor":29},{"not_picked":["Combust","Deadly Poison","Headbutt"],"picked":"SKIP","floor":30},{"not_picked":["Berserk","Bludgeon"],"picked":"Adrenaline","floor":31},{"not_picked":["Dodge and Roll+1","Disarm","Reckless Charge"],"picked":"SKIP","floor":35},{"not_picked":["Wild Strike","Flash of Steel+1","Terror+1"],"picked":"SKIP","floor":37},{"not_picked":["Clothesline","Rampage+1","Metallicize"],"picked":"SKIP","floor":39},{"not_picked":["Riddle With Holes","Searing Blow","Wild Strike+1"],"picked":"SKIP","floor":41},{"not_picked":["Burst","The Bomb","Transmutation"],"picked":"SKIP","floor":42},{"not_picked":["Wraith Form v2","Juggernaut","Night Terror"],"picked":"SKIP","floor":45},{"not_picked":["Apotheosis","Unload"],"picked":"Barricade","floor":46},{"not_picked":["True Grit+1","Armaments+1","Skewer+1"],"picked":"SKIP","floor":48},{"not_picked":["Offering+1","Glass Knife","Grand Finale"],"picked":"SKIP","floor":54}],"player_experience":874605,"relics_obtained":[{"floor":7.0,"key":"Pantograph"},{"floor":9.0,"key":"The Courier"},{"floor":10.0,"key":"Ancient Tea Set"},{"floor":11.0,"key":"The Specimen"},{"floor":24,"key":"Kunai"},{"floor":26,"key":"Shovel"},{"floor":27,"key":"Anchor"},{"floor":29,"key":"Bronze Scales"},{"floor":31,"key":"Dream Catcher"},{"floor":34,"key":"Bag of Marbles"},{"floor":34,"key":"Gremlin Horn"},{"floor":34,"key":"Tingsha"},{"floor":42,"key":"Smiling Mask"},{"floor":44,"key":"Oddly Smooth Stone"},{"floor":45,"key":"Centennial Puzzle"},{"floor":46,"key":"Bottled Tornado"},{"floor":52,"key":"Sundial"},{"floor":54,"key":"Lantern"}],"event_choices":[{"damage_healed":0.0,"max_hp_gain":0.0,"max_hp_loss":0.0,"gold_gain":0.0,"event_name":"NoteForYourself","player_choice":"Ignored","floor":2.0,"gold_loss":0.0,"damage_taken":0.0},{"damage_healed":0.0,"max_hp_gain":0.0,"max_hp_loss":0.0,"gold_gain":99.0,"event_name":"Nest","player_choice":"Stole From Cult","floor":21.0,"gold_loss":0.0,"damage_taken":0.0},{"damage_healed":0,"gold_gain":0,"cards_transformed":["PanicButton"],"player_choice":"Transformed","damage_taken":0,"max_hp_gain":0,"max_hp_loss":0,"event_name":"Transmorgrifier","floor":22,"gold_loss":0,"cards_obtained":["Apotheosis"]},{"cards_removed":["Impatience"],"damage_healed":0,"gold_gain":0,"player_choice":"Removed Skill","damage_taken":0,"max_hp_gain":0,"max_hp_loss":0,"event_name":"Falling","floor":36,"gold_loss":0}],"is_beta":false,"boss_relics":[{"not_picked":["Runic Pyramid","Tiny House"],"picked":"Philosopher\u0027s Stone"},{"not_picked":["Ring of the Serpent","Lizard Tail"],"picked":"Calling Bell"}],"items_purged_floors":[5,38,47,53],"is_endless":false,"potions_floor_spawned":[1,8,11,14,19,24,30,33,35,41,45,46,48],"ascension_level":0}