{"gold_per_floor":[118,131,131,145,145,145,155,170,170,184,194,208,208,225,225,328,328,346,7,7,17,34,34,52,52,52,52,52],"floor_reached":28,"playtime":2105,"items_purged":[],"score":241,"play_id":"c265adfa-a1cc-4211-b9cf-42845bfa9f83","local_time":"20190902135002","is_ascension_mode":false,"campfire_choices":[{"data":"Perfected Strike","floor":6,"key":"SMITH"},{"data":"Shrug It Off","floor":13,"key":"SMITH"},{"data":"Shockwave","floor":15,"key":"SMITH"},{"floor":23,"key":"REST"},{"data":"Armaments","floor":25,"key":"SMITH"}],"neow_cost":"TEN_PERCENT_HP_LOSS","seed_source_timestamp":65449015686600,"circlet_count":0,"master_deck":["Defend_R","Defend_R","Defend_R","Defend_R","Bash","Perfected Strike+1","Wild Strike","Shrug It Off+1","Seeing Red","Perfected Strike","Burning Pact","Dark Embrace","Shockwave+1","Demon Form","Forethought","Shame","Armaments+1","Clothesline","Bite","Bite","Bite","Bite","Bite"],"relics":["Burning Blood","Champion Belt","Blue Candle","Meat on the Bone","Lizard Tail","Sundial","Letter Opener","Juzu Bracelet"],"potions_floor_usage":[16,21,28],"damage_taken":[{"damage":5,"enemies":"Small Slimes","floor":1,"turns":4},{"damage":0,"enemies":"2 Louse","floor":2,"turns":2},{"damage":0,"enemies":"Cultist","floor":4,"turns":3},{"damage":7,"enemies":"Blue Slaver","floor":7,"turns":3},{"damage":3,"enemies":"Looter","floor":8,"turns":4},{"damage":4,"enemies":"Large Slime","floor":10,"turns":5},{"damage":14,"enemies":"Blue Slaver","floor":11,"turns":3},{"damage":9,"enemies":"3 Louse","floor":12,"turns":3},{"damage":5,"enemies":"Looter","floor":14,"turns":3},{"damage":40,"enemies":"Slime Boss","floor":16,"turns":15},{"damage":25,"enemies":"Shell Parasite","floor":18,"turns":6},{"damage":47,"enemies":"2 Thieves","floor":21,"turns":5},{"damage":25,"enemies":"Snake Plant","floor":22,"turns":6},{"damage":23,"enemies":"Centurion and Healer","floor":24,"turns":6},{"damage":67,"enemies":"Cultist and Chosen","floor":28,"turns":5}],"seed_played":"51202601185769968","potions_obtained":[{"floor":4,"key":"SpeedPotion"},{"floor":8,"key":"PowerPotion"},{"floor":10,"key":"SteroidPotion"},{"floor":12,"key":"Strength Potion"},{"floor":22,"key":"AttackPotion"}],"is_trial":false,"path_per_floor":["M","M","?","M","?","R","M","M","T","M","M","M","R","M","R","B",null,"M","$","?","M","M","R","M","R","T","?","M"],"character_chosen":"IRONCLAD","items_purchased":["Sundial","Forethought"],"campfire_rested":1,"item_purchase_floors":[19,19],"current_hp_per_floor":[72,72,60,66,66,66,65,68,68,70,62,59,59,60,60,38,72,53,53,53,24,54,72,55,55,55,50,0],"gold":52,"neow_bonus":"ONE_RARE_RELIC","is_prod":false,"is_daily":false,"chose_seed":false,"campfire_upgraded":4,"win_rate":0.0,"timestamp":1567450202,"path_taken":["M","M","?","M","?","R","M","?","T","M","M","M","R","M","R","BOSS","M","$","?","M","M","R","M","R","T","?","M"],"build_version":"2019-07-17","purchased_purges":0,"victory":false,"max_hp_per_floor":[72,72,72,72,72,72,72,72,72,72,72,72,72,72,72,72,72,72,72,72,72,72,72,72,72,72,50,50],"card_choices":[{"not_picked":["Sword Boomerang","Battle Trance"],"picked":"Perfected Strike","floor":1},{"not_picked":["Thunderclap","True Grit"],"picked":"Wild Strike","floor":2},{"not_picked":["Searing Blow","Clothesline"],"picked":"Shrug It Off","floor":4},{"not_picked":["Anger","Wild Strike"],"picked":"Seeing Red","floor":7},{"not_picked":["Anger","Armaments"],"picked":"Perfected Strike","floor":8},{"not_picked":["Rampage","Bloodletting"],"picked":"Burning Pact","floor":10},{"not_picked":["Anger","Warcry"],"picked":"Dark Embrace","floor":11},{"not_picked":["Body Slam","Battle Trance","True Grit"],"picked":"SKIP","floor":12},{"not_picked":["Cleave","Thunderclap"],"picked":"Shockwave","floor":14},{"not_picked":["Brutality","Limit Break"],"picked":"Demon Form","floor":16},{"not_picked":["True Grit","Cleave","Anger"],"picked":"SKIP","floor":18},{"not_picked":["Heavy Blade","Perfected Strike+1"],"picked":"Armaments","floor":21},{"not_picked":["Cleave","Double Tap"],"picked":"Clothesline","floor":22},{"not_picked":["Clash","Anger+1","Combust+1"],"picked":"SKIP","floor":24}],"player_experience":94261,"relics_obtained":[{"floor":9,"key":"Meat on the Bone"},{"floor":26,"key":"Juzu Bracelet"}],"event_choices":[{"damage_healed":0,"gold_gain":0,"player_choice":"Success","damage_taken":12,"relics_obtained":["Blue Candle"],"max_hp_gain":0,"max_hp_loss":0,"event_name":"Scrap Ooze","floor":3,"gold_loss":0},{"cards_removed":["Strike_R"],"damage_healed":0,"gold_gain":0,"player_choice":"Purged","damage_taken":0,"max_hp_gain":0,"max_hp_loss":0,"event_name":"Purifier","floor":5,"gold_loss":0},{"damage_healed":0,"gold_gain":0,"player_choice":"Stole Relic","damage_taken":0,"relics_obtained":["Letter Opener"],"max_hp_gain":0,"max_hp_loss":0,"event_name":"Addict","floor":20,"gold_loss":0,"cards_obtained":["Shame"]},{"damage_healed":0,"gold_gain":0,"player_choice":"Became a vampire","damage_taken":0,"max_hp_gain":0,"max_hp_loss":22,"event_name":"Vampires","floor":27,"gold_loss":0,"cards_obtained":["Bite","Bite","Bite","Bite","Bite"]}],"is_beta":false,"boss_relics":[{"not_picked":["Philosopher\u0027s Stone","Eternal Feather"],"picked":"Lizard Tail"}],"items_purged_floors":[],"is_endless":false,"potions_floor_spawned":[4,8,10,12,22],"killed_by":"Cultist and Chosen","ascension_level":0}