{"gold_per_floor":[116,116,191,211,236,236,277,300,300,316,329,329,111,150,150,274,274,288,307,49,64,64,64,64,88,111,111,134,148,148,171,171,299,299,320,653,670,670,650,666,681,691,691,691,691,709,709,719,719,719],"floor_reached":51,"playtime":2748,"items_purged":["Strike_B"],"score":665,"play_id":"457f9ab3-e1ce-494c-bf8a-3c14fbe84d6e","local_time":"20190913231958","is_ascension_mode":false,"campfire_choices":[{"data":"Coolheaded","floor":6,"key":"SMITH"},{"data":"Electrodynamics","floor":12,"key":"SMITH"},{"floor":15,"key":"REST"},{"data":"Creative AI","floor":23,"key":"SMITH"},{"floor":27,"key":"REST"},{"floor":32,"key":"REST"},{"floor":45,"key":"REST"},{"floor":47,"key":"REST"},{"data":"Thunder Strike","floor":49,"key":"SMITH"}],"neow_cost":"NONE","seed_source_timestamp":133449615398045,"circlet_count":0,"master_deck":["Defend_B","Defend_B","Zap+1","Dualcast","BootSequence","Coolheaded+1","Reprogram","Electrodynamics+1","Thunder Strike+1","Ball Lightning","Capacitor","Creative AI+1","Force Field","Coolheaded","Storm","Magnetism","Turbo","Steam+1","Skim","Self Repair+1","Go for the Eyes","Machine Learning+1","Meteor Strike+1","Recycle+1","Darkness+1","Static Discharge+1","Turbo+1","Lockon+1","Echo Form+1","Reinforced Body"],"relics":["Cracked Core","Dream Catcher","Whetstone","Runic Capacitor","Cables","Nuclear Battery","Frozen Egg 2","Juzu Bracelet","Astrolabe","Bag of Marbles"],"potions_floor_usage":[7,14,14,18,18,19,33,48,50,50],"damage_taken":[{"damage":0,"enemies":"Small Slimes","floor":1,"turns":3},{"damage":0,"enemies":"Jaw Worm","floor":4,"turns":2},{"damage":0,"enemies":"Cultist","floor":5,"turns":4},{"damage":4,"enemies":"3 Sentries","floor":7,"turns":10},{"damage":0,"enemies":"Large Slime","floor":8,"turns":4},{"damage":0,"enemies":"Looter","floor":10,"turns":2},{"damage":2,"enemies":"Exordium Thugs","floor":11,"turns":4},{"damage":13,"enemies":"Gremlin Nob","floor":14,"turns":3},{"damage":24,"enemies":"The Guardian","floor":16,"turns":8},{"damage":12,"enemies":"Spheric Guardian","floor":18,"turns":4},{"damage":7,"enemies":"Shell Parasite","floor":19,"turns":3},{"damage":19,"enemies":"Shelled Parasite and Fungi","floor":21,"turns":5},{"damage":27,"enemies":"Snake Plant","floor":25,"turns":4},{"damage":4,"enemies":"Cultist and Chosen","floor":28,"turns":4},{"damage":16,"enemies":"Chosen and Byrds","floor":29,"turns":5},{"damage":0,"enemies":"Centurion and Healer","floor":31,"turns":4},{"damage":1,"enemies":"Collector","floor":33,"turns":6},{"damage":13,"enemies":"Orb Walker","floor":35,"turns":4},{"damage":27,"enemies":"3 Darklings","floor":37,"turns":3},{"damage":19,"enemies":"Transient","floor":40,"turns":5},{"damage":15,"enemies":"4 Shapes","floor":41,"turns":4},{"damage":30,"enemies":"Writhing Mass","floor":42,"turns":4},{"damage":1,"enemies":"3 Darklings","floor":46,"turns":3},{"damage":10,"enemies":"Transient","floor":48,"turns":5},{"damage":53,"enemies":"Time Eater","floor":50,"turns":8}],"seed_played":"-2132484844649120898","potions_obtained":[{"floor":1,"key":"SkillPotion"},{"floor":4,"key":"Fire Potion"},{"floor":8,"key":"Fire Potion"},{"floor":11,"key":"Poison Potion"},{"floor":14,"key":"Poison Potion"},{"floor":19,"key":"Fruit Juice"},{"floor":29,"key":"PowerPotion"},{"floor":31,"key":"Strength Potion"},{"floor":37,"key":"Weak Potion"},{"floor":39,"key":"EssenceOfSteel"},{"floor":48,"key":"SmokeBomb"}],"is_trial":false,"path_per_floor":["M","?","?","M","M","R","E","M","T","M","M","R","$","E","R","B",null,"M","M","$","M","?","R","T","M","T","R","M","M","?","M","R","B",null,"M","?","M","?","?","M","M","M","T","?","R","M","R","M","R","B",null],"character_chosen":"DEFECT","items_purchased":["Runic Capacitor","Storm","Magnetism"],"campfire_rested":5,"item_purchase_floors":[13,20,20],"current_hp_per_floor":[75,57,46,46,46,46,42,42,42,42,40,40,40,27,49,25,75,63,61,61,42,42,42,42,15,15,39,35,19,19,19,43,52,80,77,77,50,50,50,41,36,16,16,16,40,49,73,73,73,20],"gold":719,"neow_bonus":"UPGRADE_CARD","is_prod":false,"is_daily":false,"chose_seed":false,"campfire_upgraded":4,"win_rate":0,"timestamp":1568413198,"path_taken":["M","?","?","M","M","R","E","M","T","M","M","R","$","E","R","BOSS","M","M","$","M","?","R","?","M","T","R","M","M","?","M","R","BOSS","M","?","M","?","?","M","M","M","T","?","R","M","R","M","R","BOSS"],"build_version":"2019-09-12","purchased_purges":1,"victory":true,"max_hp_per_floor":[75,75,75,75,75,75,75,75,75,75,75,75,75,75,75,75,75,75,80,80,80,80,80,80,80,80,80,80,80,80,80,80,80,80,80,80,80,80,80,80,80,80,80,80,80,80,80,80,80,80],"card_choices":[{"not_picked":["Aggregate","Rebound"],"picked":"BootSequence","floor":1},{"not_picked":["Sweeping Beam","Barrage"],"picked":"Coolheaded","floor":4},{"not_picked":["Beam Cell","Aggregate"],"picked":"Reprogram","floor":5},{"not_picked":["Darkness","Gash"],"picked":"Electrodynamics","floor":7},{"not_picked":["Leap","Sweeping Beam","Chaos"],"picked":"SKIP","floor":8},{"not_picked":["Sweeping Beam","Stack"],"picked":"Thunder Strike","floor":10},{"not_picked":["Stack","Beam Cell","Force Field"],"picked":"SKIP","floor":11},{"not_picked":["Hello World","Cold Snap"],"picked":"Ball Lightning","floor":14},{"not_picked":["FTL","Aggregate"],"picked":"Capacitor","floor":15},{"not_picked":["Thunder Strike","Electrodynamics"],"picked":"Creative AI","floor":16},{"not_picked":["Barrage","Cold Snap"],"picked":"Force Field","floor":18},{"not_picked":["Auto Shields+1","Steam"],"picked":"Coolheaded","floor":19},{"not_picked":["Blizzard","Go for the Eyes","Gash+1"],"picked":"SKIP","floor":21},{"not_picked":["Undo","Turbo"],"picked":"Steam+1","floor":25},{"not_picked":["Go for the Eyes","Reprogram","Barrage+1"],"picked":"SKIP","floor":28},{"not_picked":["Auto Shields","Leap"],"picked":"Skim","floor":29},{"not_picked":["Streamline","Compile Driver"],"picked":"Self Repair+1","floor":31},{"not_picked":["Static Discharge+1","Cold Snap"],"picked":"Go for the Eyes","floor":32},{"not_picked":["Core Surge","Thunder Strike"],"picked":"Machine Learning+1","floor":33},{"not_picked":["Chaos","Barrage+1"],"picked":"Static Discharge+1","floor":35},{"not_picked":["Sunder+1","Beam Cell+1"],"picked":"Turbo+1","floor":37},{"not_picked":["Scrape","Coolheaded+1"],"picked":"Lockon+1","floor":40},{"not_picked":["Steam","Fusion","Conserve Battery+1"],"picked":"SKIP","floor":41},{"not_picked":["Streamline","Hello World+1","Darkness+1"],"picked":"SKIP","floor":42},{"not_picked":["FTL+1","Barrage"],"picked":"Reinforced Body","floor":45},{"not_picked":["Doom and Gloom+1","Hello World+1","Go for the Eyes"],"picked":"SKIP","floor":46},{"not_picked":["Steam","Electrodynamics+1","Hello World+1"],"picked":"SKIP","floor":48}],"player_experience":84196,"relics_obtained":[{"floor":7,"key":"Dream Catcher"},{"floor":9,"key":"Whetstone"},{"floor":14,"key":"Cables"},{"floor":24,"key":"Frozen Egg 2"},{"floor":26,"key":"Juzu Bracelet"},{"floor":43,"key":"Bag of Marbles"}],"event_choices":[{"damage_healed":0,"gold_gain":0,"player_choice":"Take Damage","damage_taken":18,"relics_obtained":["Golden Idol"],"max_hp_gain":0,"max_hp_loss":0,"event_name":"Golden Idol","floor":2,"gold_loss":0},{"damage_healed":0,"gold_gain":75,"player_choice":"Gather Gold","damage_taken":11,"max_hp_gain":0,"max_hp_loss":0,"event_name":"World of Goop","floor":3,"gold_loss":0},{"damage_healed":0,"gold_gain":0,"player_choice":"Read","damage_taken":0,"max_hp_gain":0,"max_hp_loss":0,"event_name":"The Library","floor":22,"gold_loss":0,"cards_obtained":["Turbo"]},{"cards_removed":["Strike_B"],"damage_healed":0,"gold_gain":0,"player_choice":"Offered Basic","damage_taken":0,"max_hp_gain":0,"max_hp_loss":0,"event_name":"Bonfire Elementals","floor":30,"gold_loss":0},{"damage_healed":0,"gold_gain":333,"player_choice":"Gave Idol","damage_taken":0,"max_hp_gain":0,"max_hp_loss":0,"event_name":"The Moai Head","floor":36,"relics_lost":["Golden Idol"],"gold_loss":0},{"damage_healed":0,"gold_gain":0,"player_choice":"Ignored","damage_taken":0,"max_hp_gain":0,"max_hp_loss":0,"event_name":"Tomb of Lord Red Mask","floor":38,"gold_loss":0},{"damage_healed":0,"gold_gain":0,"player_choice":"Bought 1 Potion","damage_taken":0,"max_hp_gain":0,"max_hp_loss":0,"event_name":"The Woman in Blue","floor":39,"gold_loss":0},{"damage_healed":0,"gold_gain":0,"cards_transformed":["Defend_B"],"player_choice":"Transformed","damage_taken":0,"max_hp_gain":0,"max_hp_loss":0,"event_name":"Transmorgrifier","floor":44,"gold_loss":0,"cards_obtained":["Echo Form"]}],"is_beta":true,"boss_relics":[{"not_picked":["Cursed Key","Coffee Dripper"],"picked":"Nuclear Battery"},{"not_picked":["Inserter","Black Star"],"picked":"Astrolabe"}],"items_purged_floors":[13],"is_endless":false,"potions_floor_spawned":[1,4,8,11,14,19,29,31,37,42,48],"ascension_level":0}