{"gold_per_floor":[117,132,142,159,159,159,193,193,239,267,284,302,314,314,314,411,411,422,160,160,175,275,305,320,340,365,365,385,385,385,418,430,442],"floor_reached":33,"playtime":2023,"items_purged":[],"score":299,"play_id":"6c7fb7ea-0aec-45af-8b41-6f450c3e3947","local_time":"20190826214854","is_ascension_mode":false,"campfire_choices":[{"floor":6,"key":"RECALL"},{"floor":8,"key":"REST"},{"data":"Perfected Strike","floor":15,"key":"SMITH"},{"floor":27,"key":"REST"},{"data":"Demon Form","floor":30,"key":"SMITH"},{"floor":32,"key":"REST"}],"neow_cost":"NONE","seed_source_timestamp":46501905977831,"circlet_count":0,"master_deck":["Strike_R","Strike_R","Strike_R","Strike_R","Strike_R","Defend_R","Defend_R","Defend_R","Defend_R","Bash","Pommel Strike","Perfected Strike+1","Intimidate","Pummel","Inflame","Thunderclap","Demon Form+1","Anger","Perfected Strike+1","Juggernaut","Spot Weakness","Seeing Red","Heavy Blade","Armaments","Flame Barrier","Headbutt","Whirlwind"],"relics":["Burning Blood","Ornamental Fan","Regal Pillow","Runic Cube","Happy Flower","Girya","Blood Vial","MawBank"],"potions_floor_usage":[7,23,23,33],"damage_taken":[{"damage":5,"enemies":"Cultist","floor":1,"turns":4},{"damage":10,"enemies":"Jaw Worm","floor":2,"turns":4},{"damage":11,"enemies":"Small Slimes","floor":3,"turns":3},{"damage":2,"enemies":"Exordium Wildlife","floor":4,"turns":3},{"damage":47,"enemies":"Lagavulin","floor":7,"turns":8},{"damage":6,"enemies":"Gremlin Nob","floor":10,"turns":3},{"damage":0,"enemies":"Large Slime","floor":11,"turns":3},{"damage":12,"enemies":"Exordium Thugs","floor":12,"turns":4},{"damage":2,"enemies":"Looter","floor":13,"turns":2},{"damage":35,"enemies":"Slime Boss","floor":16,"turns":8},{"damage":17,"enemies":"2 Thieves","floor":18,"turns":4},{"damage":5,"enemies":"Chosen","floor":21,"turns":4},{"damage":54,"enemies":"Slavers","floor":23,"turns":6},{"damage":12,"enemies":"Snake Plant","floor":24,"turns":3},{"damage":13,"enemies":"Snecko","floor":25,"turns":4},{"damage":23,"enemies":"Centurion and Healer","floor":28,"turns":4},{"damage":56,"enemies":"Gremlin Leader","floor":31,"turns":6},{"damage":86,"enemies":"Champ","floor":33,"turns":8}],"seed_played":"-48453923267141088","potions_obtained":[{"floor":2,"key":"Dexterity Potion"},{"floor":4,"key":"Regen Potion"},{"floor":12,"key":"Fire Potion"},{"floor":13,"key":"Dexterity Potion"},{"floor":18,"key":"Block Potion"},{"floor":28,"key":"Swift Potion"},{"floor":31,"key":"Ancient Potion"}],"is_trial":false,"path_per_floor":["M","M","M","M","?","R","E","R","T","E","M","M","M","?","R","B",null,"M","$","?","M","?","E","M","M","T","R","M","?","R","E","R","B"],"character_chosen":"IRONCLAD","items_purchased":["Spot Weakness","Seeing Red","Happy Flower"],"campfire_rested":3,"item_purchase_floors":[19,19,19],"current_hp_per_floor":[88,84,79,83,83,83,42,68,68,68,74,68,72,72,72,43,88,77,77,77,78,78,45,39,32,32,73,58,88,88,38,79,0],"gold":442,"neow_bonus":"TEN_PERCENT_HP_BONUS","is_prod":false,"is_daily":false,"chose_seed":false,"campfire_upgraded":2,"win_rate":0,"timestamp":1566852534,"path_taken":["M","?","M","M","?","R","E","R","T","E","M","M","M","?","R","BOSS","M","$","?","M","?","E","?","M","T","R","M","?","R","E","R","BOSS"],"build_version":"2019-07-17","purchased_purges":0,"victory":false,"max_hp_per_floor":[88,88,88,88,88,88,88,88,88,88,88,88,88,88,88,88,88,88,88,88,88,88,88,88,88,88,88,88,88,88,88,88,88],"card_choices":[{"not_picked":["Clothesline","Pummel"],"picked":"Pommel Strike","floor":1},{"not_picked":["Rupture","Headbutt"],"picked":"Perfected Strike","floor":2},{"not_picked":["Feel No Pain","Fire Breathing"],"picked":"Intimidate","floor":3},{"not_picked":["Shockwave","Whirlwind"],"picked":"Pummel","floor":4},{"not_picked":["Battle Trance","Warcry"],"picked":"Inflame","floor":7},{"not_picked":["Armaments","Evolve"],"picked":"Thunderclap","floor":10},{"not_picked":["Clash","Burning Pact"],"picked":"Demon Form","floor":11},{"not_picked":["Warcry","Pommel Strike"],"picked":"Anger","floor":12},{"not_picked":["Impervious","True Grit"],"picked":"Perfected Strike","floor":13},{"not_picked":["Demon Form","Berserk"],"picked":"Juggernaut","floor":16},{"not_picked":["Pommel Strike","Warcry","Cleave"],"picked":"SKIP","floor":18},{"not_picked":["Clash+1","Sever Soul"],"picked":"Heavy Blade","floor":21},{"not_picked":["Inflame","Wild Strike"],"picked":"Armaments","floor":23},{"not_picked":["Clothesline+1","Thunderclap"],"picked":"Flame Barrier","floor":24},{"not_picked":["Armaments","Twin Strike"],"picked":"Headbutt","floor":25},{"not_picked":["Intimidate","Warcry"],"picked":"Corruption","floor":28},{"not_picked":["Feel No Pain+1","Rupture+1"],"picked":"Whirlwind","floor":31}],"player_experience":51358,"relics_obtained":[{"floor":7,"key":"Ornamental Fan"},{"floor":10,"key":"Regal Pillow"},{"floor":23,"key":"Girya"},{"floor":26,"key":"Blood Vial"},{"floor":31,"key":"MawBank"}],"event_choices":[{"damage_healed":0,"gold_gain":0,"player_choice":"Grow","damage_taken":0,"max_hp_gain":0,"max_hp_loss":0,"event_name":"Living Wall","floor":5,"gold_loss":0,"cards_upgraded":["Perfected Strike"]},{"damage_healed":0,"gold_gain":0,"player_choice":"Ignored","damage_taken":0,"max_hp_gain":0,"max_hp_loss":0,"event_name":"Liars Game","floor":14,"gold_loss":0},{"damage_healed":0,"gold_gain":0,"player_choice":"Ignored","damage_taken":0,"max_hp_gain":0,"max_hp_loss":0,"event_name":"Vampires","floor":20,"gold_loss":0},{"damage_healed":0,"gold_gain":100,"player_choice":"Pray","damage_taken":0,"max_hp_gain":0,"max_hp_loss":0,"event_name":"Golden Shrine","floor":22,"gold_loss":0},{"cards_removed":["Corruption"],"damage_healed":30,"gold_gain":0,"player_choice":"Offered Uncommon","damage_taken":0,"max_hp_gain":0,"max_hp_loss":0,"event_name":"Bonfire Elementals","floor":29,"gold_loss":0}],"is_beta":false,"boss_relics":[{"not_picked":["Coffee Dripper","Orrery"],"picked":"Runic Cube"}],"items_purged_floors":[],"is_endless":false,"potions_floor_spawned":[2,4,12,13,16,18,28,31],"killed_by":"Champ","ascension_level":0}