{"gold_per_floor":[111,130,144,159,177,207,207,176,228,27,44,62,62,72,72,170,170,170,170,170,170,170,170,170,170,170,170,170,170,170,170,170,170,170,170,0,0,0,0,0,0,0,0,0,0,0,0,0,0,0],"floor_reached":51,"playtime":2878,"items_purged":[],"score":724,"play_id":"80f69fec-1721-4185-aa13-6f4f53382eff","local_time":"20190910203532","is_ascension_mode":false,"campfire_choices":[{"data":"Defragment","floor":7,"key":"SMITH"},{"floor":15,"key":"REST"},{"data":"Defragment","floor":28,"key":"SMITH"},{"data":"Capacitor","floor":32,"key":"SMITH"},{"data":"Loop","floor":42,"key":"SMITH"},{"data":"Machine Learning","floor":45,"key":"SMITH"},{"data":"Machine Learning","floor":49,"key":"SMITH"}],"neow_cost":"NONE","seed_source_timestamp":122624538775414,"circlet_count":0,"master_deck":["Strike_B","Strike_B","Strike_B","Defend_B+1","Defend_B","Defend_B","Defend_B","Zap","Dualcast","Defragment+1","Self Repair","Coolheaded","Machine Learning+1","Double Energy+1","Capacitor+1","Defragment+1","Metamorphosis","Go for the Eyes","Coolheaded","Ball Lightning","Amplify","Self Repair+1","Hologram","Coolheaded+1","Cold Snap+1","Conserve Battery+1","Blizzard+1","Self Repair+1","Machine Learning+1","Reprogram+1","Loop+1","Dark Shackles","Coolheaded+1","Reinforced Body"],"relics":["Cracked Core","War Paint","Ectoplasm","Peace Pipe","Eternal Feather","Sundial","Red Mask","TungstenRod","Pen Nib"],"potions_floor_usage":[6,11,12,14,21,23,33,50,50],"damage_taken":[{"damage":0,"enemies":"Small Slimes","floor":1,"turns":3},{"damage":1,"enemies":"Cultist","floor":2,"turns":4},{"damage":1,"enemies":"2 Louse","floor":3,"turns":3},{"damage":9,"enemies":"Blue Slaver","floor":4,"turns":5},{"damage":53,"enemies":"Gremlin Gang","floor":5,"turns":6},{"damage":18,"enemies":"3 Sentries","floor":6,"turns":11},{"damage":15,"enemies":"Exordium Thugs","floor":8,"turns":5},{"damage":0,"enemies":"Large Slime","floor":11,"turns":4},{"damage":11,"enemies":"3 Louse","floor":12,"turns":4},{"damage":5,"enemies":"2 Fungi Beasts","floor":14,"turns":4},{"damage":20,"enemies":"Slime Boss","floor":16,"turns":8},{"damage":20,"enemies":"Shell Parasite","floor":18,"turns":6},{"damage":8,"enemies":"3 Byrds","floor":19,"turns":5},{"damage":15,"enemies":"Centurion and Healer","floor":20,"turns":8},{"damage":17,"enemies":"3 Cultists","floor":21,"turns":5},{"damage":15,"enemies":"Book of Stabbing","floor":23,"turns":8},{"damage":7,"enemies":"Snecko","floor":24,"turns":5},{"damage":22,"enemies":"Snake Plant","floor":25,"turns":5},{"damage":3,"enemies":"Gremlin Leader","floor":27,"turns":8},{"damage":4,"enemies":"Cultist and Chosen","floor":29,"turns":7},{"damage":9,"enemies":"Shelled Parasite and Fungi","floor":30,"turns":6},{"damage":36,"enemies":"Chosen and Byrds","floor":31,"turns":8},{"damage":30,"enemies":"Automaton","floor":33,"turns":9},{"damage":32,"enemies":"3 Shapes","floor":35,"turns":6},{"damage":13,"enemies":"3 Darklings","floor":39,"turns":6},{"damage":25,"enemies":"Transient","floor":44,"turns":5},{"damage":17,"enemies":"4 Shapes","floor":47,"turns":5},{"damage":44,"enemies":"Donu and Deca","floor":50,"turns":9}],"seed_played":"4330879373342491775","potions_obtained":[{"floor":1,"key":"Swift Potion"},{"floor":3,"key":"Swift Potion"},{"floor":5,"key":"SkillPotion"},{"floor":6,"key":"Weak Potion"},{"floor":12,"key":"SpeedPotion"},{"floor":13,"key":"Fruit Juice"},{"floor":13,"key":"Ancient Potion"},{"floor":20,"key":"FearPotion"},{"floor":21,"key":"Block Potion"},{"floor":25,"key":"Energy Potion"},{"floor":33,"key":"FearPotion"},{"floor":39,"key":"Energy Potion"},{"floor":47,"key":"Explosive Potion"}],"is_trial":false,"path_per_floor":["M","M","M","M","M","E","R","M","T","$","M","M","?","M","R","B",null,"M","M","M","M","?","E","M","M","T","E","R","M","M","M","R","B",null,"M","?","?","$","M","T","?","R","T","M","R","?","M","$","R","B",null],"character_chosen":"DEFECT","items_purchased":["Defragment","Metamorphosis"],"campfire_rested":1,"item_purchase_floors":[10,10],"current_hp_per_floor":[82,81,80,78,32,21,21,13,13,13,20,9,9,16,42,29,87,74,83,85,87,87,87,87,82,82,87,87,87,87,68,83,87,87,75,75,75,75,87,87,87,87,87,72,87,87,87,87,87,70],"gold":0,"neow_bonus":"TEN_PERCENT_HP_BONUS","is_prod":false,"is_daily":false,"chose_seed":false,"campfire_upgraded":6,"win_rate":0.0,"timestamp":1568144132,"path_taken":["M","M","M","M","M","E","R","M","T","$","M","M","?","M","R","BOSS","M","M","M","?","?","E","M","M","T","E","R","M","M","M","R","BOSS","M","?","?","?","?","?","?","R","T","M","R","?","M","$","R","BOSS"],"build_version":"2019-09-09v2","purchased_purges":0,"victory":true,"max_hp_per_floor":[82,82,82,82,82,82,82,82,82,82,82,82,82,87,87,87,87,87,87,87,87,87,87,87,87,87,87,87,87,87,87,87,87,87,87,87,87,87,87,87,87,87,87,87,87,87,87,87,87,87],"card_choices":[{"not_picked":["Scrape","Heatsinks"],"picked":"Defragment","floor":1},{"not_picked":["Cold Snap","Doom and Gloom"],"picked":"Self Repair","floor":2},{"not_picked":["Streamline","Darkness"],"picked":"Coolheaded","floor":3},{"not_picked":["Sweeping Beam","Fusion","Compile Driver"],"picked":"SKIP","floor":4},{"not_picked":["Conserve Battery","Streamline"],"picked":"Machine Learning","floor":5},{"not_picked":["Hello World","Reprogram"],"picked":"Double Energy","floor":6},{"not_picked":["Doom and Gloom","Barrage"],"picked":"Capacitor","floor":8},{"not_picked":["Melter","Barrage"],"picked":"Go for the Eyes","floor":11},{"not_picked":["Gash","Capacitor"],"picked":"Coolheaded","floor":12},{"not_picked":["Leap","Rip and Tear"],"picked":"Ball Lightning","floor":14},{"not_picked":["Reboot","Seek"],"picked":"Amplify","floor":16},{"not_picked":["Ball Lightning","Stack"],"picked":"Self Repair+1","floor":18},{"not_picked":["Ball Lightning","Force Field+1"],"picked":"Hologram","floor":19},{"not_picked":["Leap","All For One"],"picked":"Coolheaded+1","floor":20},{"not_picked":["Streamline","Redo"],"picked":"Cold Snap+1","floor":21},{"not_picked":["Coolheaded","Sweeping Beam","Compile Driver"],"picked":"SKIP","floor":23},{"not_picked":["Doom and Gloom+1","Stack"],"picked":"Conserve Battery+1","floor":24},{"not_picked":["Leap","Steam","Conserve Battery"],"picked":"SKIP","floor":25},{"not_picked":["Leap","Heatsinks"],"picked":"Blizzard+1","floor":27},{"not_picked":["Beam Cell","Leap+1","Fusion+1"],"picked":"SKIP","floor":29},{"not_picked":["Sweeping Beam","Steam","Rip and Tear"],"picked":"SKIP","floor":30},{"not_picked":["Thunder Strike","Lockon"],"picked":"Self Repair+1","floor":31},{"not_picked":["Rainbow","Biased Cognition"],"picked":"Machine Learning","floor":33},{"not_picked":["Heatsinks","BootSequence+1"],"picked":"Reprogram+1","floor":35},{"not_picked":["Hello World+1","Coolheaded"],"picked":"Loop","floor":39},{"not_picked":["Transmutation","Madness"],"picked":"Dark Shackles","floor":41},{"not_picked":["Sweeping Beam+1","Leap"],"picked":"Coolheaded+1","floor":44},{"not_picked":["Double Energy+1","Auto Shields"],"picked":"Reinforced Body","floor":47}],"player_experience":3339,"relics_obtained":[{"floor":9,"key":"War Paint"},{"floor":23,"key":"Peace Pipe"},{"floor":26,"key":"Eternal Feather"},{"floor":27,"key":"Sundial"},{"floor":40,"key":"TungstenRod"},{"floor":43,"key":"Pen Nib"}],"event_choices":[{"damage_healed":0,"gold_gain":0,"player_choice":"Got Potions","damage_taken":0,"max_hp_gain":0,"max_hp_loss":0,"event_name":"Lab","floor":13,"gold_loss":0},{"damage_healed":0,"gold_gain":0,"player_choice":"Ignored","damage_taken":0,"max_hp_gain":0,"max_hp_loss":0,"event_name":"Ghosts","floor":22,"gold_loss":0},{"damage_healed":0,"gold_gain":0,"player_choice":"Paid","damage_taken":0,"relics_obtained":["Red Mask"],"max_hp_gain":0,"max_hp_loss":0,"event_name":"Tomb of Lord Red Mask","floor":36,"gold_loss":170},{"damage_healed":0,"gold_gain":0,"player_choice":"Ignored","damage_taken":0,"max_hp_gain":0,"max_hp_loss":0,"event_name":"Mysterious Sphere","floor":37,"gold_loss":0},{"damage_healed":0,"gold_gain":0,"player_choice":"Memory 1","damage_taken":0,"max_hp_gain":0,"max_hp_loss":0,"event_name":"SensoryStone","floor":41,"gold_loss":0},{"cards_removed":["Strike_B"],"damage_healed":0,"gold_gain":0,"player_choice":"Removed Attack","damage_taken":0,"max_hp_gain":0,"max_hp_loss":0,"event_name":"Falling","floor":46,"gold_loss":0}],"is_beta":true,"boss_relics":[{"not_picked":["Coffee Dripper","Calling Bell"],"picked":"Ectoplasm"},{"not_picked":["Fusion Hammer","Philosopher\u0027s Stone","FrozenCore"]}],"items_purged_floors":[],"is_endless":false,"potions_floor_spawned":[1,3,5,6,12,20,21,25,27,29,33,39,47],"ascension_level":0}