{"gold_per_floor":[117,117,117,127,146,146,173,184,207,207,46,56,90,90,90,168,218,228,239,239,164,181,181,181,81,81,98,109,144,155,166,166,242,242,255,272,291,308,33,63,63,80,161,188,188,188,188,201,201,201,201,201,201,11,45,45],"floor_reached":57,"playtime":2423,"items_purged":["Strike_G","All Out Attack+1"],"score":3192,"play_id":"c77d64fd-70ae-46d0-aa63-4e15e57743d5","local_time":"20190914184738","is_ascension_mode":true,"campfire_choices":[{"data":"All Out Attack","floor":6.0,"key":"SMITH"},{"data":"Tactician","floor":15.0,"key":"SMITH"},{"data":"Calculated Gamble","floor":23.0,"key":"SMITH"},{"data":"Prepared","floor":32.0,"key":"SMITH"},{"data":"Well Laid Plans","floor":41.0,"key":"SMITH"},{"data":"Backflip","floor":45.0,"key":"SMITH"},{"floor":49.0,"key":"RECALL"},{"data":"Purity","floor":53.0,"key":"SMITH"}],"neow_cost":"TEN_PERCENT_HP_LOSS","seed_source_timestamp":0,"circlet_count":0,"master_deck":["AscendersBane","Defend_G","Defend_G","Defend_G+1","Defend_G","Survivor","Neutralize","Bullet Time","Backflip+1","Terror","Acrobatics+1","Tactician+1","Well Laid Plans+1","Corpse Explosion+1","Grand Finale","Calculated Gamble+1","Prepared+1","Adrenaline","Purity+1","Escape Plan"],"special_seed":0,"relics":["Ring of the Snake","Potion Belt","Centennial Puzzle","Anchor","Bronze Scales","Tiny House","Meat on the Bone","War Paint","Sozu","Bag of Preparation","Dream Catcher","Dodecahedron","The Courier","TheAbacus","Pantograph"],"potions_floor_usage":[56],"damage_taken":[{"damage":8.0,"enemies":"Cultist","floor":1.0,"turns":6.0},{"damage":1.0,"enemies":"2 Louse","floor":4.0,"turns":3.0},{"damage":1.0,"enemies":"Small Slimes","floor":5.0,"turns":4.0},{"damage":7.0,"enemies":"Lagavulin","floor":7.0,"turns":7.0},{"damage":1.0,"enemies":"Looter","floor":8.0,"turns":3.0},{"damage":0.0,"enemies":"Gremlin Gang","floor":12.0,"turns":3.0},{"damage":7.0,"enemies":"Gremlin Nob","floor":13.0,"turns":3.0},{"damage":7.0,"enemies":"Hexaghost","floor":16.0,"turns":9.0},{"damage":0.0,"enemies":"3 Byrds","floor":18.0,"turns":3.0},{"damage":6.0,"enemies":"2 Thieves","floor":19.0,"turns":3.0},{"damage":12.0,"enemies":"Snake Plant","floor":22.0,"turns":4.0},{"damage":0.0,"enemies":"Centurion and Healer","floor":27.0,"turns":4.0},{"damage":0.0,"enemies":"Snecko","floor":28.0,"turns":4.0},{"damage":2.0,"enemies":"Book of Stabbing","floor":29.0,"turns":4.0},{"damage":0.0,"enemies":"Snake Plant","floor":30.0,"turns":3.0},{"damage":1.0,"enemies":"3 Cultists","floor":31.0,"turns":3.0},{"damage":0.0,"enemies":"Champ","floor":33.0,"turns":5.0},{"damage":8.0,"enemies":"3 Darklings","floor":35.0,"turns":3.0},{"damage":0.0,"enemies":"3 Shapes","floor":36.0,"turns":2.0},{"damage":0.0,"enemies":"Sphere and 2 Shapes","floor":37.0,"turns":1.0},{"damage":0.0,"enemies":"Writhing Mass","floor":38.0,"turns":5.0},{"damage":0.0,"enemies":"Reptomancer","floor":40.0,"turns":5.0},{"damage":0.0,"enemies":"3 Darklings","floor":42.0,"turns":2.0},{"damage":0.0,"enemies":"Nemesis","floor":44.0,"turns":3.0},{"damage":0.0,"enemies":"Transient","floor":48.0,"turns":6.0},{"damage":26.0,"enemies":"Time Eater","floor":50.0,"turns":4.0},{"damage":0.0,"enemies":"Awakened One","floor":51.0,"turns":3.0},{"damage":0,"enemies":"Shield and Spear","floor":55,"turns":2},{"damage":15,"enemies":"The Heart","floor":56,"turns":5}],"seed_played":"-1452888776254485392","potions_obtained":[{"floor":1.0,"key":"Fire Potion"},{"floor":5.0,"key":"SkillPotion"},{"floor":7.0,"key":"Weak Potion"},{"floor":12.0,"key":"GamblersBrew"},{"floor":13.0,"key":"GamblersBrew"},{"floor":18.0,"key":"Explosive Potion"},{"floor":19.0,"key":"DuplicationPotion"},{"floor":29.0,"key":"Swift Potion"},{"floor":30.0,"key":"AttackPotion"},{"floor":31.0,"key":"Dexterity Potion"}],"is_trial":false,"path_per_floor":["M","?","?","M","M","R","E","M","T","?","$","M","E","$","R","B",null,"M","M","?","?","M","R","?","$","T","M","M","E","M","M","R","B",null,"M","M","M","M","$","E","R","M","T","E","R","?","?","M","R","B","B",null,"R","$","E","B",null],"character_chosen":"THE_SILENT","items_purchased":["Well Laid Plans","Purity","Bag of Preparation","TheAbacus","Escape Plan"],"campfire_rested":0,"item_purchase_floors":[11,39,39,54,54],"current_hp_per_floor":[51,51,44,43,42,42,35,34,34,16,16,16,9,9,9,2,51,51,45,45,45,33,33,33,33,33,33,33,43,43,42,42,42,59,51,51,51,51,51,51,51,51,51,51,51,51,51,51,51,37,37,58,58,58,58,50],"gold":45,"neow_bonus":"TRANSFORM_TWO_CARDS","is_prod":false,"is_daily":false,"chose_seed":false,"campfire_upgraded":7,"win_rate":0,"timestamp":1568458058,"path_taken":["M","?","?","M","M","R","E","M","T","?","$","M","E","$","R","BOSS","M","M","?","?","M","R","?","$","T","M","?","E","M","M","R","BOSS","M","M","?","M","$","E","R","M","T","E","R","?","?","M","R","BOSS","BOSS","R","$","E","BOSS"],"build_version":"2019-09-12","purchased_purges":2,"victory":true,"max_hp_per_floor":[60,60,60,60,60,60,60,60,60,60,60,60,60,60,60,60,65,65,65,65,65,65,65,65,65,65,65,65,65,65,65,65,65,65,65,65,65,65,65,65,65,65,65,65,65,65,65,65,65,65,65,65,65,65,65,65],"card_choices":[{"not_picked":["Skewer","Catalyst"],"picked":"Backflip","floor":1.0},{"not_picked":["Crippling Poison","PiercingWail","Outmaneuver"],"picked":"SKIP","floor":4.0},{"not_picked":["Poisoned Stab","Blur"],"picked":"Terror","floor":5.0},{"not_picked":["Catalyst","Sucker Punch"],"picked":"Acrobatics","floor":7.0},{"not_picked":["Deflect","Blur"],"picked":"Tactician","floor":8.0},{"not_picked":["Caltrops","Dodge and Roll","Slice"],"picked":"SKIP","floor":12.0},{"not_picked":["Caltrops","Dodge and Roll","Slice"],"picked":"SKIP","floor":12.0},{"not_picked":["PiercingWail","Dagger Throw"],"picked":"Corpse Explosion","floor":13.0},{"not_picked":["Burst","Die Die Die"],"picked":"Grand Finale","floor":16.0},{"not_picked":["PiercingWail","Dagger Spray"],"picked":"Calculated Gamble","floor":17.0},{"not_picked":["Slice","Bane","Blur"],"picked":"SKIP","floor":18.0},{"not_picked":["Bane","Cloak And Dagger+1","Outmaneuver+1"],"picked":"SKIP","floor":19.0},{"not_picked":["Footwork","Choke+1","Poisoned Stab+1"],"picked":"SKIP","floor":22.0},{"not_picked":["Backflip","Catalyst","Outmaneuver+1"],"picked":"SKIP","floor":27.0},{"not_picked":["Cloak And Dagger","Infinite Blades+1"],"picked":"Prepared","floor":28.0},{"not_picked":["Cloak And Dagger","Sucker Punch","Bane"],"picked":"SKIP","floor":29.0},{"not_picked":["Setup","Blade Dance","Infinite Blades"],"picked":"SKIP","floor":30.0},{"not_picked":["Bane","Dagger Spray","Die Die Die"],"picked":"SKIP","floor":31.0},{"not_picked":["Night Terror","Venomology"],"picked":"Adrenaline","floor":33.0},{"not_picked":["Infinite Blades","Caltrops+1","PiercingWail"],"picked":"SKIP","floor":35.0},{"not_picked":["Slice","Eviscerate+1","Heel Hook"],"picked":"SKIP","floor":36.0},{"not_picked":["Underhanded Strike","Deadly Poison+1","Concentrate"],"picked":"SKIP","floor":37.0},{"not_picked":["Riddle With Holes","Die Die Die","Flying Knee+1"],"picked":"SKIP","floor":38.0},{"not_picked":["Bane","Deflect","Cloak And Dagger"],"picked":"SKIP","floor":40.0},{"not_picked":["Calculated Gamble","Endless Agony+1","Slice+1"],"picked":"SKIP","floor":42.0},{"not_picked":["A Thousand Cuts","Corpse Explosion","Deflect+1"],"picked":"SKIP","floor":44.0},{"not_picked":["Poisoned Stab+1","Dagger Throw","Slice+1"],"picked":"SKIP","floor":48.0},{"not_picked":["Slice","Prepared+1","Terror"],"picked":"SKIP","floor":55}],"player_experience":971552,"relics_obtained":[{"floor":7.0,"key":"Potion Belt"},{"floor":9.0,"key":"Centennial Puzzle"},{"floor":13.0,"key":"Bronze Scales"},{"floor":29.0,"key":"War Paint"},{"floor":40.0,"key":"Dream Catcher"},{"floor":43.0,"key":"Dodecahedron"},{"floor":44.0,"key":"The Courier"},{"floor":55,"key":"Pantograph"}],"event_choices":[{"damage_healed":0.0,"max_hp_gain":0.0,"max_hp_loss":0.0,"gold_gain":0.0,"cards_transformed":["Strike_G"],"event_name":"Living Wall","player_choice":"Change","floor":2.0,"gold_loss":0.0,"damage_taken":0.0,"cards_obtained":["All Out Attack"]},{"cards_removed":["Defend_G"],"damage_healed":0.0,"max_hp_gain":0.0,"max_hp_loss":0.0,"gold_gain":0.0,"event_name":"Golden Wing","player_choice":"Card Removal","floor":3.0,"gold_loss":0.0,"damage_taken":7.0},{"damage_healed":0.0,"max_hp_gain":0.0,"max_hp_loss":0.0,"gold_gain":0.0,"event_name":"Scrap Ooze","player_choice":"Success","floor":10.0,"gold_loss":0.0,"damage_taken":18.0,"relics_obtained":["Anchor"]},{"damage_healed":0.0,"max_hp_gain":0.0,"max_hp_loss":0.0,"gold_gain":0.0,"event_name":"Vampires","player_choice":"Ignored","floor":20.0,"gold_loss":0.0,"damage_taken":0.0},{"cards_removed":["Strike_G"],"damage_healed":0.0,"max_hp_gain":0.0,"max_hp_loss":0.0,"gold_gain":0.0,"event_name":"Beggar","player_choice":"Gave Gold","floor":21.0,"gold_loss":75.0,"damage_taken":0.0},{"damage_healed":0.0,"max_hp_gain":0.0,"max_hp_loss":0.0,"gold_gain":0.0,"event_name":"WeMeetAgain","player_choice":"Gave Potion","floor":24.0,"gold_loss":0.0,"damage_taken":0.0,"relics_obtained":["Meat on the Bone"]},{"damage_healed":0.0,"max_hp_gain":0.0,"max_hp_loss":0.0,"gold_gain":0.0,"event_name":"SensoryStone","player_choice":"Memory 1","floor":46.0,"gold_loss":0.0,"damage_taken":0.0},{"cards_removed":["Doppelganger"],"damage_healed":0.0,"max_hp_gain":0.0,"max_hp_loss":0.0,"gold_gain":0.0,"event_name":"Falling","player_choice":"Removed Skill","floor":47.0,"gold_loss":0.0,"damage_taken":0.0}],"is_beta":true,"boss_relics":[{"not_picked":["Coffee Dripper","WristBlade"],"picked":"Tiny House"},{"not_picked":["Fusion Hammer","Cursed Key"],"picked":"Sozu"}],"items_purged_floors":[11,25],"is_endless":false,"potions_floor_spawned":[1,5,7,12,13,18,19,29,30,31,38,42,44,48],"ascension_level":20}