{"gold_per_floor":[110,123,139,139,239,239,36,36,36,49,65,80,106,123,123,220,220,233,245,261,261],"floor_reached":21,"playtime":2735,"items_purged":[],"score":210,"play_id":"0a1b8136-521b-43b3-984d-d21c7cb0261a","local_time":"20190902144945","is_ascension_mode":false,"campfire_choices":[{"data":"Survivor","floor":6,"key":"SMITH"},{"data":"Escape Plan","floor":8,"key":"SMITH"},{"floor":15,"key":"REST"}],"neow_cost":"CURSE","seed_source_timestamp":68401744256100,"circlet_count":0,"master_deck":["Strike_G","Strike_G","Strike_G","Strike_G","Strike_G","Defend_G","Defend_G","Defend_G","Defend_G","Defend_G","Survivor+1","Neutralize","Shame","Escape Plan+1","Leg Sweep","Bouncing Flask+1","Quick Slash","Reflex","Dash","Dagger Throw","Tactician","Die Die Die","Envenom","Outmaneuver","Slice","Deadly Poison"],"relics":["Ring of the Serpent","Happy Flower","Sundial","Strawberry"],"potions_floor_usage":[19,19,20,21],"damage_taken":[{"damage":1,"enemies":"2 Louse","floor":1,"turns":3},{"damage":8,"enemies":"Jaw Worm","floor":2,"turns":9},{"damage":0,"enemies":"Cultist","floor":3,"turns":7},{"damage":7,"enemies":"3 Louse","floor":10,"turns":4},{"damage":1,"enemies":"2 Fungi Beasts","floor":11,"turns":3},{"damage":0,"enemies":"Large Slime","floor":12,"turns":6},{"damage":39,"enemies":"3 Sentries","floor":13,"turns":14},{"damage":16,"enemies":"Exordium Thugs","floor":14,"turns":5},{"damage":15,"enemies":"The Guardian","floor":16,"turns":11},{"damage":4,"enemies":"Shell Parasite","floor":18,"turns":6},{"damage":23,"enemies":"Spheric Guardian","floor":19,"turns":8},{"damage":12,"enemies":"Cultist and Chosen","floor":20,"turns":6},{"damage":76,"enemies":"3 Cultists","floor":21,"turns":5}],"seed_played":"5410882674711103558","potions_obtained":[{"floor":1,"key":"Ancient Potion"},{"floor":3,"key":"Block Potion"},{"floor":13,"key":"Regen Potion"},{"floor":16,"key":"Strength Potion"},{"floor":19,"key":"Poison Potion"}],"is_trial":false,"path_per_floor":["M","M","M","?","?","R","$","R","T","M","M","M","E","M","R","B",null,"M","M","M","M"],"character_chosen":"THE_SILENT","items_purchased":["Quick Slash","Happy Flower"],"campfire_rested":1,"item_purchase_floors":[7,7],"current_hp_per_floor":[83,75,75,75,75,75,75,75,75,68,67,67,35,19,46,31,91,87,76,64,0],"gold":261,"neow_bonus":"TWENTY_PERCENT_HP_BONUS","is_prod":false,"is_daily":false,"chose_seed":false,"campfire_upgraded":2,"win_rate":0.0,"timestamp":1567453785,"path_taken":["M","M","M","?","?","R","$","R","T","M","M","?","E","M","R","BOSS","M","M","M","M"],"build_version":"2019-07-17","purchased_purges":0,"victory":false,"max_hp_per_floor":[84,84,84,84,84,84,84,84,84,84,84,84,91,91,91,91,91,91,91,91,91],"card_choices":[{"not_picked":["Acrobatics","Caltrops"],"picked":"Escape Plan","floor":1},{"not_picked":["Calculated Gamble","Slice"],"picked":"Leg Sweep","floor":2},{"not_picked":["Flying Knee","Sucker Punch"],"picked":"Bouncing Flask","floor":3},{"not_picked":["PiercingWail","Slice"],"picked":"Reflex","floor":10},{"not_picked":["Dagger Spray","Blade Dance"],"picked":"Dash","floor":11},{"not_picked":["Dagger Spray","Prepared"],"picked":"Dagger Throw","floor":12},{"not_picked":["Dodge and Roll","Reflex"],"picked":"Tactician","floor":13},{"not_picked":["Endless Agony","Caltrops"],"picked":"Die Die Die","floor":14},{"not_picked":["Adrenaline","Die Die Die"],"picked":"Envenom","floor":16},{"not_picked":["Prepared","Slice+1"],"picked":"Outmaneuver","floor":18},{"not_picked":["Poisoned Stab","Quick Slash"],"picked":"Slice","floor":19},{"not_picked":["PiercingWail","Heel Hook"],"picked":"Deadly Poison","floor":20}],"player_experience":96366,"relics_obtained":[{"floor":9,"key":"Sundial"},{"floor":13,"key":"Strawberry"}],"event_choices":[{"damage_healed":0,"gold_gain":0,"player_choice":"Grow","damage_taken":0,"max_hp_gain":0,"max_hp_loss":0,"event_name":"Living Wall","floor":4,"gold_loss":0,"cards_upgraded":["Bouncing Flask"]},{"damage_healed":0,"gold_gain":100,"player_choice":"Pray","damage_taken":0,"max_hp_gain":0,"max_hp_loss":0,"event_name":"Golden Shrine","floor":5,"gold_loss":0}],"is_beta":false,"boss_relics":[{"not_picked":["Sozu","Empty Cage"],"picked":"Ring of the Serpent"}],"items_purged_floors":[],"is_endless":false,"potions_floor_spawned":[1,3,13,16,19],"killed_by":"3 Cultists","ascension_level":0}