{"gold_per_floor":[110,129,143,155,173,173,186,199,199,226,238,248,265,277,277,380,380,390,390,405,254,254],"floor_reached":22,"playtime":1167,"items_purged":["Defend_G"],"score":246,"play_id":"c7467a20-466b-4ac9-bb4e-2452a750be6a","local_time":"20190902213347","is_ascension_mode":false,"campfire_choices":[{"data":"Bouncing Flask","floor":6,"key":"SMITH"},{"data":"Catalyst","floor":15,"key":"SMITH"}],"neow_cost":"NONE","seed_source_timestamp":651271219458360,"circlet_count":0,"master_deck":["Strike_G","Strike_G","Strike_G","Strike_G","Strike_G","Defend_G","Defend_G","Defend_G","Defend_G","Survivor","Neutralize+1","PiercingWail","Bouncing Flask+1","Catalyst+1","Venomology","Deadly Poison","Noxious Fumes","Blur","Bullet Time","Catalyst","Adrenaline","Well Laid Plans"],"relics":["Ring of the Snake","Paper Crane","Girya","HoveringKite"],"potions_floor_usage":[5,10,18,22],"damage_taken":[{"damage":2,"enemies":"Small Slimes","floor":1,"turns":4},{"damage":2,"enemies":"Cultist","floor":2,"turns":4},{"damage":0,"enemies":"2 Louse","floor":3,"turns":3},{"damage":3,"enemies":"Large Slime","floor":4,"turns":6},{"damage":4,"enemies":"2 Fungi Beasts","floor":5,"turns":5},{"damage":0,"enemies":"Looter","floor":7,"turns":4},{"damage":3,"enemies":"3 Louse","floor":8,"turns":4},{"damage":1,"enemies":"Lagavulin","floor":10,"turns":7},{"damage":3,"enemies":"Large Slime","floor":11,"turns":3},{"damage":9,"enemies":"Red Slaver","floor":12,"turns":4},{"damage":1,"enemies":"2 Fungi Beasts","floor":13,"turns":4},{"damage":9,"enemies":"Lots of Slimes","floor":14,"turns":4},{"damage":0,"enemies":"The Guardian","floor":16,"turns":4},{"damage":4,"enemies":"2 Thieves","floor":18,"turns":4},{"damage":3,"enemies":"Shell Parasite","floor":20,"turns":3},{"damage":64,"enemies":"3 Cultists","floor":22,"turns":7}],"seed_played":"-1422737331328937287","potions_obtained":[{"floor":2,"key":"FearPotion"},{"floor":3,"key":"EssenceOfSteel"},{"floor":10,"key":"Block Potion"},{"floor":14,"key":"SkillPotion"},{"floor":16,"key":"PowerPotion"}],"is_trial":false,"path_per_floor":["M","M","M","M","M","R","M","M","T","E","M","M","M","M","R","B",null,"M","?","M","$","M"],"character_chosen":"THE_SILENT","items_purchased":["Well Laid Plans"],"campfire_rested":0,"item_purchase_floors":[21],"current_hp_per_floor":[68,66,66,63,59,59,59,56,56,55,52,43,42,33,33,33,70,66,70,67,67,3],"gold":254,"neow_bonus":"UPGRADE_CARD","is_prod":false,"is_daily":false,"chose_seed":false,"campfire_upgraded":2,"win_rate":0,"timestamp":1567456427,"path_taken":["M","M","M","M","M","R","M","M","T","E","M","M","M","M","R","BOSS","M","?","?","$","M"],"build_version":"2019-07-17","purchased_purges":1,"victory":false,"max_hp_per_floor":[70,70,70,70,70,70,70,70,70,70,70,70,70,70,70,70,70,70,70,70,70,70],"card_choices":[{"not_picked":["Accuracy","Underhanded Strike"],"picked":"PiercingWail","floor":1},{"not_picked":["Cloak And Dagger","Dagger Spray"],"picked":"Bouncing Flask","floor":2},{"not_picked":["Bane","Predator"],"picked":"Catalyst","floor":3},{"not_picked":["Deflect","Skewer"],"picked":"Venomology","floor":4},{"not_picked":["Cloak And Dagger","Quick Slash"],"picked":"Deadly Poison","floor":5},{"not_picked":["Cloak And Dagger","Heel Hook"],"picked":"Noxious Fumes","floor":7},{"not_picked":["Dagger Throw","Tactician","Outmaneuver"],"picked":"SKIP","floor":8},{"not_picked":["Choke","Slice","Blade Dance"],"picked":"SKIP","floor":10},{"not_picked":["Flying Knee","Leg Sweep"],"picked":"Blur","floor":11},{"not_picked":["Cloak And Dagger","Endless Agony"],"picked":"Bullet Time","floor":12},{"not_picked":["PiercingWail","Quick Slash"],"picked":"Catalyst","floor":13},{"not_picked":["Flying Knee","Dagger Throw","Sucker Punch"],"picked":"SKIP","floor":14},{"not_picked":["A Thousand Cuts","Doppelganger"],"picked":"Adrenaline","floor":16},{"not_picked":["Blade Dance","Flying Knee","Cloak And Dagger"],"picked":"SKIP","floor":18},{"not_picked":["Slice","Dash","Blade Dance"],"picked":"SKIP","floor":20}],"player_experience":71640,"relics_obtained":[{"floor":9,"key":"Paper Crane"},{"floor":10,"key":"Girya"}],"event_choices":[{"damage_healed":4,"gold_gain":0,"player_choice":"Full Heal","damage_taken":0,"max_hp_gain":0,"max_hp_loss":0,"event_name":"Wheel of Change","floor":19,"gold_loss":0}],"is_beta":false,"boss_relics":[{"not_picked":["Runic Dome","Eternal Feather"],"picked":"HoveringKite"}],"items_purged_floors":[21],"is_endless":false,"potions_floor_spawned":[2,3,10,11,12,14,16],"killed_by":"3 Cultists","ascension_level":0}