{"gold_per_floor":[116,116,130,305,26,54,54,54,54,73,73,73,73,98,98,98],"floor_reached":16,"playtime":1020,"items_purged":["Doubt"],"score":182,"play_id":"b19d244a-5cb6-42be-986a-3abb3201053e","local_time":"20190823173552","is_ascension_mode":true,"campfire_choices":[{"data":"Neutralize","floor":7,"key":"SMITH"},{"data":"After Image","floor":11,"key":"SMITH"},{"data":"Deflect","floor":13,"key":"SMITH"},{"data":"Cloak And Dagger","floor":15,"key":"SMITH"}],"neow_cost":"NONE","seed_source_timestamp":779076475631100,"circlet_count":0,"master_deck":["Strike_G","Strike_G","Strike_G","Strike_G","Defend_G","Defend_G","Defend_G","Defend_G","Defend_G","Survivor","Neutralize+1","Flying Knee","Deflect+1","Backflip","Cloak And Dagger+1","After Image+1"],"relics":["Ring of the Snake","Ninja Scroll","Pen Nib","Darkstone Periapt","Tingsha","Torii","Mango"],"potions_floor_usage":[6],"damage_taken":[{"damage":0,"enemies":"2 Louse","floor":1,"turns":4},{"damage":0,"enemies":"Jaw Worm","floor":3,"turns":4},{"damage":23,"enemies":"Gremlin Nob","floor":6,"turns":5},{"damage":1,"enemies":"Small Slimes","floor":10,"turns":3},{"damage":0,"enemies":"Lagavulin","floor":14,"turns":11},{"damage":56,"enemies":"Hexaghost","floor":16,"turns":16}],"seed_played":"-4974746326052465204","potions_obtained":[{"floor":3,"key":"Energy Potion"},{"floor":10,"key":"Fire Potion"}],"is_trial":false,"path_per_floor":["M","?","M","?","$","E","R","?","T","M","R","?","R","E","R","B"],"character_chosen":"THE_SILENT","items_purchased":["Backflip","Pen Nib"],"campfire_rested":0,"item_purchase_floors":[5,5],"current_hp_per_floor":[77,65,65,65,65,42,42,42,42,41,41,41,41,55,55,0],"gold":98,"neow_bonus":"TEN_PERCENT_HP_BONUS","is_prod":false,"is_daily":false,"chose_seed":false,"campfire_upgraded":4,"win_rate":0,"timestamp":1566606952,"path_taken":["M","?","M","?","$","E","R","?","T","M","R","?","R","E","R","BOSS"],"build_version":"2019-07-17","purchased_purges":1,"victory":false,"max_hp_per_floor":[77,77,77,77,77,77,77,77,77,77,77,77,77,91,91,91],"card_choices":[{"not_picked":["PiercingWail","Poisoned Stab"],"picked":"Flying Knee","floor":1},{"not_picked":["Sucker Punch","Slice"],"picked":"Deflect","floor":3},{"not_picked":["Outmaneuver","Caltrops"],"picked":"Cloak And Dagger","floor":6},{"not_picked":["Well Laid Plans","Escape Plan"],"picked":"After Image","floor":10},{"not_picked":["Eviscerate","Quick Slash","Underhanded Strike"],"picked":"SKIP","floor":14}],"player_experience":227203,"relics_obtained":[{"floor":6,"key":"Darkstone Periapt"},{"floor":9,"key":"Tingsha"},{"floor":14,"key":"Mango"}],"event_choices":[{"damage_healed":0,"gold_gain":0,"player_choice":"Success","damage_taken":12,"relics_obtained":["Ninja Scroll"],"max_hp_gain":0,"max_hp_loss":0,"event_name":"Scrap Ooze","floor":2,"gold_loss":0},{"damage_healed":0,"gold_gain":175,"player_choice":"AGREE","damage_taken":0,"max_hp_gain":0,"max_hp_loss":0,"event_name":"Liars Game","floor":4,"gold_loss":0,"cards_obtained":["Doubt"]},{"cards_removed":["Strike_G"],"damage_healed":0,"gold_gain":0,"player_choice":"Forget","damage_taken":0,"max_hp_gain":0,"max_hp_loss":0,"event_name":"Living Wall","floor":8,"gold_loss":0},{"damage_healed":0,"gold_gain":0,"player_choice":"Gave Potion","damage_taken":0,"relics_obtained":["Torii"],"max_hp_gain":0,"max_hp_loss":0,"event_name":"WeMeetAgain","floor":12,"gold_loss":0}],"is_beta":false,"boss_relics":[],"items_purged_floors":[5],"is_endless":false,"potions_floor_spawned":[3,10],"killed_by":"Hexaghost","ascension_level":4}