{"gold_per_floor":[12,12,12,36,57,57,57,57,134,134,134,154,0,14,14,107,107,126,67,91,6,25,25,61,61,111,159,192,242,304,329,341,446,521,546,558,570,582,609,659,671,409,409,409,448,448,487,505,505,505,505,505,505,40,74,74],"floor_reached":57,"playtime":2290,"items_purged":["Strike_G","Corpse Explosion","Defend_G"],"score":3297,"play_id":"199ceabe-dde8-40ec-9099-d0d841cf91ca","local_time":"20190911013350","is_ascension_mode":true,"campfire_choices":[{"data":"Deadly Poison","floor":6.0,"key":"SMITH"},{"data":"Catalyst","floor":8.0,"key":"SMITH"},{"data":"Neutralize","floor":10.0,"key":"SMITH"},{"data":"Noxious Fumes","floor":15.0,"key":"SMITH"},{"data":"Tactician","floor":23.0,"key":"SMITH"},{"data":"Acrobatics","floor":25.0,"key":"SMITH"},{"data":"Calculated Gamble","floor":32.0,"key":"SMITH"},{"data":"Reflex","floor":44.0,"key":"SMITH"},{"data":"Well Laid Plans","floor":46.0,"key":"SMITH"},{"floor":49.0,"key":"RECALL"},{"data":"Backflip","floor":53.0,"key":"SMITH"}],"neow_cost":"NO_GOLD","seed_source_timestamp":797984288318300,"circlet_count":0,"master_deck":["AscendersBane","Defend_G","Defend_G","Neutralize+1","Acrobatics+1","Accuracy","Deadly Poison+1","Caltrops","Catalyst+1","PiercingWail","Noxious Fumes+1","Tactician+1","Backflip+1","Prepared+1","Reflex+1","Calculated Gamble+1","Well Laid Plans+1","Grand Finale","After Image"],"special_seed":0,"relics":["Ring of the Snake","Golden Idol","Matryoshka","Empty Cage","Centennial Puzzle","Orichalcum","MawBank","Art of War","Kunai","Boot","Tiny House","Pen Nib","Letter Opener","Toxic Egg 2","Bag of Preparation","Calipers","Bag of Marbles"],"potions_floor_usage":[56,56],"damage_taken":[{"damage":7.0,"enemies":"Small Slimes","floor":1.0,"turns":6.0},{"damage":0.0,"enemies":"2 Louse","floor":4.0,"turns":5.0},{"damage":6.0,"enemies":"Jaw Worm","floor":5.0,"turns":5.0},{"damage":0.0,"enemies":"Looter","floor":12.0,"turns":4.0},{"damage":13.0,"enemies":"Gremlin Gang","floor":14.0,"turns":8.0},{"damage":8.0,"enemies":"Hexaghost","floor":16.0,"turns":7.0},{"damage":13.0,"enemies":"Shell Parasite","floor":18.0,"turns":4.0},{"damage":10.0,"enemies":"Chosen","floor":20.0,"turns":4.0},{"damage":0.0,"enemies":"3 Cultists","floor":22.0,"turns":3.0},{"damage":13.0,"enemies":"Book of Stabbing","floor":24.0,"turns":6.0},{"damage":1.0,"enemies":"Slavers","floor":27.0,"turns":4.0},{"damage":3.0,"enemies":"Shelled Parasite and Fungi","floor":28.0,"turns":4.0},{"damage":2.0,"enemies":"Book of Stabbing","floor":29.0,"turns":5.0},{"damage":0.0,"enemies":"Centurion and Healer","floor":31.0,"turns":4.0},{"damage":0.0,"enemies":"Automaton","floor":33.0,"turns":6.0},{"damage":0.0,"enemies":"3 Darklings","floor":35.0,"turns":2.0},{"damage":6.0,"enemies":"Orb Walker","floor":39.0,"turns":2.0},{"damage":0.0,"enemies":"Reptomancer","floor":40.0,"turns":3.0},{"damage":6.0,"enemies":"Giant Head","floor":45.0,"turns":3.0},{"damage":0.0,"enemies":"Nemesis","floor":47.0,"turns":3.0},{"damage":0.0,"enemies":"3 Darklings","floor":48.0,"turns":2.0},{"damage":0.0,"enemies":"Awakened One","floor":50.0,"turns":3.0},{"damage":11.0,"enemies":"Donu and Deca","floor":51.0,"turns":3.0},{"damage":0.0,"enemies":"Shield and Spear","floor":55.0,"turns":2.0},{"damage":7,"enemies":"The Heart","floor":56,"turns":7}],"seed_played":"4493944323745027162","potions_obtained":[{"floor":14.0,"key":"Strength Potion"},{"floor":16.0,"key":"Explosive Potion"},{"floor":22.0,"key":"Fire Potion"},{"floor":28.0,"key":"Explosive Potion"},{"floor":33.0,"key":"GamblersBrew"},{"floor":34.0,"key":"DuplicationPotion"},{"floor":40.0,"key":"GhostInAJar"},{"floor":47.0,"key":"SkillPotion"}],"is_trial":false,"path_per_floor":["M","?","?","M","M","R","?","R","T","R","?","M","$","M","R","B",null,"M","$","M","?","M","R","E","R","T","E","M","E","?","M","R","B",null,"M","?","?","?","M","E","?","$","T","R","E","R","E","M","R","B","B",null,"R","$","E","B",null],"character_chosen":"THE_SILENT","items_purchased":["Noxious Fumes","Backflip","After Image","Calipers"],"campfire_rested":0,"item_purchase_floors":[13,19,42,54],"current_hp_per_floor":[52,52,52,52,46,46,39,39,39,39,39,39,39,26,26,18,50,37,37,27,27,27,27,14,14,14,13,10,8,8,8,8,8,52,52,52,52,52,46,46,46,46,46,46,40,40,40,40,40,40,29,54,54,54,54,47],"gold":74,"neow_bonus":"TRANSFORM_TWO_CARDS","is_prod":false,"is_daily":false,"chose_seed":false,"campfire_upgraded":10,"win_rate":0,"timestamp":1568136830,"path_taken":["M","?","?","M","M","R","?","R","T","R","?","M","$","M","R","BOSS","M","$","M","?","M","R","E","R","T","E","M","E","?","?","R","BOSS","M","?","?","?","?","E","?","$","T","R","E","R","E","M","R","BOSS","BOSS","R","$","E","BOSS"],"build_version":"2019-09-09v2","purchased_purges":3,"victory":true,"max_hp_per_floor":[66,66,60,60,60,60,60,60,60,60,60,60,60,60,60,60,60,60,60,60,60,60,60,60,60,60,60,60,60,60,60,60,60,65,65,65,65,65,65,65,62,62,62,62,62,62,62,62,62,62,62,62,62,62,62,62],"card_choices":[{"not_picked":["Cloak And Dagger","Leg Sweep"],"picked":"Deadly Poison","floor":1.0},{"not_picked":["Underhanded Strike","Dagger Throw"],"picked":"Catalyst","floor":4.0},{"not_picked":["Crippling Poison","Bane"],"picked":"PiercingWail","floor":5.0},{"not_picked":["PiercingWail","Dodge and Roll","Sucker Punch"],"picked":"SKIP","floor":12.0},{"not_picked":["Sucker Punch","Dagger Spray"],"picked":"Tactician","floor":14.0},{"not_picked":["Night Terror","Malaise"],"picked":"Corpse Explosion","floor":16.0},{"not_picked":["PiercingWail","All Out Attack","Reflex"],"picked":"SKIP","floor":18.0},{"not_picked":["Concentrate","Backflip","Quick Slash"],"picked":"SKIP","floor":20.0},{"not_picked":["Dagger Throw","Expertise"],"picked":"Prepared","floor":22.0},{"not_picked":["Crippling Poison","Prepared"],"picked":"Reflex","floor":24.0},{"not_picked":["Blade Dance","Expertise","All Out Attack"],"picked":"SKIP","floor":27.0},{"not_picked":["Night Terror","Dagger Throw"],"picked":"Calculated Gamble","floor":28.0},{"not_picked":["Prepared","Deflect"],"picked":"Well Laid Plans","floor":29.0},{"not_picked":["Quick Slash","Infinite Blades","Sucker Punch"],"picked":"SKIP","floor":31.0},{"not_picked":["Phantasmal Killer","A Thousand Cuts"],"picked":"Grand Finale","floor":33.0},{"not_picked":["PiercingWail+1","Outmaneuver+1","Dagger Throw"],"picked":"SKIP","floor":35.0},{"not_picked":["Terror","Poisoned Stab","Slice"],"picked":"SKIP","floor":39.0},{"not_picked":["Setup+1","Acrobatics","Heel Hook+1"],"picked":"SKIP","floor":40.0},{"not_picked":["Noxious Fumes","Blade Dance","Heel Hook"],"picked":"SKIP","floor":45.0},{"not_picked":["Bane","Catalyst+1","Prepared+1"],"picked":"SKIP","floor":47.0},{"not_picked":["Expertise+1","Noxious Fumes+1","PiercingWail+1"],"picked":"SKIP","floor":48.0},{"not_picked":["Cloak And Dagger+1","Eviscerate+1","Backflip+1"],"picked":"SKIP","floor":55.0}],"player_experience":943671,"relics_obtained":[{"floor":9.0,"key":"Matryoshka"},{"floor":24.0,"key":"Orichalcum"},{"floor":26.0,"key":"MawBank"},{"floor":26.0,"key":"Art of War"},{"floor":27.0,"key":"Kunai"},{"floor":29.0,"key":"Boot"},{"floor":40.0,"key":"Pen Nib"},{"floor":43.0,"key":"Letter Opener"},{"floor":45.0,"key":"Toxic Egg 2"},{"floor":47.0,"key":"Bag of Preparation"},{"floor":55.0,"key":"Bag of Marbles"}],"event_choices":[{"damage_healed":0.0,"max_hp_gain":0.0,"max_hp_loss":0.0,"gold_gain":0.0,"cards_transformed":["Strike_G"],"event_name":"Living Wall","player_choice":"Change","floor":2.0,"gold_loss":0.0,"damage_taken":0.0,"cards_obtained":["Caltrops"]},{"damage_healed":0.0,"max_hp_gain":0.0,"max_hp_loss":6.0,"gold_gain":0.0,"event_name":"Golden Idol","player_choice":"Lose Max HP","floor":3.0,"gold_loss":0.0,"damage_taken":0.0,"relics_obtained":["Golden Idol"]},{"cards_removed":["Strike_G"],"damage_healed":0.0,"max_hp_gain":0.0,"max_hp_loss":0.0,"gold_gain":0.0,"event_name":"Golden Wing","player_choice":"Card Removal","floor":7.0,"gold_loss":0.0,"damage_taken":7.0},{"damage_healed":0.0,"max_hp_gain":0.0,"max_hp_loss":0.0,"gold_gain":0.0,"event_name":"Liars Game","player_choice":"Ignored","floor":11.0,"gold_loss":0.0,"damage_taken":0.0},{"damage_healed":0.0,"max_hp_gain":0.0,"max_hp_loss":0.0,"gold_gain":0.0,"event_name":"Addict","player_choice":"Obtained Relic","floor":21.0,"gold_loss":85.0,"damage_taken":0.0,"relics_obtained":["Centennial Puzzle"]},{"damage_healed":0.0,"max_hp_gain":0.0,"max_hp_loss":0.0,"gold_gain":50.0,"event_name":"Golden Shrine","player_choice":"Pray","floor":30.0,"gold_loss":0.0,"damage_taken":0.0},{"damage_healed":0.0,"max_hp_gain":0.0,"max_hp_loss":0.0,"gold_gain":0.0,"event_name":"Mysterious Sphere","player_choice":"Ignored","floor":36.0,"gold_loss":0.0,"damage_taken":0.0},{"cards_removed":["Survivor"],"damage_healed":0.0,"max_hp_gain":0.0,"max_hp_loss":0.0,"gold_gain":0.0,"event_name":"Falling","player_choice":"Removed Skill","floor":37.0,"gold_loss":0.0,"damage_taken":0.0},{"damage_healed":0.0,"max_hp_gain":0.0,"max_hp_loss":0.0,"gold_gain":0.0,"event_name":"Tomb of Lord Red Mask","player_choice":"Ignored","floor":38.0,"gold_loss":0.0,"damage_taken":0.0},{"damage_healed":0.0,"max_hp_gain":0.0,"max_hp_loss":3.0,"gold_gain":0.0,"event_name":"Winding Halls","player_choice":"Max HP","floor":41.0,"gold_loss":0.0,"damage_taken":0.0}],"is_beta":true,"boss_relics":[{"not_picked":["Ring of the Serpent","Black Star"],"picked":"Empty Cage"},{"not_picked":["Sozu","Cursed Key"],"picked":"Tiny House"}],"items_purged_floors":[13,42,54],"is_endless":false,"potions_floor_spawned":[14,16,18,22,28,33,35,40,45,47],"ascension_level":20}