{"gold_per_floor":[15,115,131,144,156,156,171,171,222,297,332,6,6,20,20,144,144,158,158,158,183,108,108,139,152,152,152,175,209,29,50,50,171,234,255,271,171,171,194,227,227,107,107,107,168,168,208,233,233,233,246,260,360,102,102,123,123,6,6,6],"floor_reached":61,"playtime":2264,"items_purged":["Strike_G","Strike_G","All Out Attack","Flechettes+1","Defend_G"],"score":1721,"play_id":"7a89eab7-386d-4a81-b6b6-42c70712b07b","local_time":"20190916000102","is_ascension_mode":false,"campfire_choices":[{"data":"Flechettes","floor":6.0,"key":"SMITH"},{"data":"Calculated Gamble","floor":8.0,"key":"SMITH"},{"data":"Tactician","floor":15.0,"key":"SMITH"},{"data":"Acrobatics","floor":23.0,"key":"SMITH"},{"floor":27.0,"key":"RECALL"},{"data":"Prepared","floor":32.0,"key":"SMITH"},{"data":"Reflex","floor":44.0,"key":"SMITH"},{"data":"Purity","floor":46.0,"key":"SMITH"},{"data":"Grand Finale","floor":49.0,"key":"SMITH"},{"data":"A Thousand Cuts","floor":55.0,"key":"SMITH"},{"data":"Neutralize","floor":57.0,"key":"SMITH"}],"neow_cost":"NO_GOLD","seed_source_timestamp":178807150560100,"circlet_count":0,"master_deck":["Defend_G","Defend_G","Survivor","Neutralize+1","Calculated Gamble+1","Escape Plan","Acrobatics+1","Tactician+1","Grand Finale+1","Backflip","A Thousand Cuts+1","Escape Plan","Escape Plan","Purity+1","Prepared+1","Reflex+1"],"special_seed":0,"relics":["Ring of the Snake","Centennial Puzzle","The Courier","Golden Idol","Philosopher\u0027s Stone","Oddly Smooth Stone","Vajra","MawBank","Tiny House","Mummified Hand","StoneCalendar","Snake Skull","paleoftheancients:Timepiece","Gremlin Horn","CultistMask","OrangePellets","Medical Kit"],"potions_floor_usage":[60,60],"damage_taken":[{"damage":0.0,"enemies":"Small Slimes","floor":1.0,"turns":3.0},{"damage":4.0,"enemies":"Cultist","floor":3.0,"turns":4.0},{"damage":0.0,"enemies":"2 Louse","floor":4.0,"turns":3.0},{"damage":0.0,"enemies":"Looter","floor":5.0,"turns":4.0},{"damage":0.0,"enemies":"Large Slime","floor":7.0,"turns":6.0},{"damage":32.0,"enemies":"Lagavulin","floor":11.0,"turns":7.0},{"damage":7.0,"enemies":"Exordium Wildlife","floor":14.0,"turns":3.0},{"damage":4.0,"enemies":"Hexaghost","floor":16.0,"turns":6.0},{"damage":0.0,"enemies":"Chosen","floor":18.0,"turns":4.0},{"damage":0.0,"enemies":"Spheric Guardian","floor":21.0,"turns":2.0},{"damage":0.0,"enemies":"Book of Stabbing","floor":24.0,"turns":4.0},{"damage":4.0,"enemies":"Snake Plant","floor":25.0,"turns":2.0},{"damage":0.0,"enemies":"Centurion and Healer","floor":28.0,"turns":1.0},{"damage":9.0,"enemies":"Gremlin Leader","floor":29.0,"turns":4.0},{"damage":0.0,"enemies":"3 Cultists","floor":31.0,"turns":2.0},{"damage":0.0,"enemies":"Collector","floor":33.0,"turns":2.0},{"damage":0.0,"enemies":"3 Darklings","floor":35.0,"turns":2.0},{"damage":0.0,"enemies":"Orb Walker","floor":36.0,"turns":2.0},{"damage":0.0,"enemies":"Maw","floor":39.0,"turns":2.0},{"damage":0.0,"enemies":"Nemesis","floor":40.0,"turns":3.0},{"damage":0.0,"enemies":"2 Orb Walkers","floor":45.0,"turns":1.0},{"damage":0.0,"enemies":"Giant Head","floor":47.0,"turns":1.0},{"damage":0.0,"enemies":"Sphere and 2 Shapes","floor":48.0,"turns":1.0},{"damage":0.0,"enemies":"Awakened One","floor":50.0,"turns":2.0},{"damage":0.0,"enemies":"Awakened One","floor":51.0,"turns":2.0},{"damage":0.0,"enemies":"Awakened One","floor":52.0,"turns":2.0},{"damage":0.0,"enemies":"Awakened One","floor":56.0,"turns":7.0},{"damage":0,"enemies":"paleoftheancients:N","floor":60,"turns":2}],"seed_played":"-6915789514536678102","potions_obtained":[{"floor":7.0,"key":"FearPotion"},{"floor":11.0,"key":"Fire Potion"},{"floor":14.0,"key":"SteroidPotion"},{"floor":18.0,"key":"DuplicationPotion"},{"floor":25.0,"key":"Swift Potion"},{"floor":56.0,"key":"Dexterity Potion"}],"is_trial":false,"path_per_floor":["M","?","M","M","M","R","M","R","T","?","E","$","?","M","R","B",null,"M","?","?","M","?","R","E","M","T","R","M","E","$","M","R","B",null,"M","M","$","?","M","E","?","$","T","R","?","R","E","M","R","B","M","M","?","$","R","M","R","$","?","B",null],"character_chosen":"THE_SILENT","items_purchased":["Acrobatics","Cloak And Dagger","Tactician","Grand Finale","Purity","Prepared","OrangePellets","Medical Kit"],"campfire_rested":0,"item_purchase_floors":[12,12,12,12,30,30,54,58],"current_hp_per_floor":[70,70,66,66,66,66,66,66,66,55,23,23,23,16,16,12,65,65,65,65,65,65,65,65,61,61,61,61,52,52,52,52,52,70,70,70,70,66,66,66,66,66,66,66,66,66,66,66,66,66,66,66,66,66,66,66,66,66,66,66],"gold":6,"neow_bonus":"REMOVE_TWO","is_prod":false,"is_daily":false,"chose_seed":false,"campfire_upgraded":10,"win_rate":0,"timestamp":1568563262,"path_taken":["M","?","M","?","M","R","M","R","T","?","E","$","?","M","R","BOSS","M","?","?","M","?","R","E","M","T","R","M","E","$","M","R","BOSS","M","M","$","?","M","E","?","$","T","R","?","R","E","M","R","BOSS","M","M","?","$","R","M","R","$","?","BOSS"],"build_version":"2019-09-12","purchased_purges":5,"victory":true,"max_hp_per_floor":[70,70,70,70,70,70,70,70,70,70,70,70,65,65,65,65,65,65,65,65,65,65,65,65,65,65,65,65,65,65,65,65,65,70,70,70,70,66,66,66,66,66,66,66,66,66,66,66,66,66,66,66,66,66,66,66,66,66,66,66],"card_choices":[{"not_picked":["Acrobatics","Poisoned Stab","Choke"],"picked":"SKIP","floor":1.0},{"not_picked":["Skewer","Slice"],"picked":"Calculated Gamble","floor":3.0},{"not_picked":["Footwork","PiercingWail"],"picked":"Flechettes","floor":4.0},{"not_picked":["Calculated Gamble","All Out Attack","Slice"],"picked":"SKIP","floor":5.0},{"not_picked":["Deflect","Poisoned Stab","Underhanded Strike"],"picked":"SKIP","floor":7.0},{"not_picked":["Masterful Stab","Phantasmal Killer"],"picked":"Escape Plan","floor":11.0},{"not_picked":["Accuracy","Underhanded Strike"],"picked":"Backflip","floor":14.0},{"not_picked":["Accuracy","Bane","Catalyst"],"picked":"SKIP","floor":18.0},{"not_picked":["Accuracy","Deflect"],"picked":"Escape Plan","floor":21.0},{"not_picked":["Crippling Poison+1","Sucker Punch","Deflect"],"picked":"SKIP","floor":24.0},{"not_picked":["Deadly Poison+1","Sucker Punch+1"],"picked":"Escape Plan","floor":25.0},{"not_picked":["Deflect","Backflip","Acrobatics"],"picked":"SKIP","floor":28.0},{"not_picked":["Deflect","Backflip","Acrobatics"],"picked":"SKIP","floor":28.0},{"not_picked":["Deflect","Riddle With Holes","Underhanded Strike+1"],"picked":"SKIP","floor":29.0},{"not_picked":["Quick Slash","All Out Attack"],"picked":"Reflex","floor":31.0},{"not_picked":["Bouncing Flask","Tactician+1","Dagger Throw+1"],"picked":"SKIP","floor":35.0},{"not_picked":["Flechettes+1","Backflip","Endless Agony"],"picked":"SKIP","floor":36.0},{"not_picked":["Noxious Fumes","Endless Agony","Tactician"],"picked":"SKIP","floor":39.0},{"not_picked":["Sucker Punch","Night Terror","Poisoned Stab+1"],"picked":"SKIP","floor":40.0},{"not_picked":["Tools of the Trade","Caltrops+1","Dagger Throw"],"picked":"SKIP","floor":47.0},{"not_picked":["PiercingWail+1","Riddle With Holes+1","Dodge and Roll"],"picked":"SKIP","floor":48.0},{"not_picked":["Dagger Throw","Deflect","Eviscerate"],"picked":"SKIP","floor":51.0},{"not_picked":["Sucker Punch+1","Outmaneuver","Deadly Poison"],"picked":"SKIP","floor":52.0},{"not_picked":["Cloak And Dagger","Endless Agony+1","Deadly Poison+1"],"picked":"SKIP","floor":56.0}],"player_experience":975745,"relics_obtained":[{"floor":9.0,"key":"Centennial Puzzle"},{"floor":11.0,"key":"The Courier"},{"floor":24.0,"key":"Oddly Smooth Stone"},{"floor":26.0,"key":"Vajra"},{"floor":29.0,"key":"MawBank"},{"floor":40.0,"key":"Mummified Hand"},{"floor":45.0,"key":"StoneCalendar"},{"floor":47.0,"key":"Snake Skull"}],"event_choices":[{"damage_healed":0.0,"max_hp_gain":0.0,"max_hp_loss":0.0,"gold_gain":100.0,"event_name":"Golden Shrine","player_choice":"Pray","floor":2.0,"gold_loss":0.0,"damage_taken":0.0},{"damage_healed":0.0,"max_hp_gain":0.0,"max_hp_loss":0.0,"gold_gain":75.0,"event_name":"World of Goop","player_choice":"Gather Gold","floor":10.0,"gold_loss":0.0,"damage_taken":11.0},{"damage_healed":0.0,"max_hp_gain":0.0,"max_hp_loss":5.0,"gold_gain":0.0,"event_name":"Golden Idol","player_choice":"Lose Max HP","floor":13.0,"gold_loss":0.0,"damage_taken":0.0,"relics_obtained":["Golden Idol"]},{"damage_healed":0.0,"max_hp_gain":0.0,"max_hp_loss":0.0,"gold_gain":0.0,"cards_transformed":["Cloak And Dagger","Strike_G"],"event_name":"Drug Dealer","player_choice":"Became Test Subject","floor":19.0,"gold_loss":0.0,"damage_taken":0.0,"cards_obtained":["A Thousand Cuts","All Out Attack"]},{"damage_healed":0.0,"max_hp_gain":0.0,"max_hp_loss":0.0,"gold_gain":0.0,"event_name":"Ghosts","player_choice":"Ignored","floor":20.0,"gold_loss":0.0,"damage_taken":0.0},{"cards_removed":["Strike_G"],"damage_healed":0.0,"max_hp_gain":0.0,"max_hp_loss":0.0,"gold_gain":0.0,"event_name":"Beggar","player_choice":"Gave Gold","floor":22.0,"gold_loss":75.0,"damage_taken":0.0},{"damage_healed":0.0,"max_hp_gain":0.0,"max_hp_loss":4.0,"gold_gain":0.0,"event_name":"Winding Halls","player_choice":"Max HP","floor":38.0,"gold_loss":0.0,"damage_taken":0.0},{"cards_removed":["Defend_G"],"damage_healed":0.0,"max_hp_gain":0.0,"max_hp_loss":0.0,"gold_gain":0.0,"event_name":"Falling","player_choice":"Removed Skill","floor":41.0,"gold_loss":0.0,"damage_taken":0.0},{"damage_healed":0.0,"max_hp_gain":0.0,"max_hp_loss":0.0,"gold_gain":0.0,"event_name":"Mysterious Sphere","player_choice":"Fight","floor":45.0,"gold_loss":0.0,"damage_taken":0.0},{"damage_healed":0.0,"max_hp_gain":0.0,"max_hp_loss":0.0,"gold_gain":100.0,"event_name":"Golden Shrine","player_choice":"Pray","floor":53.0,"gold_loss":0.0,"damage_taken":0.0}],"is_beta":true,"boss_relics":[{"not_picked":["Cursed Key","Sozu"],"picked":"Philosopher\u0027s Stone"},{"not_picked":["Fusion Hammer","Runic Dome"],"picked":"Tiny House"}],"items_purged_floors":[12,30,37,42,54],"is_endless":false,"potions_floor_spawned":[7,11,14,18,25,28,36,40,45,56,60],"ascension_level":0}