{"gold_per_floor":[118,118,168,182,198,198,198,198,266,316,333,333,333,172,172,249,249,259,174,185,185,203,203,232,244,280,304,316,2,2,27,27,101,101,111,123,135,10,0,33,33,33,33,63,82,108,108,142,142,142,142,142,142,142,177,177],"floor_reached":57,"playtime":2058,"items_purged":["Slice","Dagger Spray+1","Flechettes+1"],"score":3323,"play_id":"fed2e634-88ff-4da2-87dc-6c4bdc46a698","local_time":"20190822224148","is_ascension_mode":true,"campfire_choices":[{"data":"Bullet Time","floor":6.0,"key":"SMITH"},{"data":"Flechettes","floor":8.0,"key":"SMITH"},{"data":"Neutralize","floor":12.0,"key":"SMITH"},{"data":"Noxious Fumes","floor":15.0,"key":"SMITH"},{"data":"Prepared","floor":23.0,"key":"SMITH"},{"floor":28.0,"key":"RECALL"},{"data":"Grand Finale","floor":32,"key":"SMITH"},{"data":"Acrobatics","floor":42,"key":"SMITH"},{"data":"Well Laid Plans","floor":47,"key":"SMITH"},{"data":"Backflip","floor":49,"key":"SMITH"},{"data":"Escape Plan","floor":53,"key":"SMITH"}],"neow_cost":"NONE","seed_source_timestamp":651470175708500,"circlet_count":0,"master_deck":["AscendersBane","Survivor+1","Neutralize+1","Grand Finale+1","Malaise+1","Leg Sweep","Escape Plan+1","Backflip+1","Corpse Explosion+1","Bullet Time+1","Escape Plan+1","Noxious Fumes+1","Prepared+1","Adrenaline","Acrobatics+1","Well Laid Plans+1","Calculated Gamble+1","Well Laid Plans+1"],"special_seed":0,"relics":["Pandora\u0027s Box","Sundial","Eternal Feather","Pantograph","MawBank","Ancient Tea Set","TheAbacus","Orrery","Red Mask","Dodecahedron","Boot","Pear","The Specimen","Orichalcum","War Paint"],"potions_floor_usage":[46,56,56],"damage_taken":[{"damage":7.0,"enemies":"2 Louse","floor":1.0,"turns":2.0},{"damage":7.0,"enemies":"Small Slimes","floor":4.0,"turns":3.0},{"damage":4.0,"enemies":"Cultist","floor":5.0,"turns":3.0},{"damage":3.0,"enemies":"3 Louse","floor":11.0,"turns":2.0},{"damage":10.0,"enemies":"Slime Boss","floor":16.0,"turns":7.0},{"damage":8.0,"enemies":"Spheric Guardian","floor":18.0,"turns":4.0},{"damage":7.0,"enemies":"Shell Parasite","floor":20.0,"turns":6.0},{"damage":2.0,"enemies":"Centurion and Healer","floor":22.0,"turns":6.0},{"damage":0.0,"enemies":"Gremlin Leader","floor":24.0,"turns":5.0},{"damage":0.0,"enemies":"Cultist and Chosen","floor":27.0,"turns":3.0},{"damage":0,"enemies":"Automaton","floor":33,"turns":4},{"damage":0,"enemies":"3 Shapes","floor":35,"turns":2},{"damage":7,"enemies":"Orb Walker","floor":36,"turns":4},{"damage":10,"enemies":"Jaw Worm Horde","floor":37,"turns":3},{"damage":0,"enemies":"Giant Head","floor":40,"turns":3},{"damage":0,"enemies":"Reptomancer","floor":44,"turns":1},{"damage":0,"enemies":"Transient","floor":45,"turns":6},{"damage":0,"enemies":"Nemesis","floor":46,"turns":2},{"damage":0,"enemies":"Reptomancer","floor":48,"turns":2},{"damage":3,"enemies":"Awakened One","floor":50,"turns":3},{"damage":0,"enemies":"Donu and Deca","floor":51,"turns":3},{"damage":0,"enemies":"Shield and Spear","floor":55,"turns":2},{"damage":7,"enemies":"The Heart","floor":56,"turns":6}],"seed_played":"4908493875859371436","potions_obtained":[{"floor":5.0,"key":"EntropicBrew"},{"floor":24.0,"key":"Swift Potion"},{"floor":33,"key":"EssenceOfSteel"},{"floor":45,"key":"GhostInAJar"},{"floor":46,"key":"EssenceOfSteel"}],"is_trial":false,"path_per_floor":["M","?","?","M","M","R","?","R","T","?","M","R","?","$","R","B",null,"M","?","M","?","M","R","E","?","T","M","R","$","?","T","R","B",null,"M","M","M","$","?","E","$","R","T","E","M","E","R","E","R","B","B",null,"R","$","E","B",null],"character_chosen":"THE_SILENT","items_purchased":["Noxious Fumes","TheAbacus"],"campfire_rested":0,"item_purchase_floors":[14,29],"current_hp_per_floor":[52,52,52,45,41,41,21,21,21,21,18,18,40,40,40,30,57,49,49,42,42,40,49,49,49,49,49,58,58,58,58,64,66,66,66,59,49,49,49,49,49,58,58,68,68,68,76,76,76,73,76,76,76,76,76,69],"gold":177,"neow_bonus":"BOSS_RELIC","is_prod":false,"is_daily":false,"chose_seed":false,"campfire_upgraded":10,"win_rate":0,"timestamp":1566484908,"path_taken":["M","?","?","M","?","R","?","R","T","?","?","R","?","?","R","BOSS","M","?","M","?","M","R","E","?","T","?","R","$","?","?","R","BOSS","M","M","M","$","?","E","$","R","T","E","M","E","R","E","R","BOSS","BOSS","R","$","E","BOSS"],"build_version":"2019-07-17","purchased_purges":3,"victory":true,"max_hp_per_floor":[66,66,66,66,66,66,66,66,66,66,66,66,66,66,66,66,66,66,66,66,66,66,66,66,66,66,66,66,66,66,66,66,66,66,66,66,66,66,66,66,66,66,66,76,76,76,76,76,76,76,76,76,76,76,76,76],"card_choices":[{"not_picked":["Underhanded Strike","Prepared","Flechettes"],"picked":"SKIP","floor":1.0},{"not_picked":["Slice","Accuracy"],"picked":"Escape Plan","floor":4.0},{"not_picked":["Blade Dance","Setup","Leg Sweep"],"picked":"SKIP","floor":5.0},{"not_picked":["Blade Dance","Setup","Leg Sweep"],"picked":"SKIP","floor":5.0},{"not_picked":["Dodge and Roll","Distraction","Sucker Punch"],"picked":"SKIP","floor":11.0},{"not_picked":["Dodge and Roll","Distraction","Sucker Punch"],"picked":"SKIP","floor":11.0},{"not_picked":["Endless Agony","Quick Slash","Noxious Fumes"],"picked":"SKIP","floor":18.0},{"not_picked":["Masterful Stab","Leg Sweep"],"picked":"Prepared","floor":20.0},{"not_picked":["Sucker Punch","Tactician","Deflect"],"picked":"SKIP","floor":22.0},{"not_picked":["Slice","Dash","Corpse Explosion"],"picked":"SKIP","floor":24.0},{"not_picked":["Underhanded Strike","Dash+1","Setup+1"],"picked":"SKIP","floor":27.0},{"not_picked":["Storm of Steel","Malaise"],"picked":"Adrenaline","floor":33},{"not_picked":["Leg Sweep","Deflect"],"picked":"Acrobatics","floor":34},{"not_picked":["Crippling Poison","Poisoned Stab"],"picked":"Well Laid Plans","floor":34},{"not_picked":["Backstab","Wraith Form v2","Flying Knee"],"picked":"SKIP","floor":35},{"not_picked":["Dagger Throw+1","Backflip","Deadly Poison+1"],"picked":"SKIP","floor":36},{"not_picked":["Blur","Backflip","Dash"],"picked":"SKIP","floor":37},{"not_picked":["Distraction","Well Laid Plans","Prepared"],"picked":"SKIP","floor":40},{"not_picked":["Blade Dance","Dagger Spray"],"picked":"Calculated Gamble+1","floor":44},{"not_picked":["Eviscerate","Outmaneuver","Corpse Explosion"],"picked":"SKIP","floor":45},{"not_picked":["Sucker Punch","Bane","Blade Dance"],"picked":"SKIP","floor":46},{"not_picked":["Cloak And Dagger","Infinite Blades+1","Night Terror"],"picked":"SKIP","floor":48},{"not_picked":["Glass Knife","Deflect"],"picked":"Well Laid Plans+1","floor":55}],"player_experience":869273,"relics_obtained":[{"floor":9.0,"key":"Sundial"},{"floor":24.0,"key":"MawBank"},{"floor":26.0,"key":"Ancient Tea Set"},{"floor":40,"key":"Dodecahedron"},{"floor":43,"key":"Boot"},{"floor":44,"key":"Pear"},{"floor":46,"key":"The Specimen"},{"floor":48,"key":"Orichalcum"},{"floor":55,"key":"War Paint"}],"event_choices":[{"damage_healed":0.0,"max_hp_gain":0.0,"max_hp_loss":0.0,"gold_gain":0.0,"cards_transformed":["Eviscerate"],"event_name":"Living Wall","player_choice":"Change","floor":2.0,"gold_loss":0.0,"damage_taken":0.0,"cards_obtained":["Bullet Time"]},{"damage_healed":0.0,"max_hp_gain":0.0,"max_hp_loss":0.0,"gold_gain":50.0,"event_name":"Golden Shrine","player_choice":"Pray","floor":3.0,"gold_loss":0.0,"damage_taken":0.0},{"damage_healed":0.0,"max_hp_gain":0.0,"max_hp_loss":0.0,"gold_gain":0.0,"event_name":"Shining Light","player_choice":"Entered Light","floor":7.0,"gold_loss":0.0,"damage_taken":20.0,"cards_upgraded":["Dagger Spray","Escape Plan"]},{"damage_healed":0.0,"max_hp_gain":0.0,"max_hp_loss":0.0,"gold_gain":50.0,"event_name":"Golden Shrine","player_choice":"Pray","floor":10.0,"gold_loss":0.0,"damage_taken":0.0},{"damage_healed":22.0,"max_hp_gain":0.0,"max_hp_loss":0.0,"gold_gain":0.0,"event_name":"Big Fish","player_choice":"Banana","floor":13.0,"gold_loss":0.0,"damage_taken":0.0},{"damage_healed":0.0,"max_hp_gain":0.0,"max_hp_loss":0.0,"gold_gain":0.0,"event_name":"Addict","player_choice":"Obtained Relic","floor":19.0,"gold_loss":85.0,"damage_taken":0.0,"relics_obtained":["Pantograph"]},{"damage_healed":0.0,"max_hp_gain":0.0,"max_hp_loss":0.0,"gold_gain":0.0,"event_name":"Ghosts","player_choice":"Ignored","floor":21.0,"gold_loss":0.0,"damage_taken":0.0},{"damage_healed":0.0,"max_hp_gain":0.0,"max_hp_loss":0.0,"gold_gain":0.0,"event_name":"Accursed Blacksmith","player_choice":"Forge","floor":25.0,"gold_loss":0.0,"damage_taken":0.0,"cards_upgraded":["Malaise"]},{"damage_healed":0.0,"max_hp_gain":0.0,"max_hp_loss":0.0,"gold_gain":0.0,"event_name":"Vampires","player_choice":"Ignored","floor":30.0,"gold_loss":0.0,"damage_taken":0.0},{"damage_healed":0,"gold_gain":0,"player_choice":"Paid","damage_taken":0,"relics_obtained":["Red Mask"],"max_hp_gain":0,"max_hp_loss":0,"event_name":"Tomb of Lord Red Mask","floor":39,"gold_loss":10}],"is_beta":false,"boss_relics":[{"not_picked":["Cursed Key","Lizard Tail"],"picked":"Eternal Feather"},{"not_picked":["Philosopher\u0027s Stone","Runic Dome"],"picked":"Orrery"}],"items_purged_floors":[14,29,38],"is_endless":false,"potions_floor_spawned":[5,16,22,24,33,36,40,45,46],"ascension_level":20}