{"gold_per_floor":[110,127,49,64,64,64,89,89,158,158,233,247,280,249,249,344,344,327,327,29,43,62,95,45,22,22,22,41,41,71,71,71,166,166,178,178,13,113,124,159,172,172,224,13,44,64,64,45,45,45],"floor_reached":51,"playtime":3514,"items_purged":["Pain","Strike_G"],"score":1136,"play_id":"c44ee522-1fc9-49c0-a74a-cde4e6d6a322","local_time":"20190917183403","is_ascension_mode":true,"campfire_choices":[{"data":"Footwork","floor":6.0,"key":"SMITH"},{"floor":8.0,"key":"REST"},{"data":"Neutralize","floor":10.0,"key":"SMITH"},{"data":"Glass Knife","floor":15.0,"key":"SMITH"},{"floor":29.0,"key":"REST"},{"floor":32.0,"key":"REST"},{"data":"Noxious Fumes","floor":47.0,"key":"SMITH"},{"floor":49.0,"key":"REST"}],"neow_cost":"NONE","seed_source_timestamp":0,"circlet_count":0,"master_deck":["AscendersBane","Strike_G","Defend_G","Defend_G","Defend_G","Defend_G","Defend_G","Survivor","Neutralize+1","Quick Slash","Backflip","Dodge and Roll","Footwork+1","Dagger Spray","Terror","Glass Knife+1","Malaise","Deadly Poison","Infinite Blades","Backstab+1","Wraith Form v2+1","Deadly Poison","After Image","Noxious Fumes+1","Burst","Crippling Poison+1","Dash","Choke","Bouncing Flask","Noxious Fumes","PiercingWail+1","Noxious Fumes"],"special_seed":0,"relics":["Ring of the Snake","Pen Nib","Sundial","Darkstone Periapt","Mummified Hand","Velvet Choker","WarpedTongs","Membership Card","Peace Pipe","Vajra","Anchor","Snecko Eye","Mercury Hourglass","Tough Bandages","Unceasing Top","Art of War","Regal Pillow","Tingsha"],"potions_floor_usage":[50],"damage_taken":[{"damage":0.0,"enemies":"Cultist","floor":1.0,"turns":5.0},{"damage":0.0,"enemies":"2 Louse","floor":2.0,"turns":4.0},{"damage":0.0,"enemies":"Jaw Worm","floor":4.0,"turns":7.0},{"damage":25.0,"enemies":"3 Sentries","floor":7.0,"turns":10.0},{"damage":0.0,"enemies":"Looter","floor":12.0,"turns":4.0},{"damage":13.0,"enemies":"Gremlin Nob","floor":13.0,"turns":5.0},{"damage":13.0,"enemies":"Slime Boss","floor":16.0,"turns":22.0},{"damage":9.0,"enemies":"2 Thieves","floor":18.0,"turns":4.0},{"damage":8.0,"enemies":"Shell Parasite","floor":21.0,"turns":5.0},{"damage":0.0,"enemies":"3 Cultists","floor":22.0,"turns":4.0},{"damage":5.0,"enemies":"Slavers","floor":23.0,"turns":6.0},{"damage":8.0,"enemies":"Snake Plant","floor":28.0,"turns":3.0},{"damage":9.0,"enemies":"Gremlin Leader","floor":30.0,"turns":5.0},{"damage":54.0,"enemies":"Champ","floor":33.0,"turns":13.0},{"damage":0.0,"enemies":"3 Darklings","floor":35.0,"turns":5.0},{"damage":6.0,"enemies":"Mind Bloom Boss Battle","floor":38.0,"turns":6.0},{"damage":1.0,"enemies":"Orb Walker","floor":39.0,"turns":3.0},{"damage":8.0,"enemies":"Giant Head","floor":40.0,"turns":9.0},{"damage":0.0,"enemies":"Sphere and 2 Shapes","floor":41.0,"turns":7.0},{"damage":0.0,"enemies":"Reptomancer","floor":45.0,"turns":5.0},{"damage":0.0,"enemies":"3 Darklings","floor":46.0,"turns":3.0},{"damage":19,"enemies":"Donu and Deca","floor":50,"turns":8}],"seed_played":"-3976340495686642130","potions_obtained":[{"floor":4.0,"key":"FairyPotion"},{"floor":7.0,"key":"Explosive Potion"},{"floor":13.0,"key":"GamblersBrew"},{"floor":21.0,"key":"GamblersBrew"},{"floor":23.0,"key":"EssenceOfSteel"},{"floor":33.0,"key":"PowerPotion"},{"floor":45.0,"key":"GamblersBrew"}],"is_trial":false,"path_per_floor":["M","M","$","M","?","R","E","R","T","R","T","M","E","?","R","B",null,"M","?","$","M","M","E","$","$","T","?","M","R","E","?","R","B",null,"M","?","$","?","M","E","M","?","T","$","E","M","R","$","R","B",null],"character_chosen":"THE_SILENT","items_purchased":["Footwork","Membership Card","Deadly Poison","Deadly Poison","Mercury Hourglass","Noxious Fumes","Dash","Choke","Bouncing Flask","Noxious Fumes","Regal Pillow","Noxious Fumes"],"campfire_rested":4,"item_purchase_floors":[3,20,20,25,37,37,44,44,44,44,44,48],"current_hp_per_floor":[63,63,63,63,63,63,38,59,59,59,59,59,46,46,46,33,61,52,58,58,50,50,45,45,45,45,45,37,59,50,36,60,6,62,62,62,62,56,55,47,47,47,47,47,47,47,47,47,81,62],"gold":45,"neow_bonus":"TRANSFORM_CARD","is_prod":false,"is_daily":false,"chose_seed":false,"campfire_upgraded":4,"win_rate":0,"timestamp":1568770443,"path_taken":["M","?","$","M","?","R","E","R","T","R","?","M","E","?","R","BOSS","M","?","$","M","?","E","?","$","T","?","?","R","E","?","R","BOSS","M","?","?","?","M","E","?","?","T","$","E","M","R","$","R","BOSS"],"build_version":"2019-07-17","purchased_purges":2,"victory":true,"max_hp_per_floor":[70,70,70,70,70,70,70,70,70,70,70,70,70,70,70,70,70,70,76,76,76,76,76,76,76,76,76,76,76,76,81,81,81,81,81,81,81,81,81,81,81,81,81,81,81,81,81,81,81,81],"card_choices":[{"not_picked":["Dagger Throw","Bane"],"picked":"Backflip","floor":1.0},{"not_picked":["Outmaneuver","Deflect"],"picked":"Dodge and Roll","floor":2.0},{"not_picked":["Reflex","Cloak And Dagger"],"picked":"Dagger Spray","floor":4.0},{"not_picked":["All Out Attack","Slice","Blade Dance"],"picked":"SKIP","floor":7.0},{"not_picked":["Sucker Punch","Calculated Gamble"],"picked":"Terror","floor":12.0},{"not_picked":["Acrobatics","Cloak And Dagger"],"picked":"Glass Knife","floor":13.0},{"not_picked":["Glass Knife","Venomology"],"picked":"Malaise","floor":16.0},{"not_picked":["Cloak And Dagger","Dodge and Roll","Bouncing Flask"],"picked":"SKIP","floor":18.0},{"not_picked":["Backflip","Riddle With Holes"],"picked":"Infinite Blades","floor":21.0},{"not_picked":["Infinite Blades+1","Flying Knee"],"picked":"Backstab+1","floor":22.0},{"not_picked":["All Out Attack","Infinite Blades+1"],"picked":"Wraith Form v2","floor":23.0},{"not_picked":["Dagger Spray+1","Catalyst","Blade Dance+1"],"picked":"SKIP","floor":28.0},{"not_picked":["Infinite Blades","Expertise","Underhanded Strike+1"],"picked":"SKIP","floor":30.0},{"not_picked":["Unload","Malaise"],"picked":"After Image","floor":33.0},{"not_picked":["Flying Knee","Dagger Throw+1","Prepared"],"picked":"SKIP","floor":35.0},{"not_picked":["Dagger Throw","Slice+1"],"picked":"Burst","floor":38.0},{"not_picked":["Escape Plan+1","Underhanded Strike","Blade Dance+1"],"picked":"SKIP","floor":39.0},{"not_picked":["Flying Knee+1","Deflect+1","Dagger Throw+1"],"picked":"SKIP","floor":40.0},{"not_picked":["Backflip+1","Bouncing Flask+1"],"picked":"Crippling Poison+1","floor":41.0},{"not_picked":["Concentrate","Blade Dance"],"picked":"PiercingWail+1","floor":45.0},{"not_picked":["Underhanded Strike+1","Doppelganger","Cloak And Dagger+1"],"picked":"SKIP","floor":46.0}],"player_experience":324236,"relics_obtained":[{"floor":7.0,"key":"Pen Nib"},{"floor":9.0,"key":"Sundial"},{"floor":11.0,"key":"Darkstone Periapt"},{"floor":13.0,"key":"Mummified Hand"},{"floor":23.0,"key":"Peace Pipe"},{"floor":26.0,"key":"Vajra"},{"floor":30.0,"key":"Anchor"},{"floor":38.0,"key":"Tough Bandages"},{"floor":40.0,"key":"Unceasing Top"},{"floor":43.0,"key":"Art of War"},{"floor":45.0,"key":"Tingsha"}],"event_choices":[{"cards_removed":["Strike_G"],"damage_healed":0.0,"max_hp_gain":0.0,"max_hp_loss":0.0,"gold_gain":0.0,"event_name":"Living Wall","player_choice":"Forget","floor":5.0,"gold_loss":0.0,"damage_taken":0.0},{"damage_healed":0.0,"max_hp_gain":0.0,"max_hp_loss":0.0,"gold_gain":0.0,"event_name":"World of Goop","player_choice":"Left Gold","floor":14.0,"gold_loss":31.0,"damage_taken":0.0},{"damage_healed":0.0,"max_hp_gain":0.0,"max_hp_loss":0.0,"gold_gain":0.0,"event_name":"Accursed Blacksmith","player_choice":"Rummage","floor":19.0,"gold_loss":0.0,"damage_taken":0.0,"relics_obtained":["WarpedTongs"],"cards_obtained":["Pain"]},{"damage_healed":0.0,"max_hp_gain":0.0,"max_hp_loss":0.0,"gold_gain":0.0,"event_name":"Upgrade Shrine","player_choice":"Upgraded","floor":27.0,"gold_loss":0.0,"damage_taken":0.0,"cards_upgraded":["Wraith Form v2"]},{"damage_healed":0.0,"max_hp_gain":5.0,"max_hp_loss":0.0,"gold_gain":0.0,"event_name":"Forgotten Altar","player_choice":"Shed Blood","floor":31.0,"gold_loss":0.0,"damage_taken":19.0},{"cards_removed":["Strike_G"],"damage_healed":0.0,"max_hp_gain":0.0,"max_hp_loss":0.0,"gold_gain":0.0,"event_name":"Bonfire Elementals","player_choice":"Offered Basic","floor":36.0,"gold_loss":0.0,"damage_taken":0.0},{"damage_healed":0.0,"max_hp_gain":0.0,"max_hp_loss":0.0,"gold_gain":0.0,"event_name":"MindBloom","player_choice":"Fight","floor":38.0,"gold_loss":0.0,"damage_taken":0.0},{"damage_healed":0.0,"max_hp_gain":0.0,"max_hp_loss":0.0,"gold_gain":0.0,"event_name":"Tomb of Lord Red Mask","player_choice":"Ignored","floor":42.0,"gold_loss":0.0,"damage_taken":0.0}],"is_beta":false,"boss_relics":[{"not_picked":["White Beast Statue","Tiny House"],"picked":"Velvet Choker"},{"not_picked":["Pandora\u0027s Box","HoveringKite"],"picked":"Snecko Eye"}],"items_purged_floors":[20,24],"is_endless":false,"potions_floor_spawned":[4,7,13,21,23,30,33,35,40,45],"ascension_level":10}