{"gold_per_floor":[117,117,134,144,159,193,212,232,232,232,251,267,285,296,296,396,396,411,430,162,162,181,181,181,181,205,205,236,249,284,301,301,400,400,415,433,433,6,20,20,37,51,119,132,132,232,232,248,248,248],"floor_reached":51,"playtime":5395,"items_purged":["Well Laid Plans"],"score":649,"play_id":"9b2a377b-0b3c-4503-b083-34339e2edcfd","local_time":"20190824203058","is_ascension_mode":false,"campfire_choices":[{"floor":10,"key":"REST"},{"floor":15,"key":"REST"},{"floor":24,"key":"REST"},{"floor":27,"key":"REST"},{"floor":32,"key":"REST"},{"floor":40,"key":"REST"},{"floor":45,"key":"REST"},{"floor":49,"key":"REST"}],"neow_cost":"NONE","seed_source_timestamp":29784157352744,"circlet_count":0,"master_deck":["Strike_G","Strike_G","Strike_G","Strike_G","Defend_G","Defend_G","Defend_G","Defend_G","Survivor","Neutralize","Die Die Die","Deadly Poison","Noxious Fumes","Quick Slash","Bullet Time","Deadly Poison","Escape Plan","Footwork","Catalyst","Backflip","Die Die Die","Backflip+1","Sucker Punch+1","Burst","Terror","Noxious Fumes","Noxious Fumes","Flying Knee","Calculated Gamble","Malaise","Deflect+1","Caltrops","Outmaneuver+1","Footwork"],"relics":["Ring of the Snake","Bottled Lightning","Boot","Runic Pyramid","Lantern","Bird Faced Urn","Blood Vial","Velvet Choker","Potion Belt","Medical Kit","Bottled Tornado","Tingsha"],"potions_floor_usage":[16,18,29,30,33,33,33,42,50,50,50,50],"damage_taken":[{"damage":0,"enemies":"Small Slimes","floor":1,"turns":2},{"damage":0,"enemies":"Cultist","floor":3,"turns":3},{"damage":0,"enemies":"2 Louse","floor":4,"turns":2},{"damage":7,"enemies":"Blue Slaver","floor":5,"turns":3},{"damage":25,"enemies":"3 Sentries","floor":6,"turns":6},{"damage":0,"enemies":"2 Fungi Beasts","floor":7,"turns":3},{"damage":4,"enemies":"Red Slaver","floor":8,"turns":3},{"damage":8,"enemies":"Lots of Slimes","floor":11,"turns":3},{"damage":2,"enemies":"Blue Slaver","floor":12,"turns":4},{"damage":0,"enemies":"3 Louse","floor":13,"turns":4},{"damage":1,"enemies":"Large Slime","floor":14,"turns":5},{"damage":50,"enemies":"Slime Boss","floor":16,"turns":12},{"damage":19,"enemies":"Spheric Guardian","floor":18,"turns":6},{"damage":13,"enemies":"3 Byrds","floor":19,"turns":4},{"damage":10,"enemies":"Snake Plant","floor":22,"turns":3},{"damage":33,"enemies":"Gremlin Leader","floor":28,"turns":5},{"damage":8,"enemies":"Cultist and Chosen","floor":29,"turns":6},{"damage":20,"enemies":"Slavers","floor":30,"turns":5},{"damage":1,"enemies":"Snecko","floor":31,"turns":4},{"damage":46,"enemies":"Automaton","floor":33,"turns":10},{"damage":2,"enemies":"Orb Walker","floor":35,"turns":3},{"damage":20,"enemies":"3 Shapes","floor":36,"turns":5},{"damage":22,"enemies":"Maw","floor":39,"turns":7},{"damage":42,"enemies":"3 Darklings","floor":41,"turns":5},{"damage":23,"enemies":"Transient","floor":42,"turns":5},{"damage":13,"enemies":"4 Shapes","floor":44,"turns":8},{"damage":1,"enemies":"Mind Bloom Boss Battle","floor":46,"turns":7},{"damage":21,"enemies":"Writhing Mass","floor":48,"turns":5},{"damage":49,"enemies":"Time Eater","floor":50,"turns":14}],"seed_played":"1804730866993918275","potions_obtained":[{"floor":3,"key":"SkillPotion"},{"floor":7,"key":"Energy Potion"},{"floor":12,"key":"SpeedPotion"},{"floor":13,"key":"Energy Potion"},{"floor":16,"key":"Poison Potion"},{"floor":28,"key":"SteroidPotion"},{"floor":30,"key":"Poison Potion"},{"floor":31,"key":"Dexterity Potion"},{"floor":33,"key":"GhostInAJar"},{"floor":42,"key":"Ancient Potion"},{"floor":46,"key":"Block Potion"},{"floor":48,"key":"EssenceOfSteel"}],"is_trial":false,"path_per_floor":["M","?","M","M","M","E","M","M","T","R","M","M","M","M","R","B",null,"M","M","$","?","M","?","R","?","T","R","E","M","E","M","R","B",null,"M","M","?","$","M","R","M","M","T","M","R","?","?","M","R","B",null],"character_chosen":"THE_SILENT","items_purchased":["Well Laid Plans","Burst","Regen Potion","Potion Belt","Medical Kit"],"campfire_rested":8,"item_purchase_floors":[20,20,38,38,38],"current_hp_per_floor":[70,70,70,70,63,38,38,34,34,55,47,45,45,44,65,15,70,51,38,38,38,28,28,49,49,49,70,37,37,23,30,51,15,70,70,54,54,54,42,63,33,32,32,31,52,63,63,49,66,25],"gold":248,"neow_bonus":"ONE_RANDOM_RARE_CARD","is_prod":false,"is_daily":false,"chose_seed":false,"campfire_upgraded":0,"win_rate":0.0,"timestamp":1566675058,"path_taken":["M","?","M","M","M","E","M","M","T","R","M","M","M","M","R","BOSS","M","M","?","?","M","?","R","?","T","R","E","M","E","?","R","BOSS","M","?","?","$","M","R","?","M","T","M","R","?","?","M","R","BOSS"],"build_version":"2019-07-17","purchased_purges":1,"victory":true,"max_hp_per_floor":[70,70,70,70,70,70,70,70,70,70,70,70,70,70,70,70,70,70,70,70,70,70,70,70,70,70,70,70,70,70,70,70,70,70,70,70,70,70,70,70,70,70,70,70,70,70,66,66,66,66],"card_choices":[{"not_picked":["Dagger Throw","Dagger Spray"],"picked":"Deadly Poison","floor":1},{"not_picked":["Flying Knee","Blade Dance"],"picked":"Finisher","floor":3},{"not_picked":["Endless Agony","Catalyst"],"picked":"Noxious Fumes","floor":4},{"not_picked":["Sucker Punch","Flechettes"],"picked":"Quick Slash","floor":5},{"not_picked":["Slice","Endless Agony"],"picked":"Bullet Time","floor":6},{"not_picked":["Deflect","Sucker Punch"],"picked":"Deadly Poison","floor":7},{"not_picked":["Sucker Punch","PiercingWail"],"picked":"Escape Plan","floor":8},{"not_picked":["Acrobatics","Bullet Time"],"picked":"Footwork","floor":11},{"not_picked":["Sucker Punch","Deflect"],"picked":"Catalyst","floor":12},{"not_picked":["Flying Knee","Quick Slash"],"picked":"Backflip","floor":13},{"not_picked":["Reflex","Choke"],"picked":"Acrobatics","floor":14},{"not_picked":["Unload","Envenom"],"picked":"Die Die Die","floor":16},{"not_picked":["Bane","Quick Slash"],"picked":"Backflip+1","floor":18},{"not_picked":["Dodge and Roll","Infinite Blades"],"picked":"Sucker Punch+1","floor":19},{"not_picked":["Deadly Poison","Well Laid Plans"],"picked":"Noxious Fumes","floor":22},{"not_picked":["Reflex+1","Footwork"],"picked":"Noxious Fumes","floor":28},{"not_picked":["Quick Slash","Dagger Throw"],"picked":"Flying Knee","floor":29},{"not_picked":["Acrobatics","Dodge and Roll","Underhanded Strike"],"picked":"SKIP","floor":30},{"not_picked":["Caltrops","Leg Sweep+1"],"picked":"Calculated Gamble","floor":31},{"not_picked":["Night Terror","Doppelganger"],"picked":"Malaise","floor":33},{"not_picked":["Dodge and Roll","PiercingWail+1"],"picked":"Deflect+1","floor":35},{"not_picked":["Eviscerate+1","Poisoned Stab+1"],"picked":"Caltrops","floor":36},{"not_picked":["Flechettes+1","Dodge and Roll+1"],"picked":"Outmaneuver+1","floor":39},{"not_picked":["Infinite Blades+1","Malaise","Endless Agony"],"picked":"SKIP","floor":41},{"not_picked":["Slice+1","Riddle With Holes+1","Sucker Punch+1"],"picked":"SKIP","floor":42},{"not_picked":["Dagger Spray","PiercingWail","Flying Knee+1"],"picked":"SKIP","floor":44},{"not_picked":["Dodge and Roll","Deflect"],"picked":"Footwork","floor":48}],"player_experience":41862,"relics_obtained":[{"floor":6,"key":"Bottled Lightning"},{"floor":9,"key":"Boot"},{"floor":26,"key":"Lantern"},{"floor":28,"key":"Bird Faced Urn"},{"floor":30,"key":"Blood Vial"},{"floor":43,"key":"Bottled Tornado"},{"floor":46,"key":"Tingsha"}],"event_choices":[{"cards_removed":["Defend_G"],"damage_healed":0,"gold_gain":0,"player_choice":"Offered Basic","damage_taken":0,"max_hp_gain":0,"max_hp_loss":0,"event_name":"Bonfire Elementals","floor":2,"gold_loss":0},{"damage_healed":0,"gold_gain":0,"cards_transformed":["Acrobatics","Strike_G"],"player_choice":"Became Test Subject","damage_taken":0,"max_hp_gain":0,"max_hp_loss":0,"event_name":"Drug Dealer","floor":21,"gold_loss":0,"cards_obtained":["Terror","Predator"]},{"damage_healed":0,"gold_gain":0,"player_choice":"Ignored","damage_taken":0,"max_hp_gain":0,"max_hp_loss":0,"event_name":"The Mausoleum","floor":23,"gold_loss":0},{"cards_removed":["Predator"],"damage_healed":0,"gold_gain":0,"player_choice":"Card Removal","damage_taken":0,"max_hp_gain":0,"max_hp_loss":0,"event_name":"Wheel of Change","floor":25,"gold_loss":0},{"cards_removed":["Finisher"],"damage_healed":0,"gold_gain":0,"player_choice":"Purged","damage_taken":0,"max_hp_gain":0,"max_hp_loss":0,"event_name":"Purifier","floor":37,"gold_loss":0},{"damage_healed":0,"gold_gain":0,"player_choice":"Fight","damage_taken":0,"max_hp_gain":0,"max_hp_loss":0,"event_name":"MindBloom","floor":46,"gold_loss":0},{"damage_healed":0,"gold_gain":0,"player_choice":"Max HP","damage_taken":0,"max_hp_gain":0,"max_hp_loss":4,"event_name":"Winding Halls","floor":47,"gold_loss":0}],"is_beta":false,"boss_relics":[{"not_picked":["Runic Dome","Coffee Dripper"],"picked":"Runic Pyramid"},{"not_picked":["Lizard Tail","Philosopher\u0027s Stone"],"picked":"Velvet Choker"}],"items_purged_floors":[20],"is_endless":false,"potions_floor_spawned":[3,7,12,13,16,28,30,31,33,42,46,48],"ascension_level":0}