{"gold_per_floor":[115,115,40,40,54,54,71,90,138,63,91,108,108,119,119,198,198,210,210,210,229,12,41,41,59,130,145,180,27,27,27,27,104,104,115,126,1,19,36,36,36,36,36,36,36,49,84,130,130,130,130,130,130,51,78,78],"floor_reached":57,"playtime":2777,"items_purged":["Strike_G","Strike_G+1","Defend_G"],"score":2670,"play_id":"4708569e-ccb9-4811-a405-0fd6dd215f3e","local_time":"20190912104707","is_ascension_mode":true,"campfire_choices":[{"data":"Calculated Gamble","floor":6.0,"key":"SMITH"},{"data":"Deadly Poison","floor":13.0,"key":"SMITH"},{"data":"Neutralize","floor":15.0,"key":"SMITH"},{"data":"Reflex","floor":30.0,"key":"SMITH"},{"data":"Well Laid Plans","floor":32.0,"key":"SMITH"},{"data":"Footwork","floor":40.0,"key":"SMITH"},{"floor":45.0,"key":"RECALL"},{"data":"Catalyst","floor":49.0,"key":"SMITH"},{"data":"Purity","floor":53.0,"key":"SMITH"}],"neow_cost":"TEN_PERCENT_HP_LOSS","seed_source_timestamp":52404801131400,"circlet_count":0,"master_deck":["AscendersBane","Defend_G+1","Defend_G","Survivor","Neutralize+1","Well Laid Plans+1","Calculated Gamble+1","Deadly Poison+1","After Image","Deadly Poison","Reflex+1","Backflip","Adrenaline","Footwork+1","Purity+1","Catalyst+1"],"special_seed":0,"relics":["Ring of the Snake","Orichalcum","Odd Mushroom","Black Star","TheAbacus","Lantern","Paper Crane","Meat on the Bone","Letter Opener","Shuriken","Snake Skull","HoveringKite","Bag of Marbles","Art of War","Tough Bandages","Gremlin Horn","Thread and Needle"],"potions_floor_usage":[56,56,56],"damage_taken":[{"damage":0.0,"enemies":"2 Louse","floor":1.0,"turns":3.0},{"damage":0.0,"enemies":"Jaw Worm","floor":5.0,"turns":6.0},{"damage":1.0,"enemies":"Cultist","floor":7.0,"turns":4.0},{"damage":0.0,"enemies":"2 Fungi Beasts","floor":8.0,"turns":4.0},{"damage":17.0,"enemies":"The Mushroom Lair","floor":11.0,"turns":6.0},{"damage":0.0,"enemies":"Blue Slaver","floor":12.0,"turns":4.0},{"damage":1.0,"enemies":"Looter","floor":14.0,"turns":4.0},{"damage":19.0,"enemies":"Hexaghost","floor":16.0,"turns":11.0},{"damage":1.0,"enemies":"Chosen","floor":18.0,"turns":7.0},{"damage":8.0,"enemies":"Shell Parasite","floor":21.0,"turns":5.0},{"damage":38.0,"enemies":"Gremlin Leader","floor":23.0,"turns":11.0},{"damage":2.0,"enemies":"Shelled Parasite and Fungi","floor":25.0,"turns":6.0},{"damage":0.0,"enemies":"Snake Plant","floor":27.0,"turns":5.0},{"damage":15.0,"enemies":"Book of Stabbing","floor":28.0,"turns":7.0},{"damage":2.0,"enemies":"Collector","floor":33.0,"turns":9.0},{"damage":0.0,"enemies":"3 Shapes","floor":35.0,"turns":4.0},{"damage":0.0,"enemies":"3 Darklings","floor":36.0,"turns":4.0},{"damage":0.0,"enemies":"Maw","floor":38.0,"turns":6.0},{"damage":0.0,"enemies":"Writhing Mass","floor":39.0,"turns":5.0},{"damage":16.0,"enemies":"4 Shapes","floor":46.0,"turns":4.0},{"damage":10.0,"enemies":"Reptomancer","floor":47.0,"turns":7.0},{"damage":5.0,"enemies":"2 Orb Walkers","floor":48.0,"turns":6.0},{"damage":8.0,"enemies":"Time Eater","floor":50.0,"turns":13.0},{"damage":2.0,"enemies":"Donu and Deca","floor":51.0,"turns":8.0},{"damage":1,"enemies":"Shield and Spear","floor":55,"turns":9},{"damage":13,"enemies":"The Heart","floor":56,"turns":8}],"seed_played":"7438648292924527998","potions_obtained":[{"floor":1.0,"key":"Poison Potion"},{"floor":4.0,"key":"Fruit Juice"},{"floor":4.0,"key":"Weak Potion"},{"floor":16.0,"key":"PowerPotion"},{"floor":23.0,"key":"LiquidBronze"},{"floor":25.0,"key":"GhostInAJar"},{"floor":27.0,"key":"GamblersBrew"},{"floor":35.0,"key":"Weak Potion"},{"floor":55,"key":"EntropicBrew"}],"is_trial":false,"path_per_floor":["M","?","$","?","M","R","M","M","T","?","?","M","R","M","R","B",null,"M","?","?","M","$","E","T","M","T","M","E","$","R","?","R","B",null,"M","M","$","M","M","R","?","?","T","?","R","M","E","?","R","B","B",null,"R","$","E","B",null],"character_chosen":"THE_SILENT","items_purchased":["TheAbacus","Deadly Poison","Backflip","GamblersBrew"],"campfire_rested":0,"item_purchase_floors":[22,22,29,54],"current_hp_per_floor":[59,41,41,46,46,46,45,45,45,45,28,28,28,27,27,8,51,50,50,50,42,42,4,4,14,14,26,23,23,23,23,23,33,57,57,57,57,57,57,57,47,47,47,47,47,43,33,40,40,32,42,57,57,57,56,43],"gold":78,"neow_bonus":"REMOVE_TWO","is_prod":false,"is_daily":false,"chose_seed":false,"campfire_upgraded":8,"win_rate":0,"timestamp":1568256427,"path_taken":["M","?","$","?","M","R","?","M","T","?","?","M","R","M","R","BOSS","M","?","?","M","$","E","?","M","T","?","E","$","R","?","R","BOSS","M","M","$","M","M","R","?","?","T","?","R","?","E","?","R","BOSS","BOSS","R","$","E","BOSS"],"build_version":"2019-09-10","purchased_purges":3,"victory":true,"max_hp_per_floor":[60,60,60,65,65,65,65,65,65,65,65,65,65,65,65,65,65,65,65,65,65,65,65,65,65,65,65,65,65,65,65,65,65,65,65,65,65,65,65,65,65,62,62,62,62,62,62,62,62,62,62,62,62,62,62,62],"card_choices":[{"not_picked":["Outmaneuver","PiercingWail"],"picked":"Well Laid Plans","floor":1.0},{"not_picked":["Infinite Blades","Deflect"],"picked":"Calculated Gamble","floor":5.0},{"not_picked":["Deflect","Bane"],"picked":"Deadly Poison","floor":7.0},{"not_picked":["Finisher","Outmaneuver","Dagger Throw"],"picked":"SKIP","floor":8.0},{"not_picked":["Dash","Acrobatics","Expertise"],"picked":"SKIP","floor":12.0},{"not_picked":["Sucker Punch","Poisoned Stab","Expertise"],"picked":"SKIP","floor":14.0},{"not_picked":["Bullet Time","Unload"],"picked":"After Image","floor":16.0},{"not_picked":["Predator","Dagger Throw","Accuracy"],"picked":"SKIP","floor":18.0},{"not_picked":["Cloak And Dagger","Sucker Punch","Bane+1"],"picked":"SKIP","floor":21.0},{"not_picked":["Die Die Die","Endless Agony","Terror"],"picked":"SKIP","floor":23.0},{"not_picked":["Crippling Poison","Flying Knee"],"picked":"Reflex","floor":25.0},{"not_picked":["Cloak And Dagger","Bane","Slice"],"picked":"SKIP","floor":27.0},{"not_picked":["Dash","Die Die Die","Outmaneuver"],"picked":"SKIP","floor":28.0},{"not_picked":["Phantasmal Killer","Glass Knife"],"picked":"Adrenaline","floor":33.0},{"not_picked":["Prepared","Dagger Spray","Backstab+1"],"picked":"SKIP","floor":35.0},{"not_picked":["Distraction","Slice"],"picked":"Footwork","floor":36.0},{"not_picked":["Slice","All Out Attack+1","Dodge and Roll"],"picked":"SKIP","floor":38.0},{"not_picked":["Dagger Throw","Wraith Form v2","Noxious Fumes+1"],"picked":"SKIP","floor":39.0},{"not_picked":["Secret Weapon","Dark Shackles"],"picked":"Purity","floor":41.0},{"not_picked":["Quick Slash+1","Bouncing Flask","Caltrops"],"picked":"SKIP","floor":46.0},{"not_picked":["Footwork+1","Predator","Skewer"],"picked":"SKIP","floor":47.0},{"not_picked":["Dagger Throw+1","Caltrops"],"picked":"Catalyst","floor":48.0},{"not_picked":["Choke+1","Dagger Spray","Concentrate+1"],"picked":"SKIP","floor":55}],"player_experience":951936,"relics_obtained":[{"floor":9.0,"key":"Orichalcum"},{"floor":11.0,"key":"Odd Mushroom"},{"floor":23.0,"key":"Lantern"},{"floor":23.0,"key":"Paper Crane"},{"floor":24.0,"key":"Meat on the Bone"},{"floor":26.0,"key":"Letter Opener"},{"floor":28.0,"key":"Shuriken"},{"floor":28.0,"key":"Snake Skull"},{"floor":47.0,"key":"Bag of Marbles"},{"floor":47.0,"key":"Art of War"},{"floor":48.0,"key":"Tough Bandages"},{"floor":55,"key":"Gremlin Horn"},{"floor":55,"key":"Thread and Needle"}],"event_choices":[{"damage_healed":0.0,"max_hp_gain":0.0,"max_hp_loss":0.0,"gold_gain":0.0,"event_name":"Shining Light","player_choice":"Entered Light","floor":2.0,"gold_loss":0.0,"damage_taken":18.0,"cards_upgraded":["Strike_G","Defend_G"]},{"damage_healed":0.0,"max_hp_gain":0.0,"max_hp_loss":0.0,"gold_gain":0.0,"event_name":"Lab","player_choice":"Got Potions","floor":4.0,"gold_loss":0.0,"damage_taken":0.0},{"cards_removed":["Strike_G"],"damage_healed":0.0,"max_hp_gain":0.0,"max_hp_loss":0.0,"gold_gain":0.0,"event_name":"The Cleric","player_choice":"Card Removal","floor":10.0,"gold_loss":75.0,"damage_taken":0.0},{"damage_healed":0.0,"max_hp_gain":0.0,"max_hp_loss":0.0,"gold_gain":0.0,"event_name":"Mushrooms","player_choice":"Fought Mushrooms","floor":11.0,"gold_loss":0.0,"damage_taken":0.0},{"damage_healed":0.0,"max_hp_gain":0.0,"max_hp_loss":0.0,"gold_gain":0.0,"event_name":"Ghosts","player_choice":"Ignored","floor":19.0,"gold_loss":0.0,"damage_taken":0.0},{"cards_removed":["Strike_G"],"damage_healed":0.0,"max_hp_gain":0.0,"max_hp_loss":0.0,"gold_gain":0.0,"event_name":"Back to Basics","player_choice":"Elegance","floor":20.0,"gold_loss":0.0,"damage_taken":0.0},{"damage_healed":0.0,"max_hp_gain":0.0,"max_hp_loss":0.0,"gold_gain":0.0,"event_name":"SensoryStone","player_choice":"Memory 3","floor":41.0,"gold_loss":0.0,"damage_taken":10.0},{"damage_healed":0.0,"max_hp_gain":0.0,"max_hp_loss":3.0,"gold_gain":0.0,"event_name":"Winding Halls","player_choice":"Max HP","floor":42.0,"gold_loss":0.0,"damage_taken":0.0},{"cards_removed":["Defend_G"],"damage_healed":0.0,"max_hp_gain":0.0,"max_hp_loss":0.0,"gold_gain":0.0,"event_name":"Bonfire Elementals","player_choice":"Offered Basic","floor":44.0,"gold_loss":0.0,"damage_taken":0.0},{"damage_healed":0.0,"max_hp_gain":0.0,"max_hp_loss":0.0,"gold_gain":0.0,"event_name":"Mysterious Sphere","player_choice":"Fight","floor":48.0,"gold_loss":0.0,"damage_taken":0.0}],"is_beta":true,"boss_relics":[{"not_picked":["Ectoplasm","Tiny House"],"picked":"Black Star"},{"not_picked":["SacredBark","Philosopher\u0027s Stone"],"picked":"HoveringKite"}],"items_purged_floors":[3,29,37],"is_endless":false,"potions_floor_spawned":[1,5,12,16,23,25,27,35,46,55],"ascension_level":20}