{"gold_per_floor":[144,189,234,279,324,414,459,459,509,599,644,644,758,803,803,1103,1103,1148,1148,992,992,646,646,691,712,712,757,757,382,427,472,472,772,772,817,267,267,312,312,312,357,357,357,407,32,77,77,122,122,122],"floor_reached":51,"playtime":7609,"items_purged":["Strike_R","Strike_R","Strike_R","Defend_R","Normality"],"score":713,"play_id":"acdebc33-39d3-4be2-b9db-57d058c1b9ab","local_time":"20180926103352","daily_mods":["Brewmaster","Midas","Terminal"],"is_ascension_mode":false,"campfire_choices":[{"floor":8,"key":"REST"},{"floor":15,"key":"REST"},{"floor":28,"key":"REST"},{"floor":32,"key":"REST"},{"floor":40,"key":"REST"},{"floor":42,"key":"REST"},{"floor":47,"key":"REST"},{"floor":49,"key":"REST"}],"neow_cost":"","seed_source_timestamp":0,"circlet_count":0,"master_deck":["Strike_R","Strike_R","Defend_R","Defend_R","Defend_R","Bash+1","Venomology","Venomology+1","Venomology+1","Venomology","Venomology","Pommel Strike","Headbutt+1","Armaments","True Grit","Barricade","Ghostly Armor","Shrug It Off","Armaments","Warcry","Demon Form+1","Clothesline+1","Iron Wave","Armaments","Secret Weapon","Warcry","Shrug It Off","Shockwave","Battle Trance","Barricade+1","Body Slam+1","Madness","Madness","Body Slam+1","Headbutt+1","Regret"],"special_seed":17800,"relics":["Burning Blood","White Beast Statue","Kunai","Anchor","Frozen Egg 2","Bag of Marbles","Fusion Hammer","Red Mask","Mummified Hand","Letter Opener","Cursed Key","Potion Belt","Self Forming Clay","Du-Vu Doll","Whetstone","Blood Vial","Cauldron"],"potions_floor_usage":[2,2,2,2,3,3,3,4,4,4,5,5,5,5,5,6,6,6,7,7,7,7,7,10,10,10,10,11,13,13,13,13,13,14,14,16,16,16,16,25,25,25,25,25,27,27,27,27,30,30,30,30,31,31,31,31,31,33,33,33,33,33,35,35,35,35,38,39,39,39,39,39,39,39,39,41,41,41,41,46,46,46,46,48,48,50,50,50,50,50,50,50,50],"damage_taken":[{"damage":0.0,"enemies":"Small Slimes","floor":1.0,"turns":5.0},{"damage":1,"enemies":"Cultist","floor":2,"turns":3},{"damage":2,"enemies":"Jaw Worm","floor":3,"turns":2},{"damage":5,"enemies":"Exordium Thugs","floor":4,"turns":4},{"damage":16,"enemies":"Exordium Wildlife","floor":5,"turns":8},{"damage":5,"enemies":"3 Sentries","floor":6,"turns":11},{"damage":1,"enemies":"Blue Slaver","floor":7,"turns":4},{"damage":0,"enemies":"Lagavulin","floor":10,"turns":11},{"damage":4,"enemies":"2 Fungi Beasts","floor":11,"turns":4},{"damage":0,"enemies":"Lagavulin Event","floor":13,"turns":5},{"damage":3,"enemies":"Large Slime","floor":14,"turns":6},{"damage":29,"enemies":"Slime Boss","floor":16,"turns":11},{"damage":0,"enemies":"Shell Parasite","floor":18,"turns":8},{"damage":9,"enemies":"2 Thieves","floor":23,"turns":5},{"damage":12,"enemies":"Shelled Parasite and Fungi","floor":24,"turns":9},{"damage":65,"enemies":"Masked Bandits","floor":25,"turns":6},{"damage":19,"enemies":"Centurion and Healer","floor":27,"turns":7},{"damage":0,"enemies":"Snecko","floor":30,"turns":6},{"damage":5,"enemies":"Snake Plant","floor":31,"turns":5},{"damage":12,"enemies":"Automaton","floor":33,"turns":15},{"damage":0,"enemies":"Orb Walker","floor":35,"turns":5},{"damage":0,"enemies":"3 Shapes","floor":38,"turns":3},{"damage":13,"enemies":"Mind Bloom Boss Battle","floor":39,"turns":6},{"damage":0,"enemies":"Reptomancer","floor":41,"turns":5},{"damage":13,"enemies":"Spire Growth","floor":46,"turns":5},{"damage":0,"enemies":"4 Shapes","floor":48,"turns":3},{"damage":26,"enemies":"Time Eater","floor":50,"turns":13}],"seed_played":"-9213636199092254619","potions_obtained":[{"floor":1,"key":"FearPotion"},{"floor":2,"key":"FearPotion"},{"floor":3,"key":"LiquidBronze"},{"floor":4,"key":"SteroidPotion"},{"floor":5,"key":"EssenceOfSteel"},{"floor":10,"key":"Swift Potion"},{"floor":11,"key":"LiquidBronze"},{"floor":13,"key":"Ancient Potion"},{"floor":25,"key":"Weak Potion"},{"floor":27,"key":"SpeedPotion"},{"floor":30,"key":"Explosive Potion"},{"floor":31,"key":"Swift Potion"},{"floor":33,"key":"Strength Potion"},{"floor":38,"key":"Strength Potion"},{"floor":39,"key":"Block Potion"},{"floor":45,"key":"Fire Potion"},{"floor":45,"key":"BloodPotion"},{"floor":45,"key":"EssenceOfSteel"},{"floor":45,"key":"SteroidPotion"},{"floor":46,"key":"FearPotion"},{"floor":48,"key":"Block Potion"}],"is_trial":false,"path_per_floor":["M","M","M","M","M","E","M","R","T","E","M","?","?","M","R","B",null,"M","?","$","?","$","M","M","?","T","M","R","$","M","M","R","B",null,"M","$","?","M","?","R","M","R","T","T","$","M","R","M","R","B"],"character_chosen":"IRONCLAD","items_purchased":["Iron Wave","Armaments","Secret Weapon","Warcry","Letter Opener","Potion Belt","Self Forming Clay","Cauldron"],"campfire_rested":8,"item_purchase_floors":[20,20,22,22,29,36,36,45],"current_hp_per_floor":[78,77,76,75,74,73,72,71,70,69,68,54,60,63,64,41,62,61,60,59,58,57,54,48,11,11,7,22,22,28,37,47,46,45,44,43,38,41,34,39,38,37,36,35,34,30,32,31,30,10],"gold":122,"neow_bonus":"","is_prod":false,"is_daily":true,"chose_seed":false,"campfire_upgraded":0,"win_rate":0,"timestamp":1537972432,"path_taken":["M","M","M","M","M","E","M","R","T","E","M","?","?","M","R","BOSS","M","?","$","?","$","M","M","?","T","?","R","$","M","M","R","BOSS","M","$","?","M","?","R","M","R","T","?","$","M","R","M","R","BOSS"],"build_version":"2018-09-20","purchased_purges":5,"victory":true,"max_hp_per_floor":[78,77,76,75,74,73,72,71,70,69,68,67,66,65,64,63,62,61,60,59,58,57,56,55,54,53,52,51,50,49,48,47,46,45,44,43,42,41,40,39,38,37,36,35,34,33,32,31,30,29],"card_choices":[{"not_picked":["Armaments","Iron Wave"],"picked":"Pommel Strike","floor":1},{"not_picked":["Searing Blow","Heavy Blade"],"picked":"Headbutt","floor":2},{"not_picked":["Anger","Entrench"],"picked":"Armaments","floor":3},{"not_picked":["Twin Strike","Intimidate","Thunderclap"],"picked":"SKIP","floor":4},{"not_picked":["Hemokinesis","Feel No Pain"],"picked":"True Grit","floor":5},{"not_picked":["Warcry","Pommel Strike"],"picked":"Barricade","floor":6},{"not_picked":["Clothesline","Rupture"],"picked":"Ghostly Armor","floor":7},{"not_picked":["Twin Strike","Battle Trance"],"picked":"Shrug It Off","floor":10},{"not_picked":["Pummel","Power Through"],"picked":"Armaments","floor":11},{"not_picked":["Anger","Armaments"],"picked":"Warcry","floor":13},{"not_picked":["Sword Boomerang","Corruption+1","Headbutt"],"picked":"SKIP","floor":14},{"not_picked":["Feed","Double Tap"],"picked":"Demon Form+1","floor":16},{"not_picked":["Sword Boomerang","Heavy Blade"],"picked":"Clothesline+1","floor":18},{"not_picked":["Seeing Red","True Grit"],"picked":"Shrug It Off","floor":23},{"not_picked":["Shrug It Off","Headbutt+1"],"picked":"Shockwave","floor":24},{"not_picked":["Wild Strike","Immolate","Sword Boomerang+1"],"picked":"SKIP","floor":27},{"not_picked":["Dropkick+1","Evolve+1"],"picked":"Battle Trance","floor":30},{"not_picked":["Whirlwind","Rampage","Flex"],"picked":"SKIP","floor":31},{"not_picked":["Exhume","Dark Embrace+1"],"picked":"Barricade+1","floor":33},{"not_picked":["Cleave+1","Clash+1"],"picked":"Body Slam+1","floor":35},{"not_picked":["Havoc+1","Fire Breathing+1"],"picked":"Body Slam+1","floor":38},{"not_picked":["Sword Boomerang","Flex"],"picked":"Headbutt+1","floor":41},{"not_picked":["Twin Strike","True Grit","Headbutt"],"picked":"SKIP","floor":46},{"not_picked":["Intimidate","Rage+1","Twin Strike+1"],"picked":"SKIP","floor":48}],"player_experience":50868,"relics_obtained":[{"floor":6,"key":"Kunai"},{"floor":9,"key":"Anchor"},{"floor":10,"key":"Frozen Egg 2"},{"floor":25,"key":"Red Mask"},{"floor":26,"key":"Mummified Hand"},{"floor":39,"key":"Du-Vu Doll"},{"floor":43,"key":"Whetstone"},{"floor":44,"key":"Blood Vial"}],"event_choices":[{"event_name":"Shining Light","player_choice":"Entered Light","floor":12,"damage_taken":0},{"event_name":"Dead Adventurer","player_choice":"Searched \u00273\u0027 times","floor":13,"damage_taken":0},{"event_name":"Vampires","player_choice":"Ignored","floor":19,"damage_taken":0},{"event_name":"Ghosts","player_choice":"Ignored","floor":21,"damage_taken":0},{"event_name":"Masked Bandits","player_choice":"Fought Bandits","floor":25,"damage_taken":0},{"event_name":"Winding Halls","player_choice":"Embrace Madness","floor":37,"damage_taken":0},{"event_name":"MindBloom","player_choice":"Fight","floor":39,"damage_taken":0}],"is_beta":false,"boss_relics":[{"not_picked":["Astrolabe","Pandora\u0027s Box"],"picked":"Fusion Hammer"},{"not_picked":["Runic Cube","Lizard Tail"],"picked":"Cursed Key"}],"items_purged_floors":[20,22,29,36,45],"is_endless":false,"potions_floor_spawned":[1,2,3,4,5,6,7,10,11,13,14,16,18,23,24,25,27,30,31,33,35,38,39,41,46,48],"ascension_level":0}