{"gold_per_floor":[19,19,32,32,44,44,73,85,85,100,100,100,111,186,186,260,260,276,276,276,276,352,352,380,249,249,280,291,110,130,141,141,215,215,233,244,244,119,119,136,166,166,166,166,184,238,284,310,310,310,310,310,310,3,32,32],"floor_reached":57,"playtime":2154,"items_purged":["Strike_G","Slice","Defend_G","Setup"],"score":3196,"play_id":"0cabcf80-caeb-4404-b87b-5d53d7061274","local_time":"20190918232650","is_ascension_mode":true,"campfire_choices":[{"data":"Neutralize","floor":6.0,"key":"SMITH"},{"data":"Well Laid Plans","floor":15.0,"key":"SMITH"},{"data":"Grand Finale","floor":23.0,"key":"SMITH"},{"data":"Calculated Gamble","floor":32.0,"key":"SMITH"},{"data":"Tactician","floor":44,"key":"SMITH"},{"floor":49,"key":"RECALL"},{"data":"Acrobatics","floor":53,"key":"SMITH"}],"neow_cost":"NO_GOLD","seed_source_timestamp":434985805069100,"circlet_count":0,"master_deck":["AscendersBane","Defend_G","Defend_G","Defend_G","Survivor","Neutralize+1","Grand Finale+1","Backflip","Well Laid Plans+1","Escape Plan","Adrenaline","Escape Plan","Acrobatics+1","Calculated Gamble+1","Tactician+1","Reflex","Footwork+1","Well Laid Plans"],"special_seed":0,"relics":["Ring of the Snake","PreservedInsect","White Beast Statue","SacredBark","Tiny Chest","Pear","Eternal Feather","Black Star","Oddly Smooth Stone","Singing Bowl","InkBottle","Anchor","Potion Belt","Snake Skull","TheAbacus","Pen Nib","Whetstone"],"potions_floor_usage":[56,56,56],"damage_taken":[{"damage":0.0,"enemies":"2 Louse","floor":1.0,"turns":4.0},{"damage":25.0,"enemies":"Cultist","floor":3.0,"turns":7.0},{"damage":14.0,"enemies":"Jaw Worm","floor":5.0,"turns":8.0},{"damage":0.0,"enemies":"Lagavulin","floor":7.0,"turns":4.0},{"damage":3.0,"enemies":"Looter","floor":8.0,"turns":4.0},{"damage":4.0,"enemies":"Exordium Wildlife","floor":10.0,"turns":4.0},{"damage":0.0,"enemies":"Blue Slaver","floor":13.0,"turns":2.0},{"damage":13.0,"enemies":"Slime Boss","floor":16.0,"turns":7.0},{"damage":13.0,"enemies":"Spheric Guardian","floor":18.0,"turns":5.0},{"damage":18.0,"enemies":"Gremlin Leader","floor":24.0,"turns":5.0},{"damage":0.0,"enemies":"Slavers","floor":27.0,"turns":1.0},{"damage":0.0,"enemies":"3 Byrds","floor":28.0,"turns":2.0},{"damage":0.0,"enemies":"Cultist and Chosen","floor":30.0,"turns":2.0},{"damage":0.0,"enemies":"Centurion and Healer","floor":31.0,"turns":2.0},{"damage":0.0,"enemies":"Champ","floor":33.0,"turns":6.0},{"damage":0.0,"enemies":"3 Darklings","floor":35.0,"turns":2.0},{"damage":0.0,"enemies":"3 Shapes","floor":36.0,"turns":2.0},{"damage":0.0,"enemies":"Sphere and 2 Shapes","floor":40.0,"turns":2.0},{"damage":14,"enemies":"Nemesis","floor":41,"turns":5},{"damage":0,"enemies":"Jaw Worm Horde","floor":45,"turns":2},{"damage":0,"enemies":"Reptomancer","floor":48,"turns":1},{"damage":1,"enemies":"Time Eater","floor":50,"turns":7},{"damage":0,"enemies":"Awakened One","floor":51,"turns":2},{"damage":0,"enemies":"Shield and Spear","floor":55,"turns":1},{"damage":21,"enemies":"The Heart","floor":56,"turns":6}],"seed_played":"-1361557867466782577","potions_obtained":[{"floor":1.0,"key":"Swift Potion"},{"floor":7.0,"key":"Ancient Potion"},{"floor":8.0,"key":"Swift Potion"},{"floor":10.0,"key":"Dexterity Potion"},{"floor":13.0,"key":"FairyPotion"},{"floor":16.0,"key":"Regen Potion"},{"floor":24.0,"key":"PowerPotion"},{"floor":55,"key":"Weak Potion"}],"is_trial":false,"path_per_floor":["M","?","M","?","M","R","E","M","T","M","?","?","M","?","R","B",null,"M","?","?","?","T","R","E","$","T","E","M","$","M","M","R","B",null,"M","M","$","$","?","M","E","?","T","R","M","T","T","E","R","B","B",null,"R","$","E","B",null],"character_chosen":"THE_SILENT","items_purchased":["Acrobatics","Tactician","TheAbacus"],"campfire_rested":0,"item_purchase_floors":[25,29,54],"current_hp_per_floor":[59,59,34,27,13,13,13,10,10,6,6,6,6,19,19,6,51,38,38,38,38,38,38,64,64,64,64,64,64,64,64,73,73,75,75,75,75,75,75,75,63,59,59,68,70,70,70,72,81,80,80,86,88,88,90,69],"gold":32,"neow_bonus":"TRANSFORM_TWO_CARDS","is_prod":false,"is_daily":false,"chose_seed":false,"campfire_upgraded":6,"win_rate":0,"timestamp":1568820410,"path_taken":["M","?","?","?","M","R","E","M","T","M","?","?","?","?","R","BOSS","M","?","?","?","?","R","E","?","T","E","M","$","M","M","R","BOSS","M","M","?","$","?","?","E","?","T","R","M","?","?","E","R","BOSS","BOSS","R","$","E","BOSS"],"build_version":"2019-09-17","purchased_purges":4,"victory":true,"max_hp_per_floor":[66,66,66,66,66,66,66,66,66,66,66,66,66,66,66,66,66,66,66,66,66,66,66,76,76,76,76,76,76,76,76,76,76,76,76,76,76,76,76,76,78,84,84,84,86,86,86,88,88,88,88,88,88,88,90,90],"card_choices":[{"not_picked":["Finisher","Expertise","Poisoned Stab"],"picked":"SKIP","floor":1.0},{"not_picked":["Finisher","Expertise","Poisoned Stab"],"picked":"SKIP","floor":1.0},{"not_picked":["Sucker Punch","Accuracy","Endless Agony"],"picked":"SKIP","floor":3.0},{"not_picked":["Dagger Spray","Terror"],"picked":"Backflip","floor":5.0},{"not_picked":["Dagger Spray","Phantasmal Killer"],"picked":"Well Laid Plans","floor":7.0},{"not_picked":["Underhanded Strike","Dodge and Roll","Dagger Spray"],"picked":"SKIP","floor":8.0},{"not_picked":["Flying Knee","Endless Agony","Poisoned Stab"],"picked":"SKIP","floor":10.0},{"not_picked":["Predator","Deflect","Dodge and Roll"],"picked":"SKIP","floor":13.0},{"not_picked":["Tools of the Trade","Night Terror"],"picked":"Adrenaline","floor":16.0},{"not_picked":["Dodge and Roll","Flying Knee","Deflect"],"picked":"SKIP","floor":18.0},{"not_picked":["Terror","Wraith Form v2"],"picked":"Escape Plan","floor":24.0},{"not_picked":["Bouncing Flask","Dagger Throw+1","Outmaneuver"],"picked":"SKIP","floor":27.0},{"not_picked":["Bouncing Flask","Dagger Throw+1","Outmaneuver"],"picked":"SKIP","floor":27.0},{"not_picked":["Reflex","Quick Slash+1"],"picked":"Calculated Gamble","floor":28.0},{"not_picked":["Dash","Noxious Fumes"],"picked":"Reflex","floor":30.0},{"not_picked":["Dodge and Roll","Crippling Poison+1","Caltrops"],"picked":"SKIP","floor":31.0},{"not_picked":["Deflect","Dodge and Roll"],"picked":"Footwork+1","floor":35.0},{"not_picked":["Dash+1","Acrobatics"],"picked":"Well Laid Plans","floor":36.0},{"not_picked":["Dagger Spray+1","Blade Dance","Sucker Punch+1"],"picked":"SKIP","floor":40.0},{"not_picked":["Dagger Spray","Accuracy","Backstab"],"picked":"Singing Bowl","floor":41},{"not_picked":["Trip","Finesse","Enlightenment"],"picked":"Singing Bowl","floor":42},{"not_picked":["Finesse","Trip","Swift Strike"],"picked":"Singing Bowl","floor":42},{"not_picked":["Thinking Ahead","Blind","Trip"],"picked":"Singing Bowl","floor":42},{"not_picked":["Slice","Deflect+1","Skewer"],"picked":"Singing Bowl","floor":45},{"not_picked":["Crippling Poison+1","Noxious Fumes+1","Quick Slash"],"picked":"Singing Bowl","floor":48},{"not_picked":["Catalyst","Deadly Poison","Distraction+1"],"picked":"Singing Bowl","floor":55}],"player_experience":984983,"relics_obtained":[{"floor":7.0,"key":"PreservedInsect"},{"floor":9.0,"key":"White Beast Statue"},{"floor":22.0,"key":"Tiny Chest"},{"floor":24.0,"key":"Pear"},{"floor":27.0,"key":"Eternal Feather"},{"floor":41,"key":"Oddly Smooth Stone"},{"floor":41,"key":"Singing Bowl"},{"floor":43,"key":"InkBottle"},{"floor":46,"key":"Anchor"},{"floor":47,"key":"Potion Belt"},{"floor":48,"key":"Snake Skull"},{"floor":55,"key":"Pen Nib"},{"floor":55,"key":"Whetstone"}],"event_choices":[{"damage_healed":0.0,"max_hp_gain":0.0,"max_hp_loss":0.0,"gold_gain":0.0,"cards_transformed":["Strike_G"],"event_name":"Transmorgrifier","player_choice":"Transformed","floor":2.0,"gold_loss":0.0,"damage_taken":0.0,"cards_obtained":["Grand Finale"]},{"cards_removed":["Defend_G"],"damage_healed":0.0,"max_hp_gain":0.0,"max_hp_loss":0.0,"gold_gain":0.0,"event_name":"Golden Wing","player_choice":"Card Removal","floor":4.0,"gold_loss":0.0,"damage_taken":7.0},{"damage_healed":0.0,"max_hp_gain":0.0,"max_hp_loss":0.0,"gold_gain":0.0,"cards_transformed":["Strike_G"],"event_name":"Living Wall","player_choice":"Change","floor":11.0,"gold_loss":0.0,"damage_taken":0.0,"cards_obtained":["Escape Plan"]},{"damage_healed":0.0,"max_hp_gain":0.0,"max_hp_loss":0.0,"gold_gain":0.0,"event_name":"Liars Game","player_choice":"Ignored","floor":12.0,"gold_loss":0.0,"damage_taken":0.0},{"damage_healed":0.0,"max_hp_gain":0.0,"max_hp_loss":0.0,"gold_gain":75.0,"event_name":"World of Goop","player_choice":"Gather Gold","floor":14.0,"gold_loss":0.0,"damage_taken":11.0},{"damage_healed":0.0,"max_hp_gain":0.0,"max_hp_loss":0.0,"gold_gain":0.0,"event_name":"Ghosts","player_choice":"Ignored","floor":19.0,"gold_loss":0.0,"damage_taken":0.0},{"damage_healed":0.0,"max_hp_gain":0.0,"max_hp_loss":0.0,"gold_gain":0.0,"event_name":"Cursed Tome","player_choice":"Ignored","floor":20.0,"gold_loss":0.0,"damage_taken":0.0},{"damage_healed":0.0,"max_hp_gain":0.0,"max_hp_loss":0.0,"gold_gain":0.0,"event_name":"Vampires","player_choice":"Ignored","floor":21.0,"gold_loss":0.0,"damage_taken":0.0},{"damage_healed":0.0,"max_hp_gain":0.0,"max_hp_loss":0.0,"gold_gain":0.0,"event_name":"Match and Keep!","player_choice":"0 cards matched","floor":39.0,"gold_loss":0.0,"damage_taken":0.0,"cards_obtained":[]},{"damage_healed":0,"gold_gain":0,"player_choice":"Memory 3","damage_taken":10,"max_hp_gain":0,"max_hp_loss":0,"event_name":"SensoryStone","floor":42,"gold_loss":0}],"is_beta":true,"boss_relics":[{"not_picked":["Philosopher\u0027s Stone","Ring of the Serpent"],"picked":"SacredBark"},{"not_picked":["Cursed Key","Runic Pyramid"],"picked":"Black Star"}],"items_purged_floors":[25,29,38,54],"is_endless":false,"potions_floor_spawned":[1,7,8,10,13,16,18,24,27,28,30,31,33,35,36,40,41,45,55],"ascension_level":20}