{"gold_per_floor":[117,130,130,146,146,146,170,211,211,35,53,66,81,115,115,245,245,265,265,265,286,41,41],"floor_reached":23,"playtime":2127,"items_purged":["Injury","Normality"],"score":203,"play_id":"7f8103e0-17b1-4f0d-899f-f3eb5282562f","local_time":"20190915132612","is_ascension_mode":false,"campfire_choices":[{"floor":6,"key":"REST"},{"floor":15,"key":"REST"}],"neow_cost":"PERCENT_DAMAGE","seed_source_timestamp":69781518648400,"circlet_count":0,"master_deck":["Strike_R","Strike_R","Strike_R","Strike_R","Defend_R","Defend_R","Defend_R","Defend_R","Bash","Double Tap","Shrug It Off","Shrug It Off","Seeing Red","Exhume","Pommel Strike","Burning Pact","Armaments","Carnage","Heavy Blade","Inflame","Sentinel","Pummel","Bludgeon","Clumsy","Decay","Spot Weakness+1","Thunderclap+1"],"relics":["Burning Blood","Golden Idol","Oddly Smooth Stone","Potion Belt","Blue Candle","Calling Bell","Bronze Scales","Matryoshka","Bird Faced Urn","Red Skull"],"potions_floor_usage":[8,14,18],"damage_taken":[{"damage":1,"enemies":"Cultist","floor":1,"turns":4},{"damage":2,"enemies":"Small Slimes","floor":2,"turns":4},{"damage":7,"enemies":"2 Louse","floor":4,"turns":3},{"damage":11,"enemies":"Exordium Thugs","floor":7,"turns":6},{"damage":41,"enemies":"3 Sentries","floor":8,"turns":14},{"damage":2,"enemies":"Blue Slaver","floor":11,"turns":5},{"damage":1,"enemies":"Red Slaver","floor":12,"turns":5},{"damage":3,"enemies":"Looter","floor":13,"turns":4},{"damage":38,"enemies":"Gremlin Nob","floor":14,"turns":5},{"damage":28,"enemies":"The Guardian","floor":16,"turns":23},{"damage":37,"enemies":"Spheric Guardian","floor":18,"turns":7},{"damage":10,"enemies":"Chosen","floor":21,"turns":4},{"damage":51,"enemies":"Gremlin Leader","floor":23,"turns":2}],"seed_played":"3238056558467087771","potions_obtained":[{"floor":2,"key":"SkillPotion"},{"floor":4,"key":"SpeedPotion"},{"floor":11,"key":"Ancient Potion"},{"floor":13,"key":"Ancient Potion"},{"floor":16,"key":"PowerPotion"},{"floor":18,"key":"Block Potion"}],"is_trial":false,"path_per_floor":["M","M","?","M","?","R","M","E","T","$","M","M","M","E","R","B",null,"M","?","?","M","$","E"],"character_chosen":"IRONCLAD","items_purchased":["Armaments","Carnage","Red Skull"],"campfire_rested":2,"item_purchase_floors":[10,10,22],"current_hp_per_floor":[61,65,65,64,64,80,75,40,40,40,44,49,52,20,44,22,80,51,51,51,47,47,0],"gold":41,"neow_bonus":"THREE_RARE_CARDS","is_prod":false,"is_daily":false,"chose_seed":false,"campfire_upgraded":0,"win_rate":0,"timestamp":1568571972,"path_taken":["M","M","?","M","?","R","?","E","T","$","M","M","M","E","R","BOSS","M","?","?","?","$","E"],"build_version":"2019-07-17","purchased_purges":2,"victory":false,"max_hp_per_floor":[80,80,80,80,80,80,80,80,80,80,80,80,80,80,80,80,80,80,80,80,80,80,80],"card_choices":[{"not_picked":["Limit Break","Berserk"],"picked":"Double Tap","floor":0},{"not_picked":["Pummel","Entrench"],"picked":"Shrug It Off","floor":1},{"not_picked":["Flex","Iron Wave"],"picked":"Shrug It Off","floor":2},{"not_picked":["Sever Soul","Twin Strike"],"picked":"Seeing Red","floor":4},{"not_picked":["Twin Strike","Combust"],"picked":"Pommel Strike","floor":7},{"not_picked":["Anger","Cleave"],"picked":"Burning Pact","floor":8},{"not_picked":["Burning Pact","Sword Boomerang"],"picked":"Heavy Blade","floor":11},{"not_picked":["Power Through","Anger"],"picked":"Inflame","floor":12},{"not_picked":["Sword Boomerang","True Grit"],"picked":"Sentinel","floor":13},{"not_picked":["Body Slam","Battle Trance"],"picked":"Pummel","floor":14},{"not_picked":["Limit Break","Demon Form"],"picked":"Bludgeon","floor":16},{"not_picked":["Combust","Wild Strike"],"picked":"Spot Weakness","floor":18},{"not_picked":["Headbutt","Warcry"],"picked":"Thunderclap+1","floor":21}],"player_experience":131664,"relics_obtained":[{"floor":8,"key":"Oddly Smooth Stone"},{"floor":9,"key":"Potion Belt"},{"floor":14,"key":"Blue Candle"},{"floor":17,"key":"Bronze Scales"},{"floor":17,"key":"Matryoshka"},{"floor":17,"key":"Bird Faced Urn"}],"event_choices":[{"damage_healed":0,"gold_gain":0,"player_choice":"Take Wound","damage_taken":0,"relics_obtained":["Golden Idol"],"max_hp_gain":0,"max_hp_loss":0,"event_name":"Golden Idol","floor":3,"gold_loss":0,"cards_obtained":["Injury"]},{"damage_healed":0,"gold_gain":0,"cards_transformed":["Strike_R"],"player_choice":"Transformed","damage_taken":0,"max_hp_gain":0,"max_hp_loss":0,"event_name":"Transmorgrifier","floor":5,"gold_loss":0,"cards_obtained":["Exhume"]},{"damage_healed":0,"gold_gain":0,"player_choice":"Ignored","damage_taken":0,"max_hp_gain":0,"max_hp_loss":0,"event_name":"Vampires","floor":19,"gold_loss":0},{"damage_healed":0,"gold_gain":0,"player_choice":"Upgraded","damage_taken":0,"max_hp_gain":0,"max_hp_loss":0,"event_name":"Upgrade Shrine","floor":20,"gold_loss":0,"cards_upgraded":["Spot Weakness"]}],"is_beta":false,"boss_relics":[{"not_picked":["Busted Crown","Eternal Feather"],"picked":"Calling Bell"}],"items_purged_floors":[10,22],"is_endless":false,"potions_floor_spawned":[2,4,11,13,16,18],"killed_by":"Gremlin Leader","ascension_level":0}