{"gold_per_floor":[113,131,131,147,157,157,182,194,219,58,75,89,89,109,109,188,188,208,208,226,151,232,232,261,279,306,325,325,336,336,149,149,220,220,230,276,287,306,323,323,355,355,355,388,263,263,283,301,301,301,301,301,301,2,35,35],"floor_reached":57,"playtime":3209,"items_purged":["Sucker Punch","Dash","Storm of Steel+1"],"score":3306,"play_id":"0ff0cb84-8236-4fe7-b310-2df8b0308932","local_time":"20190902170937","is_ascension_mode":true,"campfire_choices":[{"data":"A Thousand Cuts","floor":6.0,"key":"SMITH"},{"data":"Calculated Gamble","floor":15.0,"key":"SMITH"},{"data":"Reflex","floor":23.0,"key":"SMITH"},{"data":"Acrobatics","floor":30.0,"key":"SMITH"},{"data":"Burst","floor":32.0,"key":"SMITH"},{"data":"Flechettes","floor":40.0,"key":"SMITH"},{"data":"Well Laid Plans","floor":42.0,"key":"SMITH"},{"floor":49.0,"key":"RECALL"},{"data":"Survivor","floor":53.0,"key":"SMITH"}],"neow_cost":"NONE","seed_source_timestamp":0,"circlet_count":0,"master_deck":["AscendersBane","Survivor+1","Neutralize","Burst+1","A Thousand Cuts+1","Doppelganger","Calculated Gamble+1","Well Laid Plans+1","Malaise","Reflex+1","Tactician","Acrobatics+1","Escape Plan","After Image","Flechettes+1","Venomology+1","Adrenaline+1","Neutralize"],"special_seed":0,"relics":["Pandora\u0027s Box","Odd Mushroom","Busted Crown","Question Card","Happy Flower","PreservedInsect","Astrolabe","Mango","Art of War","Dodecahedron","Ancient Tea Set","Medical Kit","Vajra"],"potions_floor_usage":[56,56,56],"damage_taken":[{"damage":9.0,"enemies":"Jaw Worm","floor":1.0,"turns":4.0},{"damage":0.0,"enemies":"Small Slimes","floor":2.0,"turns":3.0},{"damage":0.0,"enemies":"Cultist","floor":4.0,"turns":4.0},{"damage":5.0,"enemies":"Red Slaver","floor":5.0,"turns":3.0},{"damage":18.0,"enemies":"The Mushroom Lair","floor":7.0,"turns":2.0},{"damage":0.0,"enemies":"2 Fungi Beasts","floor":8.0,"turns":2.0},{"damage":11.0,"enemies":"Looter","floor":11.0,"turns":2.0},{"damage":0.0,"enemies":"3 Louse","floor":12.0,"turns":3.0},{"damage":0.0,"enemies":"2 Fungi Beasts","floor":14.0,"turns":3.0},{"damage":0.0,"enemies":"Hexaghost","floor":16.0,"turns":3.0},{"damage":3.0,"enemies":"3 Byrds","floor":18.0,"turns":3.0},{"damage":14.0,"enemies":"Shell Parasite","floor":20.0,"turns":4.0},{"damage":0.0,"enemies":"Gremlin Leader","floor":24.0,"turns":2.0},{"damage":0.0,"enemies":"Shelled Parasite and Fungi","floor":25.0,"turns":3.0},{"damage":7.0,"enemies":"Centurion and Healer","floor":27.0,"turns":5.0},{"damage":7.0,"enemies":"Chosen and Byrds","floor":29.0,"turns":6.0},{"damage":0.0,"enemies":"Collector","floor":33.0,"turns":2.0},{"damage":0.0,"enemies":"3 Shapes","floor":35.0,"turns":4.0},{"damage":0.0,"enemies":"2 Orb Walkers","floor":36.0,"turns":2.0},{"damage":0.0,"enemies":"3 Darklings","floor":37.0,"turns":2.0},{"damage":10.0,"enemies":"Writhing Mass","floor":38.0,"turns":7.0},{"damage":5.0,"enemies":"Sphere and 2 Shapes","floor":39.0,"turns":2.0},{"damage":0.0,"enemies":"Nemesis","floor":41.0,"turns":1.0},{"damage":0.0,"enemies":"Giant Head","floor":44.0,"turns":3.0},{"damage":0.0,"enemies":"Transient","floor":47.0,"turns":6.0},{"damage":0.0,"enemies":"3 Darklings","floor":48.0,"turns":2.0},{"damage":0.0,"enemies":"Donu and Deca","floor":50.0,"turns":3.0},{"damage":15.0,"enemies":"Time Eater","floor":51.0,"turns":4.0},{"damage":51,"enemies":"Shield and Spear","floor":55,"turns":3},{"damage":23,"enemies":"The Heart","floor":56,"turns":5}],"seed_played":"-7109007506327458623","potions_obtained":[{"floor":4.0,"key":"Explosive Potion"},{"floor":5.0,"key":"SteroidPotion"},{"floor":7.0,"key":"PowerPotion"},{"floor":25.0,"key":"Fire Potion"},{"floor":29.0,"key":"GamblersBrew"},{"floor":36.0,"key":"Regen Potion"}],"is_trial":false,"path_per_floor":["M","M","?","M","M","R","?","M","T","$","M","M","$","M","R","B",null,"M","?","M","?","T","R","E","M","T","M","?","M","R","$","R","B",null,"M","?","M","M","M","R","E","R","T","E","$","?","M","M","R","B","B",null,"R","$","E","B",null],"character_chosen":"THE_SILENT","items_purchased":["GamblersBrew","Flechettes","Medical Kit","Ancient Potion"],"campfire_rested":0,"item_purchase_floors":[10,31,54,54],"current_hp_per_floor":[50,50,50,50,45,45,27,27,27,27,16,16,16,16,16,16,54,51,51,37,37,37,37,37,37,37,30,12,5,5,5,5,5,55,55,69,74,64,59,59,59,59,59,59,59,59,59,59,59,59,44,75,75,75,24,1],"gold":35,"neow_bonus":"BOSS_RELIC","is_prod":false,"is_daily":false,"chose_seed":false,"campfire_upgraded":8,"win_rate":0,"timestamp":1567415377,"path_taken":["M","M","?","M","M","R","?","M","T","$","M","M","$","M","R","BOSS","M","?","M","?","?","R","E","M","T","M","?","?","R","$","R","BOSS","M","?","M","M","M","R","E","R","T","E","$","?","M","M","R","BOSS","BOSS","R","$","E","BOSS"],"build_version":"2019-07-17","purchased_purges":3,"victory":true,"max_hp_per_floor":[66,66,66,66,66,66,66,66,66,66,66,66,66,66,66,66,66,66,66,66,66,66,66,66,66,66,66,71,71,71,71,71,71,71,71,85,85,85,85,85,85,85,85,85,85,85,85,85,85,85,85,85,85,85,85,85],"card_choices":[{"not_picked":["Prepared","Acrobatics"],"picked":"Dash","floor":1.0},{"not_picked":["Eviscerate","Acrobatics","Sucker Punch"],"picked":"SKIP","floor":2.0},{"not_picked":["Finisher","Acrobatics"],"picked":"Endless Agony","floor":4.0},{"not_picked":["Acrobatics","Cloak And Dagger","Distraction"],"picked":"SKIP","floor":5.0},{"not_picked":["Sucker Punch","Flying Knee"],"picked":"Reflex","floor":7.0},{"not_picked":["Night Terror","Acrobatics"],"picked":"Tactician","floor":8.0},{"not_picked":["Accuracy","Blade Dance"],"picked":"Acrobatics","floor":11.0},{"not_picked":["Footwork","Deadly Poison"],"picked":"Escape Plan","floor":12.0},{"not_picked":["Catalyst","Sucker Punch","Outmaneuver"],"picked":"SKIP","floor":14.0},{"not_picked":["Bullet Time","Night Terror"],"picked":"After Image","floor":16.0},{"not_picked":["Blade Dance"],"picked":"SKIP","floor":18.0},{"not_picked":["Underhanded Strike"],"picked":"SKIP","floor":20.0},{"not_picked":["Accuracy","Finisher"],"picked":"SKIP","floor":24.0},{"not_picked":["Accuracy","Finisher"],"picked":"SKIP","floor":24.0},{"not_picked":["Flying Knee","Predator"],"picked":"SKIP","floor":25.0},{"not_picked":["Deflect+1","Poisoned Stab"],"picked":"SKIP","floor":27.0},{"not_picked":["Blade Dance","Dagger Throw"],"picked":"SKIP","floor":29.0},{"not_picked":["Masterful Stab+1","Underhanded Strike"],"picked":"SKIP","floor":35.0},{"not_picked":["Dodge and Roll","Sucker Punch"],"picked":"SKIP","floor":37.0},{"not_picked":["Concentrate","Deadly Poison"],"picked":"SKIP","floor":38.0},{"not_picked":["Blade Dance","Dodge and Roll"],"picked":"SKIP","floor":39.0},{"not_picked":["Expertise","A Thousand Cuts"],"picked":"SKIP","floor":41.0},{"not_picked":["Tactician","Footwork+1"],"picked":"SKIP","floor":44.0},{"not_picked":["Tactician","Footwork+1"],"picked":"SKIP","floor":44.0},{"not_picked":["Skewer","Cloak And Dagger+1"],"picked":"SKIP","floor":47.0},{"not_picked":["Dagger Throw","Deadly Poison"],"picked":"SKIP","floor":48.0},{"not_picked":["Riddle With Holes","Well Laid Plans"],"picked":"SKIP","floor":55}],"player_experience":922793,"relics_obtained":[{"floor":7.0,"key":"Odd Mushroom"},{"floor":22.0,"key":"Question Card"},{"floor":24.0,"key":"Happy Flower"},{"floor":26.0,"key":"PreservedInsect"},{"floor":36.0,"key":"Mango"},{"floor":41.0,"key":"Art of War"},{"floor":43.0,"key":"Dodecahedron"},{"floor":44.0,"key":"Ancient Tea Set"},{"floor":55,"key":"Vajra"}],"event_choices":[{"damage_healed":0.0,"max_hp_gain":0.0,"max_hp_loss":0.0,"gold_gain":0.0,"event_name":"Liars Game","player_choice":"Ignored","floor":3.0,"gold_loss":0.0,"damage_taken":0.0},{"damage_healed":0.0,"max_hp_gain":0.0,"max_hp_loss":0.0,"gold_gain":0.0,"event_name":"Mushrooms","player_choice":"Fought Mushrooms","floor":7.0,"gold_loss":0.0,"damage_taken":0.0},{"damage_healed":0.0,"max_hp_gain":0.0,"max_hp_loss":0.0,"gold_gain":0.0,"event_name":"The Mausoleum","player_choice":"Ignored","floor":19.0,"gold_loss":0.0,"damage_taken":0.0},{"cards_removed":["Backstab"],"damage_healed":0.0,"max_hp_gain":0.0,"max_hp_loss":0.0,"gold_gain":0.0,"event_name":"Beggar","player_choice":"Gave Gold","floor":21.0,"gold_loss":75.0,"damage_taken":0.0},{"damage_healed":0.0,"max_hp_gain":5.0,"max_hp_loss":0.0,"gold_gain":0.0,"event_name":"Forgotten Altar","player_choice":"Shed Blood","floor":28.0,"gold_loss":0.0,"damage_taken":23.0},{"damage_healed":0.0,"max_hp_gain":0.0,"max_hp_loss":0.0,"gold_gain":0.0,"event_name":"Mysterious Sphere","player_choice":"Fight","floor":36.0,"gold_loss":0.0,"damage_taken":0.0},{"damage_healed":0.0,"max_hp_gain":0.0,"max_hp_loss":0.0,"gold_gain":0.0,"event_name":"Duplicator","player_choice":"Copied","floor":46.0,"gold_loss":0.0,"damage_taken":0.0,"cards_obtained":["Neutralize"]}],"is_beta":false,"boss_relics":[{"not_picked":["Tiny House","White Beast Statue"],"picked":"Busted Crown"},{"not_picked":["Orrery","Eternal Feather"],"picked":"Astrolabe"}],"items_purged_floors":[10,31,45],"is_endless":false,"potions_floor_spawned":[4,5,7,18,25,29,36,38,41,44],"ascension_level":20}