{"gold_per_floor":[109,121,140,15,15,50,50,107,132,132,57,77,252,285,285,381,381,396,416,416,277,296,330,330,330,406,406],"floor_reached":27,"playtime":2778,"items_purged":["Parasite","Regret"],"score":277,"play_id":"ab5a5712-8ee8-4f1b-9c32-ac8fec1b3b6d","local_time":"20190815214724","is_ascension_mode":true,"campfire_choices":[{"data":"Capacitor","floor":7,"key":"SMITH"},{"data":"Consume","floor":15,"key":"SMITH"},{"data":"Electrodynamics","floor":24,"key":"SMITH"}],"neow_cost":"NONE","seed_source_timestamp":101197624642600,"circlet_count":0,"master_deck":["Strike_B","Strike_B","Strike_B","Strike_B+1","Defend_B","Defend_B","Defend_B","Defend_B","Zap","Dualcast","Capacitor+1","Redo","Glacier","Coolheaded+1","BootSequence","Consume+1","Hologram","White Noise","Doubt","Reinforced Body","Electrodynamics+1","Parasite","Shame","Sweeping Beam+1","Ball Lightning+1","Echo Form","Self Repair","Sunder+1","Genetic Algorithm","RitualDagger"],"relics":["Cracked Core","Juzu Bracelet","Torii","Bag of Marbles","Bottled Tornado","Calling Bell","Omamori","Kunai","Gambling Chip","Anchor","Question Card"],"potions_floor_usage":[8,22],"damage_taken":[{"damage":9,"enemies":"2 Louse","floor":1,"turns":3},{"damage":1,"enemies":"Jaw Worm","floor":2,"turns":3},{"damage":0,"enemies":"Cultist","floor":3,"turns":4},{"damage":9,"enemies":"3 Sentries","floor":6,"turns":10},{"damage":19,"enemies":"Lagavulin Event","floor":8,"turns":9},{"damage":0,"enemies":"Large Slime","floor":12,"turns":7},{"damage":0,"enemies":"Lagavulin","floor":14,"turns":10},{"damage":9,"enemies":"Hexaghost","floor":16,"turns":10},{"damage":13,"enemies":"Chosen","floor":18,"turns":6},{"damage":13,"enemies":"3 Byrds","floor":19,"turns":3},{"damage":7,"enemies":"Centurion and Healer","floor":22,"turns":6},{"damage":28,"enemies":"Gremlin Leader","floor":23,"turns":6},{"damage":28,"enemies":"Book of Stabbing","floor":27,"turns":8}],"seed_played":"7350383468966943477","potions_obtained":[{"floor":2,"key":"PowerPotion"},{"floor":6,"key":"Explosive Potion"},{"floor":14,"key":"Dexterity Potion"},{"floor":18,"key":"EssenceOfSteel"}],"is_trial":false,"path_per_floor":["M","M","M","$","?","E","R","?","T","?","$","M","?","E","R","B",null,"M","M","?","$","M","E","R","?","T","E"],"character_chosen":"DEFECT","items_purchased":["Coolheaded","BootSequence","Self Repair"],"campfire_rested":0,"item_purchase_floors":[4,4,21],"current_hp_per_floor":[73,72,72,72,56,47,47,28,28,48,48,48,48,48,48,39,79,66,53,53,53,53,32,32,26,26,0],"gold":406,"neow_bonus":"TEN_PERCENT_HP_BONUS","is_prod":false,"is_daily":false,"chose_seed":false,"campfire_upgraded":3,"win_rate":0,"timestamp":1565930844,"path_taken":["M","M","M","$","?","E","R","?","T","?","?","M","?","E","R","BOSS","M","M","?","$","M","E","R","?","T","E"],"build_version":"2019-07-17","purchased_purges":2,"victory":false,"max_hp_per_floor":[82,82,82,82,82,82,82,82,82,82,79,79,79,79,79,79,79,79,79,79,79,79,79,79,79,79,79],"card_choices":[{"not_picked":["Rebound","Hologram"],"picked":"Capacitor","floor":1},{"not_picked":["Stack","Beam Cell"],"picked":"Redo","floor":2},{"not_picked":["Reboot","Consume"],"picked":"Glacier","floor":3},{"not_picked":["Scrape","Redo"],"picked":"Consume","floor":6},{"not_picked":["Lockon","Fusion"],"picked":"Hologram","floor":8},{"not_picked":["Turbo","Rebound"],"picked":"White Noise","floor":12},{"not_picked":["Conserve Battery","Leap"],"picked":"Reinforced Body","floor":14},{"not_picked":["Biased Cognition","Rainbow"],"picked":"Electrodynamics","floor":16},{"not_picked":["Double Energy","Stack"],"picked":"Sweeping Beam+1","floor":18},{"not_picked":["Stack","White Noise"],"picked":"Ball Lightning+1","floor":19},{"not_picked":["Redo","Streamline+1"],"picked":"Sunder+1","floor":22},{"not_picked":["Glacier","Heatsinks"],"picked":"Genetic Algorithm","floor":23}],"player_experience":124350,"relics_obtained":[{"floor":6,"key":"Juzu Bracelet"},{"floor":9,"key":"Bag of Marbles"},{"floor":14,"key":"Bottled Tornado"},{"floor":17,"key":"Omamori"},{"floor":17,"key":"Kunai"},{"floor":17,"key":"Gambling Chip"},{"floor":23,"key":"Anchor"},{"floor":26,"key":"Question Card"}],"event_choices":[{"damage_healed":0,"gold_gain":0,"player_choice":"Entered Light","damage_taken":16,"max_hp_gain":0,"max_hp_loss":0,"event_name":"Shining Light","floor":5,"gold_loss":0,"cards_upgraded":["Coolheaded","Strike_B"]},{"damage_healed":0,"gold_gain":30,"player_choice":"Searched \u00273\u0027 times","damage_taken":0,"relics_obtained":["Torii"],"max_hp_gain":0,"max_hp_loss":0,"event_name":"Dead Adventurer","floor":8,"gold_loss":0},{"damage_healed":20,"gold_gain":0,"player_choice":"Healed and dodged fight","damage_taken":0,"max_hp_gain":0,"max_hp_loss":0,"event_name":"Mushrooms","floor":10,"gold_loss":0,"cards_obtained":["Parasite"]},{"damage_healed":0,"gold_gain":175,"player_choice":"AGREE","damage_taken":0,"max_hp_gain":0,"max_hp_loss":0,"event_name":"Liars Game","floor":13,"gold_loss":0,"cards_obtained":["Doubt"]},{"damage_healed":0,"gold_gain":0,"player_choice":"Read","damage_taken":0,"max_hp_gain":0,"max_hp_loss":0,"event_name":"The Library","floor":20,"gold_loss":0,"cards_obtained":["Echo Form"]},{"damage_healed":0,"gold_gain":0,"player_choice":"Joined the Cult","damage_taken":6,"max_hp_gain":0,"max_hp_loss":0,"event_name":"Nest","floor":25,"gold_loss":0,"cards_obtained":["RitualDagger"]}],"is_beta":false,"boss_relics":[{"not_picked":["FrozenCore","Busted Crown"],"picked":"Calling Bell"}],"items_purged_floors":[11,21],"is_endless":false,"potions_floor_spawned":[2,6,14,18,19],"killed_by":"Book of Stabbing","ascension_level":1}