{"gold_per_floor":[116,116,116,128,144,144,158,188,188,244,276,306,80,109,109,212,212,224,139,139,150,150,185,203,229,307,307,335,354,379,329,329,430,430,448,461,494,494,514,542,542,568,618,618,629,655,681,714,714,714,714,714,48,76,76],"floor_reached":56,"playtime":1195,"items_purged":["Deflect","Escape Plan","Apotheosis+1"],"score":2229,"play_id":"5e77e972-7477-4df8-9b56-dcdd1358abd7","local_time":"20190826144633","daily_mods":["SealedDeck","Red Cards","Colorless Cards","DeadlyEvents","Elite Swarm","Lethality","Night Terrors","Terminal"],"is_ascension_mode":false,"campfire_choices":[{"floor":6.0,"key":"RECALL"},{"data":"Apotheosis","floor":15.0,"key":"SMITH"},{"data":"Well Laid Plans","floor":27,"key":"SMITH"},{"data":"Barricade","floor":32,"key":"SMITH"},{"data":"Evolve","floor":44,"key":"SMITH"},{"data":"Deep Breath","floor":49,"key":"SMITH"},{"floor":52,"key":"REST"}],"neow_cost":"","seed_source_timestamp":0,"circlet_count":0,"master_deck":["Deep Breath+1","Body Slam+1","Evolve+1","PiercingWail+1","Backflip+1","Barricade+1","Adrenaline+1"],"special_seed":0,"relics":["Ring of the Snake","Paper Crane","The Courier","Singing Bowl","FossilizedHelix","Matryoshka","TheAbacus","Smiling Mask","Empty Cage","Bag of Marbles","Toxic Egg 2","Happy Flower","Sundial","Lantern","Nunchaku","Black Star","PreservedInsect","Pear","Frozen Egg 2","Ice Cream","War Paint","Ancient Tea Set","Snake Skull","Oddly Smooth Stone","Gambling Chip","Whetstone","Turnip","Art of War","Calipers","Omamori","Tingsha","Lee\u0027s Waffle","Bag of Preparation","Vajra","Mummified Hand","Pantograph"],"potions_floor_usage":[23,55,55],"damage_taken":[{"damage":0.0,"enemies":"2 Louse","floor":1.0,"turns":2.0},{"damage":0.0,"enemies":"Cultist","floor":4.0,"turns":1.0},{"damage":0.0,"enemies":"Jaw Worm","floor":5.0,"turns":2.0},{"damage":0.0,"enemies":"Gremlin Gang","floor":7.0,"turns":2.0},{"damage":0.0,"enemies":"Lagavulin","floor":8.0,"turns":2.0},{"damage":0.0,"enemies":"3 Sentries","floor":10.0,"turns":3.0},{"damage":0.0,"enemies":"3 Sentries","floor":11.0,"turns":3.0},{"damage":0.0,"enemies":"Gremlin Nob","floor":12.0,"turns":2.0},{"damage":0.0,"enemies":"Lagavulin","floor":14.0,"turns":1.0},{"damage":0.0,"enemies":"Hexaghost","floor":16.0,"turns":1.0},{"damage":0.0,"enemies":"Chosen","floor":18.0,"turns":1.0},{"damage":0.0,"enemies":"2 Thieves","floor":21.0,"turns":1.0},{"damage":0,"enemies":"Slavers","floor":23,"turns":1},{"damage":0,"enemies":"3 Cultists","floor":24,"turns":1},{"damage":0,"enemies":"Gremlin Leader","floor":25,"turns":1},{"damage":0,"enemies":"Slavers","floor":28,"turns":1},{"damage":0,"enemies":"Centurion and Healer","floor":29,"turns":1},{"damage":0,"enemies":"Gremlin Leader","floor":30,"turns":1},{"damage":0,"enemies":"Collector","floor":33,"turns":1},{"damage":0,"enemies":"Orb Walker","floor":35,"turns":1},{"damage":0,"enemies":"3 Darklings","floor":36,"turns":1},{"damage":0,"enemies":"Giant Head","floor":37,"turns":1},{"damage":0,"enemies":"Sphere and 2 Shapes","floor":39,"turns":1},{"damage":0,"enemies":"Nemesis","floor":40,"turns":1},{"damage":0,"enemies":"Reptomancer","floor":42,"turns":1},{"damage":0,"enemies":"Maw","floor":45,"turns":1},{"damage":0,"enemies":"Nemesis","floor":46,"turns":1},{"damage":0,"enemies":"Giant Head","floor":47,"turns":1},{"damage":0,"enemies":"Nemesis","floor":48,"turns":1},{"damage":0,"enemies":"Awakened One","floor":50,"turns":2},{"damage":0,"enemies":"Shield and Spear","floor":54,"turns":1},{"damage":0,"enemies":"The Heart","floor":55,"turns":3}],"seed_played":"-1470891597270340162","potions_obtained":[{"floor":1.0,"key":"Strength Potion"},{"floor":4.0,"key":"Regen Potion"},{"floor":7.0,"key":"Strength Potion"},{"floor":11.0,"key":"Dexterity Potion"},{"floor":23,"key":"Fruit Juice"},{"floor":24,"key":"Ancient Potion"},{"floor":42,"key":"GamblersBrew"}],"is_trial":true,"path_per_floor":["M","?","?","M","M","R","M","E","T","?","E","E","$","E","R","B",null,"M","?","?","M","$","E","M","E","T","R","E","M","E","$","R","B",null,"M","M","E","?","M","E","?","E","T","R","M","E","E","E","R","B",null,"R","$","E","B",null],"character_chosen":"THE_SILENT","items_purchased":["TheAbacus","Tingsha","Lee\u0027s Waffle","Bag of Preparation","Vajra"],"campfire_rested":1,"item_purchase_floors":[13,53,53,53,53],"current_hp_per_floor":[68,61,61,61,61,61,61,61,60,61,62,63,62,61,60,61,60,61,60,50,52,52,59,61,63,63,63,65,67,67,67,67,69,69,70,71,82,81,82,83,84,85,84,83,84,83,84,85,84,83,82,76,82,83,82],"gold":76,"neow_bonus":"","is_prod":false,"is_daily":false,"chose_seed":false,"campfire_upgraded":5,"win_rate":0,"timestamp":1566801993,"path_taken":["M","?","?","M","?","R","M","E","T","?","?","E","$","?","R","BOSS","M","?","?","M","$","E","M","E","T","R","?","?","E","$","R","BOSS","M","?","?","?","M","E","?","E","T","R","?","E","?","E","R","BOSS","R","$","E","BOSS"],"build_version":"2019-07-17","purchased_purges":3,"victory":true,"max_hp_per_floor":[68,67,66,65,64,63,62,61,60,61,62,63,62,61,60,61,60,61,60,64,65,64,70,71,72,71,70,71,72,71,70,69,70,69,70,71,82,81,82,83,84,85,84,83,84,83,84,85,84,83,82,76,82,83,82],"card_choices":[{"not_picked":["Dagger Spray","Poisoned Stab","Havoc"],"picked":"SKIP","floor":1.0},{"not_picked":["Infernal Blade","Flying Knee"],"picked":"Escape Plan","floor":4.0},{"not_picked":["Uppercut","Thunderclap","Choke"],"picked":"SKIP","floor":5.0},{"not_picked":["Outmaneuver","Flechettes","Leg Sweep"],"picked":"SKIP","floor":7.0},{"not_picked":["Offering","Unload","Night Terror"],"picked":"SKIP","floor":8.0},{"not_picked":["Acrobatics","Deflect","Wild Strike"],"picked":"Singing Bowl","floor":10.0},{"not_picked":["Reaper","Immolate","Unload"],"picked":"Singing Bowl","floor":11.0},{"not_picked":["Corpse Explosion","Feed","Thinking Ahead"],"picked":"Singing Bowl","floor":12.0},{"not_picked":["Feed","Thinking Ahead"],"picked":"Apotheosis","floor":14.0},{"not_picked":["Brutality","Exhume","Berserk"],"picked":"Singing Bowl","floor":16.0},{"not_picked":["Eviscerate","Flying Knee","Shrug It Off"],"picked":"Singing Bowl","floor":18.0},{"not_picked":["Expertise","Anger","Twin Strike"],"picked":"Singing Bowl","floor":21.0},{"not_picked":["Envenom","Magnetism","Thinking Ahead"],"picked":"Singing Bowl","floor":23},{"not_picked":["Dropkick","Dramatic Entrance","Acrobatics+1"],"picked":"Singing Bowl","floor":24},{"not_picked":["Magnetism","Mayhem","Limit Break+1"],"picked":"Singing Bowl","floor":25},{"not_picked":["Die Die Die","A Thousand Cuts","Burst+1"],"picked":"Singing Bowl","floor":28},{"not_picked":["Armaments+1","Infernal Blade+1","Dodge and Roll+1"],"picked":"Singing Bowl","floor":29},{"not_picked":["Secret Technique+1","Offering+1"],"picked":"Barricade","floor":30},{"not_picked":["Die Die Die","Berserk","Reaper"],"picked":"Singing Bowl","floor":33},{"not_picked":["Armaments+1","Seeing Red+1","Deflect+1"],"picked":"Singing Bowl","floor":35},{"not_picked":["Sever Soul+1","Flex+1","Expertise+1"],"picked":"Singing Bowl","floor":36},{"not_picked":["Transmutation+1","The Bomb+1","Glass Knife"],"picked":"Singing Bowl","floor":37},{"not_picked":["Footwork","PanicButton+1","Armaments+1"],"picked":"Singing Bowl","floor":39},{"not_picked":["A Thousand Cuts","Limit Break+1","Double Tap+1"],"picked":"Singing Bowl","floor":40},{"not_picked":["Madness+1","PanicButton+1","Enlightenment+1"],"picked":"Singing Bowl","floor":41},{"not_picked":["A Thousand Cuts+1","Envenom+1","Unload"],"picked":"Singing Bowl","floor":42},{"not_picked":["Dagger Throw+1","Shrug It Off+1","Blade Dance+1"],"picked":"Singing Bowl","floor":45},{"not_picked":["Brutality+1","Secret Technique+1"],"picked":"Adrenaline+1","floor":46},{"not_picked":["Wraith Form v2+1","Barricade+1","Metamorphosis+1"],"picked":"Singing Bowl","floor":47},{"not_picked":["Apotheosis+1","Juggernaut+1","Grand Finale"],"picked":"Singing Bowl","floor":48},{"not_picked":["Thinking Ahead+1","Burst+1","Feed"],"picked":"Singing Bowl","floor":54}],"player_experience":879164,"relics_obtained":[{"floor":8.0,"key":"Paper Crane"},{"floor":9.0,"key":"The Courier"},{"floor":10.0,"key":"Singing Bowl"},{"floor":11.0,"key":"FossilizedHelix"},{"floor":12.0,"key":"Matryoshka"},{"floor":14.0,"key":"Smiling Mask"},{"floor":23,"key":"Toxic Egg 2"},{"floor":25,"key":"Happy Flower"},{"floor":26,"key":"Sundial"},{"floor":28,"key":"Lantern"},{"floor":30,"key":"Nunchaku"},{"floor":37,"key":"PreservedInsect"},{"floor":37,"key":"Pear"},{"floor":40,"key":"Frozen Egg 2"},{"floor":40,"key":"Ice Cream"},{"floor":42,"key":"War Paint"},{"floor":42,"key":"Ancient Tea Set"},{"floor":43,"key":"Snake Skull"},{"floor":43,"key":"Oddly Smooth Stone"},{"floor":46,"key":"Gambling Chip"},{"floor":46,"key":"Whetstone"},{"floor":47,"key":"Turnip"},{"floor":47,"key":"Art of War"},{"floor":48,"key":"Calipers"},{"floor":48,"key":"Omamori"},{"floor":54,"key":"Mummified Hand"},{"floor":54,"key":"Pantograph"}],"event_choices":[{"cards_removed":["Iron Wave"],"damage_healed":0.0,"max_hp_gain":0.0,"max_hp_loss":0.0,"gold_gain":0.0,"event_name":"Golden Wing","player_choice":"Card Removal","floor":2.0,"gold_loss":0.0,"damage_taken":7.0},{"damage_healed":0.0,"max_hp_gain":0.0,"max_hp_loss":0.0,"gold_gain":0.0,"event_name":"Accursed Blacksmith","player_choice":"Forge","floor":3.0,"gold_loss":0.0,"damage_taken":0.0,"cards_upgraded":["Body Slam"]},{"damage_healed":0.0,"max_hp_gain":0.0,"max_hp_loss":0.0,"gold_gain":30.0,"event_name":"Dead Adventurer","player_choice":"Searched \u00272\u0027 times","floor":10.0,"gold_loss":0.0,"damage_taken":0.0},{"damage_healed":0.0,"max_hp_gain":0.0,"max_hp_loss":0.0,"gold_gain":0.0,"event_name":"Addict","player_choice":"Obtained Relic","floor":19.0,"gold_loss":85.0,"damage_taken":0.0,"relics_obtained":["Bag of Marbles"]},{"damage_healed":0.0,"max_hp_gain":5.0,"max_hp_loss":0.0,"gold_gain":0.0,"event_name":"Forgotten Altar","player_choice":"Shed Blood","floor":20.0,"gold_loss":0.0,"damage_taken":15.0},{"cards_removed":["Well Laid Plans"],"damage_healed":0,"gold_gain":0,"player_choice":"Removed Power","damage_taken":0,"max_hp_gain":0,"max_hp_loss":0,"event_name":"Falling","floor":38,"gold_loss":0},{"damage_healed":0,"gold_gain":0,"player_choice":"Memory 1","damage_taken":0,"max_hp_gain":0,"max_hp_loss":0,"event_name":"SensoryStone","floor":41,"gold_loss":0}],"is_beta":false,"boss_relics":[{"not_picked":["Busted Crown","Eternal Feather"],"picked":"Empty Cage"},{"not_picked":["Fusion Hammer","Snecko Eye"],"picked":"Black Star"}],"items_purged_floors":[13,31,53],"is_endless":false,"potions_floor_spawned":[1,4,7,11,16,23,24,25,30,33,39,42,47,48,54],"ascension_level":0}