{"gold_per_floor":[117,42,58,72,91,91,104,138,220,239,311,311,344,358,358,463,463,482,497,497,32,43,70,70,121,121,136,136,136,154,29,29,126,126,143,143,143,143,157,157,174,228,251,32,32,49,69,79,79,79],"floor_reached":51,"playtime":5228,"items_purged":["Strike_G","Defend_G","Strike_G"],"score":631,"play_id":"92f574b7-36a5-45c1-aefe-5db1408169f9","local_time":"20181001094029","is_ascension_mode":false,"campfire_choices":[{"data":"Dodge and Roll","floor":6.0,"key":"SMITH"},{"floor":12.0,"key":"REST"},{"floor":15.0,"key":"REST"},{"data":"Footwork","floor":24.0,"key":"SMITH"},{"data":"Noxious Fumes","floor":29.0,"key":"SMITH"},{"data":"Footwork","floor":32.0,"key":"SMITH"},{"data":"Quick Slash","floor":40,"key":"SMITH"},{"data":"Noxious Fumes","floor":45,"key":"SMITH"},{"floor":49,"key":"REST"}],"neow_cost":"NONE","seed_source_timestamp":0,"circlet_count":0,"master_deck":["Defend_G","Defend_G","Defend_G","Defend_G+1","Strike_G","Strike_G","Strike_G","Survivor","Tactician","Footwork+1","Dodge and Roll+1","Backstab","Backstab","Infinite Blades","Dagger Throw","PiercingWail","After Image","Terror+1","Backflip+1","Footwork+1","Crippling Poison+1","Quick Slash+1","Infinite Blades","Noxious Fumes+1","Crippling Poison+1","Secret Technique","PiercingWail","Noxious Fumes+1","Sadistic Nature"],"special_seed":0,"relics":["Ring of the Snake","Juzu Bracelet","Shuriken","Letter Opener","WingedGreaves","Velvet Choker","MutagenicStrength","War Paint","Oddly Smooth Stone","Potion Belt","Dream Catcher","Dodecahedron","Eternal Feather","Tough Bandages","Omamori"],"potions_floor_usage":[42,50,50,50],"damage_taken":[{"damage":13.0,"enemies":"Jaw Worm","floor":1.0,"turns":5.0},{"damage":2.0,"enemies":"2 Louse","floor":3.0,"turns":4.0},{"damage":2.0,"enemies":"Small Slimes","floor":4.0,"turns":6.0},{"damage":0.0,"enemies":"2 Fungi Beasts","floor":5.0,"turns":5.0},{"damage":6.0,"enemies":"Exordium Thugs","floor":7.0,"turns":11.0},{"damage":42.0,"enemies":"Lagavulin","floor":8.0,"turns":17.0},{"damage":0.0,"enemies":"Exordium Wildlife","floor":10.0,"turns":3.0},{"damage":22.0,"enemies":"Gremlin Nob","floor":13.0,"turns":5.0},{"damage":0.0,"enemies":"2 Fungi Beasts","floor":14.0,"turns":2.0},{"damage":24.0,"enemies":"The Guardian","floor":16.0,"turns":10.0},{"damage":8.0,"enemies":"Shell Parasite","floor":18.0,"turns":7.0},{"damage":0.0,"enemies":"Spheric Guardian","floor":19.0,"turns":6.0},{"damage":0.0,"enemies":"Centurion and Healer","floor":22.0,"turns":4.0},{"damage":2.0,"enemies":"Gremlin Leader","floor":23.0,"turns":5.0},{"damage":0.0,"enemies":"3 Cultists","floor":27.0,"turns":6.0},{"damage":9.0,"enemies":"Shelled Parasite and Fungi","floor":30.0,"turns":6.0},{"damage":11.0,"enemies":"Champ","floor":33.0,"turns":9.0},{"damage":9,"enemies":"3 Darklings","floor":35,"turns":5},{"damage":11,"enemies":"Orb Walker","floor":39,"turns":4},{"damage":0,"enemies":"4 Shapes","floor":41,"turns":6},{"damage":18,"enemies":"Mysterious Sphere","floor":42,"turns":5},{"damage":0,"enemies":"Transient","floor":46,"turns":5},{"damage":6,"enemies":"Sphere and 2 Shapes","floor":47,"turns":6},{"damage":15,"enemies":"3 Darklings","floor":48,"turns":5},{"damage":9,"enemies":"Donu and Deca","floor":50,"turns":10}],"seed_played":"-3747823642285246109","potions_obtained":[{"floor":4.0,"key":"Regen Potion"},{"floor":7.0,"key":"Strength Potion"},{"floor":10.0,"key":"Explosive Potion"},{"floor":14.0,"key":"AttackPotion"},{"floor":19.0,"key":"PowerPotion"},{"floor":22.0,"key":"PowerPotion"},{"floor":30.0,"key":"FearPotion"},{"floor":39,"key":"SkillPotion"},{"floor":42,"key":"PowerPotion"},{"floor":46,"key":"PowerPotion"},{"floor":48,"key":"Explosive Potion"}],"is_trial":false,"path_per_floor":["M","$","M","M","M","R","M","E","T","M","?","R","E","M","R","B",null,"M","M","?","$","M","E","R","T","T","M","?","R","M","$","R","B",null,"M","?","?","?","M","R","M","?","T","$","R","M","M","M","R","B"],"character_chosen":"THE_SILENT","items_purchased":["Footwork","War Paint","Oddly Smooth Stone","Noxious Fumes","Sadistic Nature"],"campfire_rested":3,"item_purchase_floors":[21,21,21,44,44],"current_hp_per_floor":[57,57,55,53,53,53,47,20,20,20,20,41,19,19,40,16,70,62,62,62,62,62,60,60,60,60,60,60,60,51,51,51,40,70,61,61,61,61,50,65,65,47,47,47,62,62,56,41,70,61],"gold":79,"neow_bonus":"RANDOM_COMMON_RELIC","is_prod":false,"is_daily":false,"chose_seed":false,"campfire_upgraded":6,"win_rate":0,"timestamp":1538401229,"path_taken":["M","$","M","M","M","R","M","E","T","M","?","R","E","M","R","BOSS","M","M","?","$","M","E","R","?","T","M","?","R","M","$","R","BOSS","M","?","?","?","M","R","M","?","T","?","R","M","M","M","R","BOSS"],"build_version":"2018-09-27","purchased_purges":3,"victory":true,"max_hp_per_floor":[70,70,70,70,70,70,70,70,70,70,70,70,70,70,70,70,70,70,70,70,70,70,70,70,70,70,70,70,70,70,70,70,70,70,70,70,70,70,70,70,70,70,70,70,70,70,70,70,70,70],"card_choices":[{"not_picked":["Dagger Throw","Reflex"],"picked":"Tactician","floor":1.0},{"not_picked":["All Out Attack","Blade Dance","Sucker Punch"],"picked":"SKIP","floor":3.0},{"not_picked":["Terror","Escape Plan"],"picked":"Footwork","floor":4.0},{"not_picked":["Deadly Poison","Catalyst"],"picked":"Dodge and Roll","floor":5.0},{"not_picked":["Envenom","Deflect"],"picked":"Backstab","floor":7.0},{"not_picked":["Eviscerate","Outmaneuver"],"picked":"Backstab","floor":8.0},{"not_picked":["Dagger Throw","Backstab"],"picked":"Infinite Blades","floor":10.0},{"not_picked":["PiercingWail","Finisher"],"picked":"Dagger Throw","floor":13.0},{"not_picked":["Quick Slash","Dagger Throw"],"picked":"PiercingWail","floor":14.0},{"not_picked":["A Thousand Cuts","Venomology"],"picked":"After Image","floor":16.0},{"not_picked":["Deadly Poison","Flechettes"],"picked":"Terror+1","floor":18.0},{"not_picked":["Outmaneuver","Prepared"],"picked":"Backflip","floor":19.0},{"not_picked":["Slice","Flying Knee"],"picked":"Crippling Poison+1","floor":22.0},{"not_picked":["Sucker Punch","Terror"],"picked":"Quick Slash","floor":23.0},{"not_picked":["PiercingWail","Acrobatics+1"],"picked":"Infinite Blades","floor":27.0},{"not_picked":["Burst","Masterful Stab+1","Leg Sweep"],"picked":"SKIP","floor":30.0},{"not_picked":["All Out Attack","Outmaneuver"],"picked":"Crippling Poison+1","floor":35},{"not_picked":["Secret Weapon","Bandage Up"],"picked":"Secret Technique","floor":37},{"not_picked":["Dagger Spray+1","Catalyst","Calculated Gamble"],"picked":"SKIP","floor":39},{"not_picked":["Catalyst","Slice+1","Dagger Throw"],"picked":"SKIP","floor":41},{"not_picked":["Infinite Blades","Underhanded Strike+1"],"picked":"PiercingWail","floor":42},{"not_picked":["Tactician+1","Unload","Caltrops"],"picked":"SKIP","floor":46},{"not_picked":["Underhanded Strike","Deflect+1","Flying Knee+1"],"picked":"SKIP","floor":47},{"not_picked":["Poisoned Stab+1","Bouncing Flask","Deflect"],"picked":"SKIP","floor":48}],"player_experience":66210,"relics_obtained":[{"floor":8.0,"key":"Shuriken"},{"floor":9.0,"key":"Letter Opener"},{"floor":13.0,"key":"WingedGreaves"},{"floor":23.0,"key":"Potion Belt"},{"floor":25.0,"key":"Dream Catcher"},{"floor":26.0,"key":"Dodecahedron"},{"floor":42,"key":"Tough Bandages"},{"floor":43,"key":"Omamori"}],"event_choices":[{"event_name":"Golden Wing","player_choice":"Gained Gold","floor":11.0,"damage_taken":0.0},{"event_name":"Drug Dealer","player_choice":"Inject Mutagens","floor":20.0,"damage_taken":0.0},{"event_name":"The Library","player_choice":"Read","floor":28.0,"damage_taken":0.0},{"event_name":"Falling","player_choice":"Removed Attack","floor":36,"damage_taken":0},{"event_name":"SensoryStone","player_choice":"Memory 1","floor":37,"damage_taken":0},{"event_name":"Tomb of Lord Red Mask","player_choice":"Ignored","floor":38,"damage_taken":0},{"event_name":"Mysterious Sphere","player_choice":"Fight","floor":42,"damage_taken":0}],"is_beta":false,"boss_relics":[{"not_picked":["Calling Bell","Coffee Dripper"],"picked":"Velvet Choker"},{"not_picked":["Astrolabe","Fusion Hammer"],"picked":"Eternal Feather"}],"items_purged_floors":[2,21,31],"is_endless":false,"potions_floor_spawned":[4,7,10,14,19,22,30,39,42,46,48],"ascension_level":0}