{"gold_per_floor":[114,124,124,144,44,71,90,109,136,161,173,195,221,250,262,376,388,413,33,33,43,54,54,87,87],"floor_reached":25,"playtime":3003,"items_purged":["Strike_G"],"score":237,"play_id":"be77e9bd-8c10-4b54-b96c-f41f26f77bf0","local_time":"20190915155417","is_ascension_mode":false,"campfire_choices":[{"floor":11,"key":"REST"},{"data":"Poisoned Stab","floor":15,"key":"SMITH"},{"floor":23,"key":"REST"}],"neow_cost":"NONE","seed_source_timestamp":77789460731400,"circlet_count":0,"master_deck":["Strike_G","Strike_G","Strike_G","Strike_G","Defend_G","Defend_G","Defend_G","Defend_G","Defend_G","Survivor","Neutralize","Slice","Endless Agony","Neutralize","Acrobatics","Poisoned Stab+1","Eviscerate","Deflect","Noxious Fumes","Slice","Predator","Cloak And Dagger","Endless Agony","Doppelganger","PiercingWail","Escape Plan","Writhe","Bane","Noxious Fumes","Skewer+1"],"relics":["Ring of the Snake","Strawberry","Orichalcum","Lantern","MawBank","WristBlade","Bottled Tornado","Centennial Puzzle","Molten Egg 2"],"potions_floor_usage":[16,16,18,24],"damage_taken":[{"damage":1,"enemies":"2 Louse","floor":1,"turns":3},{"damage":1,"enemies":"Cultist","floor":2,"turns":4},{"damage":0,"enemies":"Small Slimes","floor":4,"turns":3},{"damage":23,"enemies":"Lagavulin","floor":6,"turns":9},{"damage":2,"enemies":"Blue Slaver","floor":7,"turns":6},{"damage":3,"enemies":"Red Slaver","floor":8,"turns":3},{"damage":9,"enemies":"Gremlin Nob","floor":10,"turns":5},{"damage":0,"enemies":"2 Fungi Beasts","floor":12,"turns":4},{"damage":3,"enemies":"Large Slime","floor":13,"turns":7},{"damage":0,"enemies":"Blue Slaver","floor":14,"turns":3},{"damage":32,"enemies":"The Guardian","floor":16,"turns":13},{"damage":16,"enemies":"2 Thieves","floor":18,"turns":4},{"damage":4,"enemies":"Shell Parasite","floor":21,"turns":5},{"damage":27,"enemies":"Shelled Parasite and Fungi","floor":22,"turns":5},{"damage":39,"enemies":"Book of Stabbing","floor":24,"turns":7},{"damage":29,"enemies":"3 Cultists","floor":25,"turns":4}],"seed_played":"-363710323172316251","potions_obtained":[{"floor":7,"key":"Weak Potion"},{"floor":8,"key":"EssenceOfSteel"},{"floor":12,"key":"FairyPotion"},{"floor":16,"key":"AttackPotion"},{"floor":18,"key":"GamblersBrew"},{"floor":21,"key":"PowerPotion"},{"floor":24,"key":"PowerPotion"}],"is_trial":false,"path_per_floor":["M","M","?","M","$","E","M","M","T","E","R","M","M","M","R","B",null,"M","$","?","M","M","R","E","M"],"character_chosen":"THE_SILENT","items_purchased":["Block Potion","Poisoned Stab","Bottled Tornado","Escape Plan"],"campfire_rested":2,"item_purchase_floors":[5,5,19,19],"current_hp_per_floor":[76,75,75,75,75,52,50,47,47,38,61,61,58,58,58,26,77,61,61,61,57,30,53,14,0],"gold":87,"neow_bonus":"RANDOM_COMMON_RELIC","is_prod":false,"is_daily":false,"chose_seed":false,"campfire_upgraded":1,"win_rate":0,"timestamp":1568580857,"path_taken":["M","M","?","M","$","E","M","M","T","E","R","M","?","M","R","BOSS","M","?","?","M","M","R","E","M"],"build_version":"2019-07-17","purchased_purges":1,"victory":false,"max_hp_per_floor":[77,77,77,77,77,77,77,77,77,77,77,77,77,77,77,77,77,77,77,77,77,77,77,77,77],"card_choices":[{"not_picked":["Flying Knee","Masterful Stab"],"picked":"Slice","floor":1},{"not_picked":["Skewer","Sucker Punch"],"picked":"Endless Agony","floor":2},{"not_picked":["Outmaneuver","Dagger Throw"],"picked":"Acrobatics","floor":4},{"not_picked":["Phantasmal Killer","Backflip"],"picked":"Eviscerate","floor":6},{"not_picked":["Dagger Spray","Caltrops"],"picked":"Deflect","floor":7},{"not_picked":["Endless Agony","Underhanded Strike"],"picked":"Noxious Fumes","floor":8},{"not_picked":["Glass Knife","Infinite Blades"],"picked":"Slice","floor":10},{"not_picked":["Dodge and Roll","Finisher"],"picked":"Predator","floor":12},{"not_picked":["Outmaneuver","Sucker Punch"],"picked":"Cloak And Dagger","floor":13},{"not_picked":["Acrobatics","All Out Attack"],"picked":"Endless Agony","floor":14},{"not_picked":["Glass Knife","Tools of the Trade"],"picked":"Doppelganger","floor":16},{"not_picked":["Noxious Fumes","Dagger Throw"],"picked":"PiercingWail","floor":18},{"not_picked":["Masterful Stab","Flying Knee+1"],"picked":"Bane","floor":21},{"not_picked":["Distraction","Bane"],"picked":"Noxious Fumes","floor":22},{"not_picked":["PiercingWail","Well Laid Plans+1"],"picked":"Skewer","floor":24}],"player_experience":137082,"relics_obtained":[{"floor":6,"key":"Orichalcum"},{"floor":9,"key":"Lantern"},{"floor":10,"key":"MawBank"},{"floor":24,"key":"Molten Egg 2"}],"event_choices":[{"damage_healed":0,"gold_gain":0,"player_choice":"1 cards matched","damage_taken":0,"max_hp_gain":0,"max_hp_loss":0,"event_name":"Match and Keep!","floor":3,"gold_loss":0,"cards_obtained":["Neutralize"]},{"damage_healed":0,"gold_gain":0,"player_choice":"Opened","damage_taken":0,"relics_obtained":["Centennial Puzzle"],"max_hp_gain":0,"max_hp_loss":0,"event_name":"The Mausoleum","floor":20,"gold_loss":0,"cards_obtained":["Writhe"]}],"is_beta":false,"boss_relics":[{"not_picked":["Orrery","Eternal Feather"],"picked":"WristBlade"}],"items_purged_floors":[19],"is_endless":false,"potions_floor_spawned":[7,8,10,12,14,16,18,21,24],"killed_by":"3 Cultists","ascension_level":0}