{"gold_per_floor":[114,128,203,203,103,134,63,63,63,63,80,11,11,31,31,136,136,151,151,151,162,179,209,220,220,220,236,255,255,170,187,187,187],"floor_reached":33,"playtime":2608,"items_purged":["Defend_R"],"score":267,"play_id":"80934a76-dba7-4622-9ffb-3ebb6419e43a","local_time":"20180925095025","is_ascension_mode":false,"campfire_choices":[{"data":"Flame Barrier","floor":10,"key":"SMITH"},{"floor":13,"key":"REST"},{"data":"Twin Strike","floor":15,"key":"SMITH"},{"floor":25,"key":"REST"},{"floor":32,"key":"REST"}],"neow_cost":"NONE","seed_source_timestamp":780375512450461,"circlet_count":0,"master_deck":["Strike_R","Strike_R","Defend_R","Defend_R","Bash","Warcry","Blood for Blood","Shrug It Off","Flame Barrier+1","Headbutt","Twin Strike+1","Shockwave","Battle Trance","Thunderclap","Double Tap","Shame","Battle Trance+1","Rampage+1","Headbutt+1","Rage","Iron Wave+1","Armaments","True Grit+1","Clothesline+1","Warcry","Headbutt"],"relics":["Mark of Pain","Kunai","Paper Frog","Astrolabe","Centennial Puzzle","Thread and Needle","Potion Belt","MutagenicStrength","Shuriken"],"potions_floor_usage":[16,16,23,23,23,27,33],"damage_taken":[{"damage":1,"enemies":"Cultist","floor":1,"turns":3},{"damage":1,"enemies":"Jaw Worm","floor":2,"turns":4},{"damage":36,"enemies":"3 Sentries","floor":6,"turns":9},{"damage":0,"enemies":"2 Louse","floor":11,"turns":2},{"damage":0,"enemies":"Blue Slaver","floor":14,"turns":3},{"damage":45,"enemies":"Hexaghost","floor":16,"turns":8},{"damage":5,"enemies":"Chosen","floor":18,"turns":3},{"damage":0,"enemies":"3 Byrds","floor":21,"turns":2},{"damage":18,"enemies":"Centurion and Healer","floor":22,"turns":4},{"damage":33,"enemies":"Gremlin Leader","floor":23,"turns":7},{"damage":0,"enemies":"Cultist and Chosen","floor":24,"turns":5},{"damage":5,"enemies":"3 Cultists","floor":27,"turns":5},{"damage":6,"enemies":"Centurion and Healer","floor":28,"turns":9},{"damage":1,"enemies":"Shelled Parasite and Fungi","floor":31,"turns":3},{"damage":88,"enemies":"Automaton","floor":33,"turns":10}],"seed_played":"5283497011481192154","potions_obtained":[{"floor":2,"key":"SteroidPotion"},{"floor":6,"key":"BloodPotion"},{"floor":11,"key":"Energy Potion"},{"floor":16,"key":"Fire Potion"},{"floor":21,"key":"SkillPotion"},{"floor":22,"key":"PowerPotion"},{"floor":23,"key":"Block Potion"},{"floor":28,"key":"Regen Potion"}],"is_trial":false,"path_per_floor":["M","M","?","?","$","E","$","?","T","R","M","$","R","M","R","B",null,"M","?","?","M","M","E","M","R","T","M","M","?","?","M","R"],"character_chosen":"IRONCLAD","items_purchased":["Shrug It Off","Headbutt","Twin Strike","Battle Trance"],"campfire_rested":3,"item_purchase_floors":[5,7,7,12],"current_hp_per_floor":[79,78,67,67,67,31,31,51,51,51,51,51,75,75,75,30,77,72,72,72,72,54,28,28,51,51,46,40,40,40,39,62,0],"gold":187,"neow_bonus":"BOSS_RELIC","is_prod":false,"is_daily":false,"chose_seed":false,"campfire_upgraded":2,"win_rate":0.0,"timestamp":1537883425,"path_taken":["M","M","?","?","$","E","?","?","T","R","M","$","R","M","R","BOSS","M","?","?","M","?","E","M","R","T","M","M","?","?","M","R","BOSS"],"build_version":"2018-09-20","purchased_purges":1,"victory":false,"max_hp_per_floor":[80,80,80,80,80,80,80,80,80,80,80,80,80,80,80,80,77,77,77,77,77,77,77,77,77,77,77,77,77,77,77,77,77],"card_choices":[{"not_picked":["Anger","Heavy Blade"],"picked":"Warcry","floor":1},{"not_picked":["Second Wind","Warcry"],"picked":"Blood for Blood","floor":2},{"not_picked":["Iron Wave","Flex"],"picked":"Flame Barrier","floor":6},{"not_picked":["Rampage","Flex"],"picked":"Shockwave","floor":11},{"not_picked":["Anger","Clash"],"picked":"Thunderclap","floor":14},{"not_picked":["Fiend Fire","Brutality"],"picked":"Double Tap","floor":16},{"not_picked":["Rampage","Heavy Blade+1"],"picked":"Headbutt+1","floor":18},{"not_picked":["Sword Boomerang","Anger"],"picked":"Rage","floor":21},{"not_picked":["Pommel Strike","Warcry"],"picked":"Iron Wave+1","floor":22},{"not_picked":["Dark Embrace","Anger"],"picked":"Armaments","floor":23},{"not_picked":["Headbutt","Pummel"],"picked":"True Grit+1","floor":24},{"not_picked":["Infernal Blade","Flame Barrier"],"picked":"Clothesline+1","floor":27},{"not_picked":["Clothesline+1","Rage"],"picked":"Warcry","floor":28},{"not_picked":["Spot Weakness","Perfected Strike"],"picked":"Headbutt","floor":31}],"player_experience":18119,"relics_obtained":[{"floor":6,"key":"Kunai"},{"floor":9,"key":"Paper Frog"},{"floor":23,"key":"Thread and Needle"},{"floor":26,"key":"Potion Belt"}],"event_choices":[{"event_name":"World of Goop","player_choice":"Gather Gold","floor":3,"damage_taken":0},{"event_name":"Living Wall","player_choice":"Forget","floor":4,"damage_taken":0},{"event_name":"Mushrooms","player_choice":"Healed and dodged fight","floor":8,"damage_taken":0},{"event_name":"WeMeetAgain","player_choice":"Potion","floor":19,"damage_taken":0},{"event_name":"Back to Basics","player_choice":"Elegance","floor":20,"damage_taken":0},{"event_name":"Drug Dealer","player_choice":"Inject Mutagens","floor":29,"damage_taken":0},{"event_name":"Addict","player_choice":"Obtained Relic","floor":30,"damage_taken":0}],"is_beta":false,"boss_relics":[{"not_picked":["Philosopher\u0027s Stone","Eternal Feather"],"picked":"Astrolabe"}],"items_purged_floors":[5],"is_endless":false,"potions_floor_spawned":[2,6,11,16,21,22,23,28],"killed_by":"Automaton","ascension_level":0}