{"gold_per_floor":[116,116,66,66,79,79,109,109,158,158,190,217,242,259,259,356,356,368,93,109,34,34,67,67,95,95,124,124,158,58,58,58,155,155,166,166,166,194,212,238,264,290,366,398,398,425,453,453,453,453,453,453,73,107,107],"floor_reached":56,"playtime":1375,"items_purged":["Finesse","Evolve+1"],"score":2074,"play_id":"2312bbd8-33a1-49e3-ac8d-0d0f496032ad","local_time":"20190826103601","daily_mods":["SealedDeck","Red Cards","Colorless Cards","DeadlyEvents","Elite Swarm","Night Terrors","Terminal"],"is_ascension_mode":false,"campfire_choices":[{"data":"Calculated Gamble","floor":6.0,"key":"SMITH"},{"data":"Evolve","floor":8.0,"key":"SMITH"},{"data":"Impatience","floor":10.0,"key":"SMITH"},{"data":"Backflip","floor":15.0,"key":"SMITH"},{"floor":24.0,"key":"REST"},{"data":"Deep Breath","floor":28.0,"key":"SMITH"},{"floor":32.0,"key":"RECALL"},{"data":"Barricade","floor":49,"key":"SMITH"},{"data":"Footwork","floor":52,"key":"SMITH"}],"neow_cost":"","seed_source_timestamp":0,"circlet_count":0,"master_deck":["Calculated Gamble+1","Impatience+1","Body Slam+1","Backflip+1","Footwork+1","Barricade+1","Adrenaline","Adrenaline"],"special_seed":0,"relics":["Unceasing Top","Tough Bandages","Happy Flower","Lantern","Dream Catcher","Anchor","Empty Cage","ClockworkSouvenir","Art of War","Incense Burner","Gremlin Horn","WingedGreaves","Pantograph","Bag of Preparation","Runic Pyramid","Oddly Smooth Stone","Bird Faced Urn","Pen Nib","Regal Pillow","Smiling Mask","Paper Crane","Bronze Scales","DollysMirror","StoneCalendar"],"potions_floor_usage":[55,55,55,55,55,55],"damage_taken":[{"damage":0.0,"enemies":"Small Slimes","floor":1.0,"turns":4.0},{"damage":0.0,"enemies":"2 Louse","floor":5.0,"turns":1.0},{"damage":0.0,"enemies":"Lagavulin","floor":7.0,"turns":3.0},{"damage":0.0,"enemies":"3 Sentries","floor":11.0,"turns":2.0},{"damage":0.0,"enemies":"Lagavulin","floor":12.0,"turns":2.0},{"damage":0.0,"enemies":"Gremlin Nob","floor":13.0,"turns":1.0},{"damage":0.0,"enemies":"Jaw Worm","floor":14.0,"turns":1.0},{"damage":0.0,"enemies":"The Guardian","floor":16.0,"turns":1.0},{"damage":0.0,"enemies":"Shell Parasite","floor":18.0,"turns":1.0},{"damage":0.0,"enemies":"Spheric Guardian","floor":20.0,"turns":1.0},{"damage":0.0,"enemies":"Book of Stabbing","floor":23.0,"turns":1.0},{"damage":0.0,"enemies":"Gremlin Leader","floor":25.0,"turns":1.0},{"damage":0.0,"enemies":"Book of Stabbing","floor":27.0,"turns":1.0},{"damage":0.0,"enemies":"Gremlin Leader","floor":29.0,"turns":1.0},{"damage":0.0,"enemies":"Automaton","floor":33.0,"turns":1.0},{"damage":0.0,"enemies":"3 Shapes","floor":35.0,"turns":1.0},{"damage":0,"enemies":"Giant Head","floor":38,"turns":1},{"damage":0,"enemies":"3 Darklings","floor":39,"turns":1},{"damage":0,"enemies":"Reptomancer","floor":40,"turns":1},{"damage":0,"enemies":"Nemesis","floor":41,"turns":1},{"damage":0,"enemies":"Reptomancer","floor":42,"turns":1},{"damage":0,"enemies":"Nemesis","floor":44,"turns":1},{"damage":0,"enemies":"Giant Head","floor":46,"turns":2},{"damage":0,"enemies":"Nemesis","floor":47,"turns":1},{"damage":0,"enemies":"Donu and Deca","floor":50,"turns":2},{"damage":0,"enemies":"Shield and Spear","floor":54,"turns":1},{"damage":0,"enemies":"The Heart","floor":55,"turns":3}],"seed_played":"-903764530625091203","potions_obtained":[{"floor":1.0,"key":"GamblersBrew"},{"floor":11.0,"key":"Poison Potion"},{"floor":13.0,"key":"EntropicBrew"},{"floor":16.0,"key":"GamblersBrew"}],"is_trial":true,"path_per_floor":["M","?","?","?","M","R","E","R","T","R","E","E","E","M","R","B",null,"M","$","M","?","$","E","R","E","T","E","R","E","$","T","R","B",null,"M","?","?","E","M","E","E","E","T","E","$","E","E","$","R","B",null,"R","$","E","B",null],"character_chosen":"THE_SILENT","items_purchased":["ClockworkSouvenir","PowerPotion","Adrenaline","DollysMirror"],"campfire_rested":1,"item_purchase_floors":[19,53,53,53],"current_hp_per_floor":[68,65,65,65,64,63,62,61,60,59,58,57,56,55,54,53,52,51,50,49,48,47,46,40,39,38,37,36,35,34,33,32,31,30,29,27,26,25,24,23,22,21,20,19,18,17,16,15,14,13,12,11,10,9,8],"gold":107,"neow_bonus":"","is_prod":false,"is_daily":false,"chose_seed":false,"campfire_upgraded":7,"win_rate":0,"timestamp":1566786961,"path_taken":["M","?","?","?","M","R","E","R","T","R","E","?","E","M","R","BOSS","M","$","M","?","?","E","R","E","T","E","R","E","$","?","R","BOSS","M","?","?","?","?","E","E","E","T","E","$","E","E","$","R","BOSS","R","$","E","BOSS"],"build_version":"2019-07-17","purchased_purges":2,"victory":true,"max_hp_per_floor":[68,67,66,65,64,63,62,61,60,59,58,57,56,55,54,53,52,51,50,49,48,47,46,40,39,38,37,36,35,34,33,32,31,30,29,27,26,25,24,23,22,21,20,19,18,17,16,15,14,13,12,11,10,9,8],"card_choices":[{"not_picked":["Cloak And Dagger","Sword Boomerang","Combust"],"picked":"SKIP","floor":1.0},{"not_picked":["Anger","Iron Wave","Underhanded Strike"],"picked":"SKIP","floor":5.0},{"not_picked":["Fiend Fire","Reaper","Demon Form"],"picked":"SKIP","floor":7.0},{"not_picked":["Secret Weapon","The Bomb","Immolate"],"picked":"SKIP","floor":11.0},{"not_picked":["HandOfGreed","Envenom","Secret Technique"],"picked":"SKIP","floor":12.0},{"not_picked":["Exhume","Impervious","Night Terror"],"picked":"SKIP","floor":13.0},{"not_picked":["Havoc","Bloodletting","Skewer"],"picked":"SKIP","floor":14.0},{"not_picked":["Reckless Charge","Iron Wave","Flex"],"picked":"SKIP","floor":18.0},{"not_picked":["Pummel","Blood for Blood","Anger"],"picked":"SKIP","floor":20.0},{"not_picked":["Secret Weapon","Secret Technique","Chrysalis"],"picked":"SKIP","floor":23.0},{"not_picked":["Infinite Blades","Bane"],"picked":"Deep Breath","floor":24.0},{"not_picked":["Envenom","Double Tap","Impervious"],"picked":"SKIP","floor":25.0},{"not_picked":["Feed","Sadistic Nature","Fiend Fire"],"picked":"SKIP","floor":27.0},{"not_picked":["Phantasmal Killer","Bludgeon","Doppelganger"],"picked":"SKIP","floor":29.0},{"not_picked":["Dodge and Roll+1","Clash+1","Infernal Blade"],"picked":"SKIP","floor":35.0},{"not_picked":["Apotheosis","Doppelganger","Juggernaut"],"picked":"SKIP","floor":38},{"not_picked":["Apotheosis","Doppelganger","Juggernaut"],"picked":"SKIP","floor":38},{"not_picked":["Escape Plan+1","Bloodletting+1"],"picked":"Footwork","floor":39},{"not_picked":["Magnetism","Venomology","Bullet Time"],"picked":"SKIP","floor":40},{"not_picked":["Malaise","Limit Break","Venomology"],"picked":"SKIP","floor":41},{"not_picked":["Metamorphosis","Doppelganger"],"picked":"Barricade","floor":42},{"not_picked":["Juggernaut","Bullet Time","Envenom"],"picked":"SKIP","floor":44},{"not_picked":["Secret Technique","Venomology","Envenom"],"picked":"SKIP","floor":46},{"not_picked":["Secret Technique","Venomology","Envenom"],"picked":"SKIP","floor":46},{"not_picked":["Fiend Fire","Thinking Ahead","Reaper"],"picked":"SKIP","floor":47},{"not_picked":["Envenom","Magnetism","Wraith Form v2"],"picked":"SKIP","floor":54}],"player_experience":873230,"relics_obtained":[{"floor":9.0,"key":"Happy Flower"},{"floor":11.0,"key":"Lantern"},{"floor":12.0,"key":"Dream Catcher"},{"floor":13.0,"key":"Anchor"},{"floor":23.0,"key":"Art of War"},{"floor":25.0,"key":"Incense Burner"},{"floor":26.0,"key":"Gremlin Horn"},{"floor":27.0,"key":"WingedGreaves"},{"floor":29.0,"key":"Pantograph"},{"floor":31.0,"key":"Bag of Preparation"},{"floor":38,"key":"Oddly Smooth Stone"},{"floor":40,"key":"Bird Faced Urn"},{"floor":41,"key":"Pen Nib"},{"floor":42,"key":"Regal Pillow"},{"floor":44,"key":"Smiling Mask"},{"floor":46,"key":"Paper Crane"},{"floor":47,"key":"Bronze Scales"},{"floor":54,"key":"StoneCalendar"}],"event_choices":[{"damage_healed":0.0,"max_hp_gain":0.0,"max_hp_loss":0.0,"gold_gain":0.0,"event_name":"Scrap Ooze","player_choice":"Success","floor":2.0,"gold_loss":0.0,"damage_taken":3.0,"relics_obtained":["Tough Bandages"]},{"cards_removed":["Battle Trance"],"damage_healed":0.0,"max_hp_gain":0.0,"max_hp_loss":0.0,"gold_gain":0.0,"event_name":"The Cleric","player_choice":"Card Removal","floor":3.0,"gold_loss":50.0,"damage_taken":0.0},{"damage_healed":0.0,"max_hp_gain":0.0,"max_hp_loss":0.0,"gold_gain":0.0,"event_name":"Living Wall","player_choice":"Grow","floor":4.0,"gold_loss":0.0,"damage_taken":0.0,"cards_upgraded":["Body Slam"]},{"cards_removed":["Second Wind"],"damage_healed":0.0,"max_hp_gain":0.0,"max_hp_loss":0.0,"gold_gain":0.0,"event_name":"Beggar","player_choice":"Gave Gold","floor":21.0,"gold_loss":75.0,"damage_taken":0.0},{"damage_healed":0.0,"max_hp_gain":0.0,"max_hp_loss":1.0,"gold_gain":0.0,"event_name":"Winding Halls","player_choice":"Max HP","floor":36.0,"gold_loss":0.0,"damage_taken":0.0},{"cards_removed":["Deep Breath"],"damage_healed":0,"gold_gain":0,"player_choice":"Offered Uncommon","damage_taken":0,"max_hp_gain":0,"max_hp_loss":0,"event_name":"Bonfire Elementals","floor":37,"gold_loss":0}],"is_beta":false,"boss_relics":[{"not_picked":["Black Star","WristBlade"],"picked":"Empty Cage"},{"not_picked":["Velvet Choker","Cursed Key"],"picked":"Runic Pyramid"}],"items_purged_floors":[19,30],"is_endless":false,"potions_floor_spawned":[1,11,13,14,16,23,25,38,40,42,54],"ascension_level":0}