{"gold_per_floor":[110,128,138,153,153,180,190,190,217,243,260,279,279,297,297,398,398,418,418,436,448,448],"floor_reached":22,"playtime":1659,"items_purged":[],"score":202,"play_id":"343e545d-f08f-475c-b69f-e5f002442ca8","local_time":"20190916162456","is_ascension_mode":false,"campfire_choices":[{"floor":8.0,"key":"REST"},{"floor":13.0,"key":"REST"},{"floor":15.0,"key":"REST"}],"neow_cost":"NONE","seed_source_timestamp":0,"circlet_count":0,"master_deck":["Strike_B","Strike_B","Strike_B","Strike_B","Defend_B","Defend_B","Defend_B","Defend_B","Zap","Dualcast","Cold Snap","Cold Snap","Doom and Gloom","Sweeping Beam","Doom and Gloom","Coolheaded","Genetic Algorithm","Cold Snap","Capacitor","Leap","Electrodynamics","Creative AI+1","Electrodynamics+1","Darkness+1","Sweeping Beam","Darkness+1","Doom and Gloom"],"special_seed":0,"relics":["Cracked Core","Omamori","Dream Catcher","Oddly Smooth Stone","Regal Pillow","Astrolabe"],"potions_floor_usage":[],"damage_taken":[{"damage":0.0,"enemies":"Small Slimes","floor":1.0,"turns":3.0},{"damage":0.0,"enemies":"Cultist","floor":2.0,"turns":3.0},{"damage":1.0,"enemies":"Jaw Worm","floor":3.0,"turns":3.0},{"damage":4.0,"enemies":"Red Slaver","floor":4.0,"turns":3.0},{"damage":18.0,"enemies":"Lagavulin","floor":6.0,"turns":5.0},{"damage":9.0,"enemies":"3 Louse","floor":7.0,"turns":2.0},{"damage":25.0,"enemies":"Gremlin Nob","floor":10.0,"turns":5.0},{"damage":29.0,"enemies":"Exordium Wildlife","floor":11.0,"turns":4.0},{"damage":9.0,"enemies":"Lots of Slimes","floor":12.0,"turns":8.0},{"damage":4.0,"enemies":"2 Fungi Beasts","floor":14.0,"turns":2.0},{"damage":25.0,"enemies":"Slime Boss","floor":16.0,"turns":8.0},{"damage":31,"enemies":"Chosen","floor":18,"turns":7},{"damage":31,"enemies":"Spheric Guardian","floor":20,"turns":7},{"damage":15,"enemies":"3 Cultists","floor":21,"turns":4},{"damage":8,"enemies":"Snake Plant","floor":22,"turns":2}],"seed_played":"-3068031435308894200","potions_obtained":[{"floor":1.0,"key":"SmokeBomb"},{"floor":4.0,"key":"Swift Potion"},{"floor":6.0,"key":"Explosive Potion"},{"floor":14.0,"key":"SkillPotion"}],"is_trial":false,"path_per_floor":["M","M","M","M","?","E","M","R","T","E","M","M","R","M","R","B",null,"M","?","M","M","M"],"character_chosen":"DEFECT","items_purchased":[],"campfire_rested":3,"item_purchase_floors":[],"current_hp_per_floor":[82,82,81,77,77,59,50,74,74,49,20,18,57,60,82,64,82,51,51,20,5,0],"gold":448,"neow_bonus":"TEN_PERCENT_HP_BONUS","is_prod":false,"is_daily":false,"chose_seed":false,"campfire_upgraded":0,"win_rate":0.0,"timestamp":1568665496,"path_taken":["M","M","M","M","?","E","M","R","T","E","M","?","R","M","R","BOSS","M","?","M","M","?"],"build_version":"2019-07-17","purchased_purges":0,"victory":false,"max_hp_per_floor":[82,82,82,82,82,82,82,82,82,82,82,82,82,82,82,82,82,82,82,82,82,82],"card_choices":[{"not_picked":["Blizzard","Leap"],"picked":"Cold Snap","floor":1.0},{"not_picked":["Steam","Blizzard"],"picked":"Cold Snap","floor":2.0},{"not_picked":["Go for the Eyes","Sweeping Beam"],"picked":"Doom and Gloom","floor":3.0},{"not_picked":["Aggregate","Heatsinks"],"picked":"Sweeping Beam","floor":4.0},{"not_picked":["Lockon","Barrage"],"picked":"Doom and Gloom","floor":6.0},{"not_picked":["Reinforced Body","Barrage"],"picked":"Reprogram","floor":7.0},{"not_picked":["Gash","Skim"],"picked":"Coolheaded","floor":8.0},{"not_picked":["Seek","Skim"],"picked":"Genetic Algorithm","floor":10.0},{"not_picked":["Ball Lightning","Static Discharge"],"picked":"Self Repair","floor":11.0},{"not_picked":["Conserve Battery","Stack"],"picked":"Cold Snap","floor":12.0},{"not_picked":["Sweeping Beam","Lockon"],"picked":"Redo","floor":13.0},{"not_picked":["Doom and Gloom","Reprogram"],"picked":"Capacitor","floor":14.0},{"not_picked":["Darkness","Conserve Battery"],"picked":"Leap","floor":15.0},{"not_picked":["Multi-Cast","Buffer"],"picked":"Electrodynamics","floor":16.0},{"not_picked":["Consume","Steam"],"picked":"Sweeping Beam","floor":18},{"not_picked":["Beam Cell","Lockon+1"],"picked":"Darkness+1","floor":20},{"not_picked":["BootSequence","Storm"],"picked":"Doom and Gloom","floor":21}],"player_experience":31600,"relics_obtained":[{"floor":6.0,"key":"Dream Catcher"},{"floor":9.0,"key":"Oddly Smooth Stone"},{"floor":10.0,"key":"Regal Pillow"}],"event_choices":[{"damage_healed":0.0,"max_hp_gain":0.0,"max_hp_loss":0.0,"gold_gain":0.0,"event_name":"WeMeetAgain","player_choice":"Gave Potion","floor":5.0,"gold_loss":0.0,"damage_taken":0.0,"relics_obtained":["Omamori"]},{"damage_healed":0,"gold_gain":0,"player_choice":"Bought 0 Potions","damage_taken":0,"max_hp_gain":0,"max_hp_loss":0,"event_name":"The Woman in Blue","floor":19,"gold_loss":0}],"is_beta":false,"boss_relics":[{"not_picked":["Busted Crown","Runic Dome"],"picked":"Astrolabe"}],"items_purged_floors":[],"is_endless":false,"potions_floor_spawned":[1,4,6,14,16,20,21],"killed_by":"Snake Plant","ascension_level":0}