{"gold_per_floor":[114,114,127,137,152,185,233,266,289,289,289,305,305,323,323,423,473,484,130,229,244,244,272,129,129,197,209,236,236,247,247,247,247],"floor_reached":33,"playtime":3291,"items_purged":["Decay"],"score":275,"play_id":"c8d4564d-2c18-414e-8a0d-58a983ff9284","local_time":"20190915144937","is_ascension_mode":false,"campfire_choices":[{"floor":10,"key":"REST"},{"data":"Bane","floor":13,"key":"SMITH"},{"data":"Choke","floor":15,"key":"SMITH"},{"floor":25,"key":"REST"},{"floor":29,"key":"REST"},{"floor":32,"key":"REST"}],"neow_cost":"NONE","seed_source_timestamp":73621906152400,"circlet_count":0,"master_deck":["Strike_G","Strike_G","Strike_G","Strike_G+1","Strike_G","Defend_G","Defend_G","Defend_G","Defend_G+1","Defend_G","Survivor","Neutralize","Choke+1","Escape Plan+1","Bane+1","Masterful Stab","Choke+1","Deadly Poison+1","Backflip+1","Finisher","Malaise+1","Escape Plan+1","Endless Agony","Backflip+1","Poisoned Stab","Discovery+1","Poisoned Stab","Escape Plan+1","Calculated Gamble+1","Predator","Prepared+1"],"relics":["Ring of the Snake","Pen Nib","Toxic Egg 2","Oddly Smooth Stone","Vajra","Lantern","Tiny House","Blood Vial","FossilizedHelix","Shuriken","Red Mask"],"potions_floor_usage":[8,16,16,23,33,33],"damage_taken":[{"damage":0,"enemies":"2 Louse","floor":1,"turns":3},{"damage":0,"enemies":"Jaw Worm","floor":3,"turns":3},{"damage":0,"enemies":"Small Slimes","floor":4,"turns":3},{"damage":0,"enemies":"Blue Slaver","floor":5,"turns":6},{"damage":1,"enemies":"Gremlin Nob","floor":6,"turns":3},{"damage":3,"enemies":"3 Sentries","floor":8,"turns":7},{"damage":0,"enemies":"2 Fungi Beasts","floor":12,"turns":1},{"damage":17,"enemies":"Exordium Thugs","floor":14,"turns":4},{"damage":25,"enemies":"The Guardian","floor":16,"turns":10},{"damage":17,"enemies":"Spheric Guardian","floor":18,"turns":6},{"damage":11,"enemies":"2 Thieves","floor":21,"turns":3},{"damage":38,"enemies":"Book of Stabbing","floor":23,"turns":8},{"damage":0,"enemies":"Chosen and Byrds","floor":27,"turns":3},{"damage":15,"enemies":"Masked Bandits","floor":28,"turns":5},{"damage":12,"enemies":"Centurion and Healer","floor":30,"turns":6},{"damage":0,"enemies":"Colosseum Slavers","floor":31,"turns":6},{"damage":63,"enemies":"Collector","floor":33,"turns":11}],"seed_played":"4536956854353761794","potions_obtained":[{"floor":3,"key":"Fire Potion"},{"floor":4,"key":"Fire Potion"},{"floor":5,"key":"Strength Potion"},{"floor":8,"key":"GhostInAJar"},{"floor":17,"key":"Swift Potion"},{"floor":21,"key":"FearPotion"},{"floor":28,"key":"GamblersBrew"},{"floor":30,"key":"Explosive Potion"}],"is_trial":false,"path_per_floor":["M","?","M","M","M","E","T","E","T","R","?","M","R","M","R","B",null,"M","$","?","M","?","E","$","R","T","M","?","R","M","?","R","B"],"character_chosen":"THE_SILENT","items_purchased":["Blood Vial","Backflip+1","Poisoned Stab","Discovery+1","Calculated Gamble+1"],"campfire_rested":4,"item_purchase_floors":[19,19,19,19,24],"current_hp_per_floor":[70,56,56,56,56,55,55,52,52,70,70,70,70,53,53,28,75,58,58,58,49,49,13,13,35,35,37,24,46,36,38,60,0],"gold":247,"neow_bonus":"RANDOM_COMMON_RELIC","is_prod":false,"is_daily":false,"chose_seed":false,"campfire_upgraded":2,"win_rate":0,"timestamp":1568576977,"path_taken":["M","?","M","M","M","E","?","E","T","R","?","M","R","M","R","BOSS","M","$","?","M","?","E","$","R","T","M","?","R","?","?","R","BOSS"],"build_version":"2019-07-17","purchased_purges":1,"victory":false,"max_hp_per_floor":[70,70,70,70,70,70,70,70,70,70,70,70,70,70,70,70,75,75,75,75,75,75,75,75,75,75,75,75,75,75,75,75,75],"card_choices":[{"not_picked":["Slice","Expertise"],"picked":"Choke","floor":1},{"not_picked":["Blade Dance","Heel Hook"],"picked":"Escape Plan","floor":3},{"not_picked":["Flechettes","Escape Plan"],"picked":"Bane","floor":4},{"not_picked":["Blade Dance","Escape Plan"],"picked":"Masterful Stab","floor":5},{"not_picked":["Dodge and Roll","Quick Slash"],"picked":"Choke","floor":6},{"not_picked":["Finisher","Dodge and Roll+1"],"picked":"Deadly Poison+1","floor":8},{"not_picked":["Blur+1","Dodge and Roll+1"],"picked":"Backflip+1","floor":12},{"not_picked":["Outmaneuver+1","Masterful Stab"],"picked":"Finisher","floor":14},{"not_picked":["Burst+1","Die Die Die"],"picked":"Malaise+1","floor":16},{"not_picked":["Finisher","Expertise+1"],"picked":"Escape Plan+1","floor":17},{"not_picked":["Blade Dance+1","Dagger Spray"],"picked":"Endless Agony","floor":18},{"not_picked":["Prepared+1","Blade Dance+1"],"picked":"Poisoned Stab","floor":21},{"not_picked":["Eviscerate","Masterful Stab"],"picked":"Escape Plan+1","floor":23},{"not_picked":["Blur+1","Underhanded Strike"],"picked":"Predator","floor":27},{"not_picked":["Flying Knee","Finisher"],"picked":"Prepared+1","floor":28},{"not_picked":["Prepared+1","Choke","Outmaneuver+1"],"picked":"SKIP","floor":30}],"player_experience":133791,"relics_obtained":[{"floor":6,"key":"Toxic Egg 2"},{"floor":7,"key":"Oddly Smooth Stone"},{"floor":8,"key":"Vajra"},{"floor":9,"key":"Lantern"},{"floor":23,"key":"FossilizedHelix"},{"floor":26,"key":"Shuriken"},{"floor":28,"key":"Red Mask"}],"event_choices":[{"damage_healed":0,"gold_gain":0,"player_choice":"Entered Light","damage_taken":14,"max_hp_gain":0,"max_hp_loss":0,"event_name":"Shining Light","floor":2,"gold_loss":0,"cards_upgraded":["Defend_G","Strike_G"]},{"damage_healed":0,"gold_gain":0,"player_choice":"Grow","damage_taken":0,"max_hp_gain":0,"max_hp_loss":0,"event_name":"Living Wall","floor":11,"gold_loss":0,"cards_upgraded":["Choke"]},{"damage_healed":0,"gold_gain":99,"player_choice":"Stole From Cult","damage_taken":0,"max_hp_gain":0,"max_hp_loss":0,"event_name":"Nest","floor":20,"gold_loss":0},{"damage_healed":0,"gold_gain":0,"player_choice":"Smashed Altar","damage_taken":0,"max_hp_gain":0,"max_hp_loss":0,"event_name":"Forgotten Altar","floor":22,"gold_loss":0,"cards_obtained":["Decay"]},{"damage_healed":0,"gold_gain":0,"player_choice":"Fought Bandits","damage_taken":0,"max_hp_gain":0,"max_hp_loss":0,"event_name":"Masked Bandits","floor":28,"gold_loss":0},{"damage_healed":0,"gold_gain":0,"player_choice":"Fight","damage_taken":0,"max_hp_gain":0,"max_hp_loss":0,"event_name":"Colosseum","floor":31,"gold_loss":0},{"damage_healed":0,"gold_gain":0,"player_choice":"Fled From Nobs","damage_taken":0,"max_hp_gain":0,"max_hp_loss":0,"event_name":"Colosseum","floor":31,"gold_loss":0}],"is_beta":false,"boss_relics":[{"not_picked":["WristBlade","HoveringKite"],"picked":"Tiny House"}],"items_purged_floors":[24],"is_endless":false,"potions_floor_spawned":[3,4,5,8,14,21,28,30],"killed_by":"Collector","ascension_level":0}