{"gold_per_floor":[117,192,76,76,76,103,103,118,118,118,118,18,18,32,32,123,123,137,12,12,36,36,36,49,69,92,92,92,130,157,34,34,127,127,151,165,181,181,181,222,222,261,261,279,45,378,410,426,426,426,426,426,426,94,121,121],"floor_reached":57,"playtime":2411,"items_purged":["Strike_G","Strike_G","Strike_G","All Out Attack+1","Defend_G"],"score":3158,"play_id":"bea978d8-5a32-46ec-bc70-5440f234eb05","local_time":"20190912171908","is_ascension_mode":true,"campfire_choices":[{"data":"All Out Attack","floor":7.0,"key":"SMITH"},{"data":"Neutralize","floor":10.0,"key":"SMITH"},{"data":"Well Laid Plans","floor":13.0,"key":"SMITH"},{"data":"Bouncing Flask","floor":15.0,"key":"SMITH"},{"data":"Malaise","floor":23.0,"key":"SMITH"},{"data":"Dash","floor":28.0,"key":"SMITH"},{"data":"Well Laid Plans","floor":32.0,"key":"SMITH"},{"data":"Acrobatics","floor":41.0,"key":"SMITH"},{"floor":49.0,"key":"RECALL"},{"data":"Backflip","floor":53.0,"key":"SMITH"}],"neow_cost":"TEN_PERCENT_HP_LOSS","seed_source_timestamp":76612533882400,"circlet_count":0,"master_deck":["AscendersBane","Survivor","Neutralize+1","Dash+1","Well Laid Plans+1","Bouncing Flask+1","Malaise+1","Acrobatics+1","Well Laid Plans+1","Backflip+1","After Image","Acrobatics+1","Finesse","Grand Finale"],"special_seed":0,"relics":["Ring of the Snake","Singing Bowl","Sundial","Philosopher\u0027s Stone","Omamori","Tough Bandages","MawBank","Empty Cage","Tingsha","Ancient Tea Set","TungstenRod","TheAbacus","Strawberry"],"potions_floor_usage":[56,56],"damage_taken":[{"damage":2.0,"enemies":"2 Louse","floor":1.0,"turns":3.0},{"damage":27.0,"enemies":"3 Sentries","floor":6.0,"turns":12.0},{"damage":0.0,"enemies":"Small Slimes","floor":8.0,"turns":2.0},{"damage":0.0,"enemies":"Jaw Worm","floor":14.0,"turns":4.0},{"damage":9.0,"enemies":"The Guardian","floor":16.0,"turns":12.0},{"damage":2.0,"enemies":"Chosen","floor":18.0,"turns":5.0},{"damage":0.0,"enemies":"Spheric Guardian","floor":21.0,"turns":3.0},{"damage":2.0,"enemies":"Centurion and Healer","floor":24.0,"turns":4.0},{"damage":0.0,"enemies":"3 Cultists","floor":25.0,"turns":3.0},{"damage":23.0,"enemies":"Slavers","floor":29.0,"turns":4.0},{"damage":0.0,"enemies":"Collector","floor":33.0,"turns":7.0},{"damage":11.0,"enemies":"3 Darklings","floor":35.0,"turns":4.0},{"damage":2.0,"enemies":"Orb Walker","floor":36.0,"turns":3.0},{"damage":0.0,"enemies":"Sphere and 2 Shapes","floor":37.0,"turns":5.0},{"damage":0.0,"enemies":"Giant Head","floor":40.0,"turns":5.0},{"damage":22.0,"enemies":"Nemesis","floor":42.0,"turns":9.0},{"damage":7.0,"enemies":"Jaw Worm Horde","floor":44.0,"turns":3.0},{"damage":0.0,"enemies":"Giant Head","floor":47.0,"turns":2.0},{"damage":0.0,"enemies":"3 Darklings","floor":48.0,"turns":2.0},{"damage":0.0,"enemies":"Time Eater","floor":50.0,"turns":4.0},{"damage":9.0,"enemies":"Donu and Deca","floor":51.0,"turns":2.0},{"damage":0.0,"enemies":"Shield and Spear","floor":55.0,"turns":1.0},{"damage":25,"enemies":"The Heart","floor":56,"turns":6}],"seed_played":"3497373027648835910","potions_obtained":[{"floor":8.0,"key":"Swift Potion"},{"floor":16.0,"key":"Dexterity Potion"},{"floor":29.0,"key":"DuplicationPotion"},{"floor":37.0,"key":"DuplicationPotion"}],"is_trial":false,"path_per_floor":["M","?","$","?","?","E","R","M","T","R","?","$","R","M","R","B",null,"M","$","?","M","?","R","M","M","T","?","R","E","T","$","R","B",null,"M","M","M","?","?","E","R","E","T","M","$","?","E","M","R","B","B",null,"R","$","E","B",null],"character_chosen":"THE_SILENT","items_purchased":["All Out Attack","Backflip","After Image","Grand Finale","TheAbacus"],"campfire_rested":0,"item_purchase_floors":[3,31,31,45,54],"current_hp_per_floor":[57,46,46,51,51,26,26,26,26,26,26,26,26,26,26,17,50,50,50,50,50,50,50,50,52,52,52,52,29,29,29,29,31,60,51,51,51,51,45,47,47,27,27,22,22,22,24,26,26,26,17,70,70,70,79,54],"gold":121,"neow_bonus":"REMOVE_TWO","is_prod":false,"is_daily":false,"chose_seed":false,"campfire_upgraded":9,"win_rate":0,"timestamp":1568279948,"path_taken":["M","?","$","?","?","E","R","M","T","R","?","$","R","M","R","BOSS","M","$","?","M","?","R","M","?","T","?","R","E","?","$","R","BOSS","M","M","M","?","?","E","R","E","T","?","?","?","E","M","R","BOSS","BOSS","R","$","E","BOSS"],"build_version":"2019-09-11","purchased_purges":5,"victory":true,"max_hp_per_floor":[60,60,60,65,65,67,67,67,67,67,61,61,61,61,61,61,61,63,63,63,63,63,63,65,67,67,67,67,67,67,67,67,69,69,71,73,73,73,77,79,79,81,81,83,83,83,85,87,87,87,87,87,87,87,96,96],"card_choices":[{"not_picked":["Dodge and Roll","Eviscerate","Slice"],"picked":"SKIP","floor":1.0},{"not_picked":["Blade Dance","Quick Slash","Caltrops"],"picked":"Singing Bowl","floor":6.0},{"not_picked":["Flying Knee","Bane"],"picked":"Well Laid Plans","floor":8.0},{"not_picked":["Slice","Blade Dance"],"picked":"Bouncing Flask","floor":14.0},{"not_picked":["A Thousand Cuts","Venomology"],"picked":"Malaise","floor":16.0},{"not_picked":["Flying Knee","Expertise","Footwork"],"picked":"Singing Bowl","floor":18.0},{"not_picked":["Blade Dance","PiercingWail"],"picked":"Acrobatics","floor":21.0},{"not_picked":["Deadly Poison","Distraction","Bane+1"],"picked":"Singing Bowl","floor":24.0},{"not_picked":["Sucker Punch","Blade Dance","Terror"],"picked":"Singing Bowl","floor":25.0},{"not_picked":["Sucker Punch","Deadly Poison"],"picked":"Well Laid Plans","floor":29.0},{"not_picked":["After Image","Die Die Die","Night Terror"],"picked":"Singing Bowl","floor":33.0},{"not_picked":["Noxious Fumes+1","Poisoned Stab+1","Dodge and Roll+1"],"picked":"Singing Bowl","floor":35.0},{"not_picked":["Sucker Punch","Bane","Outmaneuver"],"picked":"Singing Bowl","floor":36.0},{"not_picked":["Expertise+1","Crippling Poison+1"],"picked":"Acrobatics","floor":37.0},{"not_picked":["Flash of Steel","Sadistic Nature","PanicButton"],"picked":"Singing Bowl","floor":39.0},{"not_picked":["PanicButton","Jack Of All Trades"],"picked":"Finesse","floor":39.0},{"not_picked":["Panache","Secret Technique","Bandage Up"],"picked":"Singing Bowl","floor":39.0},{"not_picked":["Crippling Poison","Poisoned Stab","Endless Agony+1"],"picked":"Singing Bowl","floor":40.0},{"not_picked":["Prepared","Dodge and Roll","Masterful Stab"],"picked":"Singing Bowl","floor":42.0},{"not_picked":["PiercingWail","Finisher","Poisoned Stab"],"picked":"Singing Bowl","floor":44.0},{"not_picked":["Bouncing Flask","Unload","Outmaneuver"],"picked":"Singing Bowl","floor":47.0},{"not_picked":["Catalyst","Flying Knee","Poisoned Stab+1"],"picked":"Singing Bowl","floor":48.0},{"not_picked":["Expertise","Slice","Deflect+1"],"picked":"Singing Bowl","floor":55.0}],"player_experience":954713,"relics_obtained":[{"floor":6.0,"key":"Singing Bowl"},{"floor":9.0,"key":"Sundial"},{"floor":26.0,"key":"Omamori"},{"floor":29.0,"key":"Tough Bandages"},{"floor":30.0,"key":"MawBank"},{"floor":40.0,"key":"Tingsha"},{"floor":42.0,"key":"Ancient Tea Set"},{"floor":47.0,"key":"TungstenRod"},{"floor":55.0,"key":"Strawberry"}],"event_choices":[{"damage_healed":0.0,"max_hp_gain":0.0,"max_hp_loss":0.0,"gold_gain":75.0,"event_name":"World of Goop","player_choice":"Gather Gold","floor":2.0,"gold_loss":0.0,"damage_taken":11.0},{"damage_healed":0.0,"max_hp_gain":5.0,"max_hp_loss":0.0,"gold_gain":0.0,"event_name":"Big Fish","player_choice":"Donut","floor":4.0,"gold_loss":0.0,"damage_taken":0.0},{"damage_healed":0.0,"max_hp_gain":0.0,"max_hp_loss":0.0,"gold_gain":0.0,"cards_transformed":["Strike_G"],"event_name":"Living Wall","player_choice":"Change","floor":5.0,"gold_loss":0.0,"damage_taken":0.0,"cards_obtained":["Dash"]},{"damage_healed":0.0,"max_hp_gain":0.0,"max_hp_loss":6.0,"gold_gain":0.0,"event_name":"Golden Idol","player_choice":"Lose Max HP","floor":11.0,"gold_loss":0.0,"damage_taken":0.0,"relics_obtained":["Golden Idol"]},{"cards_removed":["Defend_G"],"damage_healed":0.0,"max_hp_gain":0.0,"max_hp_loss":0.0,"gold_gain":0.0,"event_name":"Back to Basics","player_choice":"Elegance","floor":20.0,"gold_loss":0.0,"damage_taken":0.0},{"damage_healed":0.0,"max_hp_gain":0.0,"max_hp_loss":0.0,"gold_gain":0.0,"event_name":"Upgrade Shrine","player_choice":"Upgraded","floor":22.0,"gold_loss":0.0,"damage_taken":0.0,"cards_upgraded":["Acrobatics"]},{"damage_healed":0.0,"max_hp_gain":0.0,"max_hp_loss":0.0,"gold_gain":0.0,"event_name":"Cursed Tome","player_choice":"Ignored","floor":27.0,"gold_loss":0.0,"damage_taken":0.0},{"damage_healed":0.0,"max_hp_gain":0.0,"max_hp_loss":0.0,"gold_gain":0.0,"event_name":"Mysterious Sphere","player_choice":"Ignored","floor":38.0,"gold_loss":0.0,"damage_taken":0.0},{"damage_healed":0.0,"max_hp_gain":0.0,"max_hp_loss":0.0,"gold_gain":0.0,"event_name":"SensoryStone","player_choice":"Memory 3","floor":39.0,"gold_loss":0.0,"damage_taken":10.0},{"damage_healed":0.0,"max_hp_gain":0.0,"max_hp_loss":0.0,"gold_gain":333.0,"event_name":"The Moai Head","player_choice":"Gave Idol","floor":46.0,"relics_lost":["Golden Idol"],"gold_loss":0.0,"damage_taken":0.0}],"is_beta":true,"boss_relics":[{"not_picked":["WristBlade","SlaversCollar"],"picked":"Philosopher\u0027s Stone"},{"not_picked":["Tiny House","Cursed Key"],"picked":"Empty Cage"}],"items_purged_floors":[3,12,19,45,54],"is_endless":false,"potions_floor_spawned":[8,16,21,29,33,37,40,47,48],"ascension_level":20}