{"gold_per_floor":[109,109,34,50,50,109,109,138,165,184,184,215,228,240,240,316,316,328,346,137,151,167,194,194,213,266,285,312,312,329,358,358,429,429,443,318,318,373,384,409,437,469,469,569,323,323,352,352,352,352,352,352,352,17,51,51],"floor_reached":57,"playtime":2763,"items_purged":["Strike_G","Strike_G","Strike_G","Acrobatics+1","Malaise+1"],"score":3921,"play_id":"ed75bdf6-2794-4e78-82de-0429d6c3309e","local_time":"20190914105712","is_ascension_mode":true,"campfire_choices":[{"data":"Deadly Poison","floor":7.0,"key":"SMITH"},{"data":"Flechettes","floor":15.0,"key":"SMITH"},{"data":"Well Laid Plans","floor":29.0,"key":"SMITH"},{"data":"Neutralize","floor":32.0,"key":"SMITH"},{"floor":49.0,"key":"RECALL"},{"data":"Survivor","floor":53.0,"key":"SMITH"}],"neow_cost":"NONE","seed_source_timestamp":0,"circlet_count":0,"master_deck":["AscendersBane","Strike_G+1","Strike_G+1","Defend_G","Defend_G","Defend_G","Defend_G","Defend_G","Survivor+1","Neutralize+1","Flechettes+1","Deadly Poison+1","Prepared+1","Concentrate+1","Tactician+1","Well Laid Plans+1","Acrobatics+1","Backflip+1","Calculated Gamble+1","Reflex+1","Impatience+1"],"special_seed":0,"relics":["Ring of the Snake","NeowsBlessing","Tiny Chest","Toxic Egg 2","Centennial Puzzle","Mango","Bag of Preparation","Coffee Dripper","Whetstone","Potion Belt","Vajra","PreservedInsect","Busted Crown","WingedGreaves","Question Card","Tough Bandages","Kunai","Tingsha","Pear","Orichalcum"],"potions_floor_usage":[55,56,56,56],"damage_taken":[{"damage":0.0,"enemies":"2 Louse","floor":1.0,"turns":1.0},{"damage":0.0,"enemies":"Cultist","floor":4.0,"turns":1.0},{"damage":0.0,"enemies":"3 Sentries","floor":6.0,"turns":1.0},{"damage":17.0,"enemies":"Lagavulin","floor":8.0,"turns":6.0},{"damage":0.0,"enemies":"Jaw Worm","floor":10.0,"turns":4.0},{"damage":11.0,"enemies":"Gremlin Nob","floor":12.0,"turns":4.0},{"damage":1.0,"enemies":"Looter","floor":13.0,"turns":3.0},{"damage":0.0,"enemies":"Red Slaver","floor":14.0,"turns":3.0},{"damage":15.0,"enemies":"The Guardian","floor":16.0,"turns":8.0},{"damage":0.0,"enemies":"2 Thieves","floor":18.0,"turns":3.0},{"damage":6.0,"enemies":"3 Byrds","floor":19.0,"turns":7.0},{"damage":3.0,"enemies":"Cultist and Chosen","floor":21.0,"turns":4.0},{"damage":0.0,"enemies":"3 Cultists","floor":22.0,"turns":4.0},{"damage":0.0,"enemies":"Book of Stabbing","floor":23.0,"turns":4.0},{"damage":4.0,"enemies":"Snecko","floor":25.0,"turns":4.0},{"damage":1.0,"enemies":"Centurion and Healer","floor":27.0,"turns":5.0},{"damage":0.0,"enemies":"Gremlin Leader","floor":28.0,"turns":3.0},{"damage":0.0,"enemies":"3 Cultists","floor":30.0,"turns":2.0},{"damage":0.0,"enemies":"Slavers","floor":31.0,"turns":1.0},{"damage":0.0,"enemies":"Champ","floor":33.0,"turns":3.0},{"damage":0.0,"enemies":"3 Darklings","floor":35.0,"turns":2.0},{"damage":0.0,"enemies":"2 Orb Walkers","floor":38.0,"turns":1.0},{"damage":0.0,"enemies":"3 Shapes","floor":39.0,"turns":4.0},{"damage":0.0,"enemies":"Reptomancer","floor":40.0,"turns":2.0},{"damage":0.0,"enemies":"Nemesis","floor":41.0,"turns":2.0},{"damage":0.0,"enemies":"Reptomancer","floor":42.0,"turns":2.0},{"damage":0.0,"enemies":"Mind Bloom Boss Battle","floor":44.0,"turns":4.0},{"damage":0.0,"enemies":"Nemesis","floor":47.0,"turns":1.0},{"damage":0.0,"enemies":"Time Eater","floor":50.0,"turns":9.0},{"damage":0.0,"enemies":"Donu and Deca","floor":51.0,"turns":4.0},{"damage":0,"enemies":"Shield and Spear","floor":55,"turns":6},{"damage":17,"enemies":"The Heart","floor":56,"turns":6}],"seed_played":"5251490984903563352","potions_obtained":[{"floor":4.0,"key":"Poison Potion"},{"floor":8.0,"key":"GhostInAJar"},{"floor":12.0,"key":"Ancient Potion"},{"floor":14.0,"key":"Fire Potion"},{"floor":22.0,"key":"Poison Potion"},{"floor":28.0,"key":"Dexterity Potion"},{"floor":38.0,"key":"SpeedPotion"},{"floor":39.0,"key":"Dexterity Potion"},{"floor":40.0,"key":"GamblersBrew"}],"is_trial":false,"path_per_floor":["M","?","$","M","$","E","R","E","T","M","?","E","M","M","R","B",null,"M","M","$","M","M","E","?","M","T","M","E","R","M","E","R","B",null,"M","$","?","?","M","E","E","E","T","?","$","?","E","?","R","B","B",null,"R","$","E","B",null],"character_chosen":"THE_SILENT","items_purchased":["Well Laid Plans","Acrobatics+1","Impatience+1","GhostInAJar","Ancient Potion"],"campfire_rested":0,"item_purchase_floors":[20,20,45,54,54],"current_hp_per_floor":[59,66,66,66,66,66,66,49,49,49,37,26,25,25,25,10,63,63,57,57,54,54,54,54,50,50,49,49,49,49,49,49,49,72,72,72,72,72,72,72,72,72,72,72,72,72,82,72,72,72,72,83,83,83,83,66],"gold":51,"neow_bonus":"THREE_ENEMY_KILL","is_prod":false,"is_daily":false,"chose_seed":false,"campfire_upgraded":5,"win_rate":0,"timestamp":1568429832,"path_taken":["M","?","$","?","?","E","R","E","T","M","?","E","M","M","R","BOSS","M","M","$","M","M","E","?","M","T","?","E","R","M","E","R","BOSS","M","$","?","?","M","E","E","E","T","?","$","?","E","?","R","BOSS","BOSS","R","$","E","BOSS"],"build_version":"2019-09-12","purchased_purges":5,"victory":true,"max_hp_per_floor":[66,66,66,66,66,66,66,66,66,66,80,80,80,80,80,80,80,80,80,80,80,80,80,80,80,80,80,80,80,80,80,80,80,80,80,80,80,80,80,80,80,80,80,80,80,76,86,86,86,86,86,86,86,86,86,86],"card_choices":[{"not_picked":["Poisoned Stab","Endless Agony"],"picked":"Flechettes","floor":1.0},{"not_picked":["Sucker Punch","Poisoned Stab"],"picked":"Deadly Poison","floor":4.0},{"not_picked":["Dagger Spray","Concentrate","Finisher"],"picked":"SKIP","floor":6.0},{"not_picked":["Dagger Spray","Concentrate","Finisher"],"picked":"SKIP","floor":6.0},{"not_picked":["Flying Knee","Underhanded Strike"],"picked":"Prepared","floor":8.0},{"not_picked":["Poisoned Stab","PiercingWail+1","Infinite Blades"],"picked":"SKIP","floor":10.0},{"not_picked":["Poisoned Stab","PiercingWail+1","Infinite Blades"],"picked":"SKIP","floor":10.0},{"not_picked":["Distraction+1","Poisoned Stab","Crippling Poison+1"],"picked":"SKIP","floor":12.0},{"not_picked":["Underhanded Strike","Prepared+1"],"picked":"Acrobatics+1","floor":13.0},{"not_picked":["Poisoned Stab","Dodge and Roll+1","Bane"],"picked":"SKIP","floor":14.0},{"not_picked":["Glass Knife","Phantasmal Killer+1"],"picked":"Malaise+1","floor":16.0},{"not_picked":["Deflect+1","Deadly Poison+1"],"picked":"Concentrate+1","floor":18.0},{"not_picked":["Backflip+1","Deadly Poison+1"],"picked":"Tactician+1","floor":19.0},{"not_picked":["Concentrate+1","PiercingWail+1","Distraction+1"],"picked":"SKIP","floor":21.0},{"not_picked":["Skewer","Underhanded Strike","Catalyst+1"],"picked":"SKIP","floor":22.0},{"not_picked":["Masterful Stab","Dagger Spray","After Image"],"picked":"SKIP","floor":23.0},{"not_picked":["Crippling Poison+1","Blade Dance+1"],"picked":"Backflip+1","floor":25.0},{"not_picked":["Slice","Dagger Throw"],"picked":"Calculated Gamble+1","floor":27.0},{"not_picked":["Calculated Gamble+1","Unload","Footwork"],"picked":"SKIP","floor":28.0},{"not_picked":["Finisher","Prepared+1"],"picked":"Reflex+1","floor":30.0},{"not_picked":["Leg Sweep+1","Flechettes","Well Laid Plans+1"],"picked":"SKIP","floor":31.0},{"not_picked":["Deadly Poison+1"],"picked":"SKIP","floor":35.0},{"not_picked":["Flechettes"],"picked":"SKIP","floor":39.0},{"not_picked":["Flechettes"],"picked":"SKIP","floor":39.0},{"not_picked":["Dagger Spray+1"],"picked":"SKIP","floor":40.0},{"not_picked":["Bane","Deadly Poison+1"],"picked":"SKIP","floor":41.0},{"not_picked":["Cloak And Dagger+1","Crippling Poison+1"],"picked":"SKIP","floor":42.0},{"not_picked":["Dash","Reflex+1"],"picked":"SKIP","floor":47.0},{"not_picked":["Prepared+1","Dagger Spray"],"picked":"SKIP","floor":55}],"player_experience":962678,"relics_obtained":[{"floor":6.0,"key":"Tiny Chest"},{"floor":8.0,"key":"Toxic Egg 2"},{"floor":9.0,"key":"Centennial Puzzle"},{"floor":12.0,"key":"Bag of Preparation"},{"floor":23.0,"key":"Whetstone"},{"floor":26.0,"key":"Potion Belt"},{"floor":28.0,"key":"Vajra"},{"floor":31.0,"key":"PreservedInsect"},{"floor":38.0,"key":"WingedGreaves"},{"floor":40.0,"key":"Question Card"},{"floor":41.0,"key":"Tough Bandages"},{"floor":42.0,"key":"Kunai"},{"floor":44.0,"key":"Tingsha"},{"floor":47.0,"key":"Pear"},{"floor":55,"key":"Orichalcum"}],"event_choices":[{"damage_healed":7.0,"max_hp_gain":0.0,"max_hp_loss":0.0,"gold_gain":0.0,"event_name":"Wheel of Change","player_choice":"Full Heal","floor":2.0,"gold_loss":0.0,"damage_taken":0.0},{"damage_healed":0.0,"max_hp_gain":0.0,"max_hp_loss":0.0,"gold_gain":0.0,"event_name":"Scrap Ooze","player_choice":"Success","floor":11.0,"gold_loss":0.0,"damage_taken":26.0,"relics_obtained":["Mango"]},{"damage_healed":0.0,"max_hp_gain":0.0,"max_hp_loss":0.0,"gold_gain":0.0,"event_name":"Duplicator","player_choice":"Ignored","floor":24.0,"gold_loss":0.0,"damage_taken":0.0},{"damage_healed":0.0,"max_hp_gain":0.0,"max_hp_loss":0.0,"gold_gain":0.0,"event_name":"Tomb of Lord Red Mask","player_choice":"Ignored","floor":37.0,"gold_loss":0.0,"damage_taken":0.0},{"damage_healed":0.0,"max_hp_gain":0.0,"max_hp_loss":0.0,"gold_gain":0.0,"event_name":"Mysterious Sphere","player_choice":"Fight","floor":38.0,"gold_loss":0.0,"damage_taken":0.0},{"damage_healed":0.0,"max_hp_gain":0.0,"max_hp_loss":0.0,"gold_gain":0.0,"event_name":"MindBloom","player_choice":"Fight","floor":44.0,"gold_loss":0.0,"damage_taken":0.0},{"damage_healed":0.0,"max_hp_gain":0.0,"max_hp_loss":4.0,"gold_gain":0.0,"event_name":"Winding Halls","player_choice":"Max HP","floor":46.0,"gold_loss":0.0,"damage_taken":0.0},{"damage_healed":0.0,"max_hp_gain":0.0,"max_hp_loss":0.0,"gold_gain":0.0,"event_name":"SensoryStone","player_choice":"Memory 3","floor":48.0,"gold_loss":0.0,"damage_taken":10.0}],"is_beta":true,"boss_relics":[{"not_picked":["Tiny House","Cursed Key"],"picked":"Coffee Dripper"},{"not_picked":["Fusion Hammer","Velvet Choker"],"picked":"Busted Crown"}],"items_purged_floors":[3,20,36,45,54],"is_endless":false,"potions_floor_spawned":[4,8,12,14,22,23,25,28,38,39,40],"ascension_level":20}