{"gold_per_floor":[112,112,130,130,143,143,178,178,178,178,178,199,242,272,272,393,456,479,493,493,514,539,284,284,304,331,331,354,392,408,408,408,529,529,548,196,220,238,571,571,602,602,626,642,642,659,659,104,104,104,104,104,10,35,35],"floor_reached":56,"playtime":4219,"items_purged":["Strike_R","Regret"],"score":1232,"play_id":"4311cb91-be37-40ea-840f-4077f75e619d","local_time":"20190821183832","is_ascension_mode":false,"campfire_choices":[{"data":"Pommel Strike","floor":6.0,"key":"SMITH"},{"data":"Heavy Blade","floor":8.0,"key":"SMITH"},{"data":"Defend_R","floor":10.0,"key":"SMITH"},{"data":"Demon Form","floor":15.0,"key":"SMITH"},{"floor":32.0,"key":"REST"},{"floor":42.0,"key":"RECALL"},{"data":"Apotheosis","floor":47.0,"key":"SMITH"},{"data":"Limit Break","floor":49.0,"key":"SMITH"},{"data":"Strike_R","floor":52.0,"key":"PURGE"}],"neow_cost":"NONE","seed_source_timestamp":0,"circlet_count":0,"master_deck":["Strike_R","Defend_R+1","Defend_R+1","Defend_R","Defend_R","Bash","Headbutt","Heavy Blade+1","Pommel Strike+1","Rampage+1","Demon Form+1","Limit Break+1","Cleave+1","Infernal Blade+1","Anger+1","Shrug It Off","Apotheosis+1","RitualDagger+1","RitualDagger+1","Warcry+1","Iron Wave+1","Reaper+1","Double Tap","Decay","Clumsy","Shrug It Off+1","Shockwave","Enlightenment"],"special_seed":0,"relics":["Burning Blood","Molten Egg 2","Vajra","Red Skull","Charon\u0027s Ashes","Tiny House","Enchiridion","Peace Pipe","Matryoshka","Calling Bell","Art of War","Self Forming Clay","Pocketwatch","Singing Bowl","Bronze Scales","Ancient Tea Set","PreservedInsect","Bottled Flame","Ginger","Blood Vial"],"potions_floor_usage":[],"damage_taken":[{"damage":2.0,"enemies":"Small Slimes","floor":1.0,"turns":5.0},{"damage":15.0,"enemies":"Jaw Worm","floor":3.0,"turns":4.0},{"damage":1.0,"enemies":"2 Louse","floor":5.0,"turns":2.0},{"damage":9.0,"enemies":"Lagavulin","floor":7.0,"turns":5.0},{"damage":9.0,"enemies":"Gremlin Gang","floor":12.0,"turns":5.0},{"damage":24.0,"enemies":"Gremlin Nob","floor":13.0,"turns":4.0},{"damage":22.0,"enemies":"Hexaghost","floor":16.0,"turns":9.0},{"damage":10.0,"enemies":"Chosen","floor":18.0,"turns":3.0},{"damage":26.0,"enemies":"Shell Parasite","floor":19.0,"turns":6.0},{"damage":6.0,"enemies":"3 Cultists","floor":21.0,"turns":4.0},{"damage":8.0,"enemies":"Shelled Parasite and Fungi","floor":22.0,"turns":3.0},{"damage":10.0,"enemies":"Chosen and Byrds","floor":25.0,"turns":3.0},{"damage":23.0,"enemies":"Snake Plant","floor":28.0,"turns":3.0},{"damage":11.0,"enemies":"Book of Stabbing","floor":29.0,"turns":3.0},{"damage":0.0,"enemies":"Sentry and Sphere","floor":30.0,"turns":2.0},{"damage":55.0,"enemies":"Champ","floor":33.0,"turns":8.0},{"damage":19.0,"enemies":"3 Shapes","floor":35.0,"turns":4.0},{"damage":22.0,"enemies":"3 Darklings","floor":37.0,"turns":6.0},{"damage":5.0,"enemies":"Jaw Worm Horde","floor":38.0,"turns":4.0},{"damage":27.0,"enemies":"Reptomancer","floor":41.0,"turns":5.0},{"damage":22.0,"enemies":"Maw","floor":44.0,"turns":6.0},{"damage":1.0,"enemies":"Sphere and 2 Shapes","floor":46.0,"turns":4.0},{"damage":39.0,"enemies":"Time Eater","floor":50.0,"turns":6.0},{"damage":0.0,"enemies":"Shield and Spear","floor":54.0,"turns":2.0},{"damage":91,"enemies":"The Heart","floor":55,"turns":7}],"seed_played":"975999340551761342","potions_obtained":[{"floor":1.0,"key":"FearPotion"},{"floor":3.0,"key":"Energy Potion"},{"floor":5.0,"key":"Block Potion"},{"floor":12.0,"key":"GamblersBrew"},{"floor":16.0,"key":"AttackPotion"},{"floor":17.0,"key":"Strength Potion"},{"floor":21.0,"key":"SkillPotion"},{"floor":22.0,"key":"Fruit Juice"},{"floor":30.0,"key":"Regen Potion"},{"floor":35.0,"key":"Explosive Potion"},{"floor":41.0,"key":"Fire Potion"},{"floor":46.0,"key":"SteroidPotion"}],"is_trial":false,"path_per_floor":["M","?","M","$","M","R","E","R","T","R","?","M","E","?","R","B",null,"M","M","?","M","M","$","?","M","T","?","M","E","M","T","R","B",null,"M","$","M","M","?","?","E","R","T","M","?","M","R","$","R","B",null,"R","$","E","B",null],"character_chosen":"IRONCLAD","items_purchased":["Apotheosis","Singing Bowl","Bottled Flame","Ginger","Enlightenment"],"campfire_rested":1,"item_purchase_floors":[23,36,48,48,53],"current_hp_per_floor":[80,73,64,64,69,69,66,66,66,66,46,43,25,25,25,9,85,81,61,45,45,48,48,42,38,38,38,21,16,22,22,49,18,90,87,87,82,89,89,89,73,73,73,59,59,66,66,66,66,33,93,93,93,95,32],"gold":35,"neow_bonus":"TRANSFORM_CARD","is_prod":false,"is_daily":false,"chose_seed":false,"campfire_upgraded":6,"win_rate":0,"timestamp":1566437912,"path_taken":["M","?","M","$","M","R","E","R","T","R","?","M","E","?","R","BOSS","M","M","?","M","M","$","?","M","T","?","M","E","?","?","R","BOSS","M","$","M","M","?","?","E","R","T","?","?","M","R","?","R","BOSS","R","$","E","BOSS"],"build_version":"2019-07-17","purchased_purges":2,"victory":true,"max_hp_per_floor":[80,80,80,80,80,80,80,80,80,80,80,80,80,80,80,80,85,85,85,85,85,90,90,90,90,90,90,90,90,90,90,90,90,90,90,90,92,94,94,94,94,94,94,96,91,93,93,93,93,93,93,93,93,95,95],"card_choices":[{"not_picked":["Bloodletting","Dual Wield","Sever Soul"],"picked":"SKIP","floor":1.0},{"not_picked":["Wild Strike","Battle Trance"],"picked":"Heavy Blade","floor":3.0},{"not_picked":["Havoc","Clothesline"],"picked":"Pommel Strike","floor":5.0},{"not_picked":["Body Slam","Thunderclap","Metallicize"],"picked":"SKIP","floor":7.0},{"not_picked":["Headbutt+1","Twin Strike+1"],"picked":"Rampage+1","floor":12.0},{"not_picked":["Combust","Anger+1"],"picked":"Demon Form","floor":13.0},{"not_picked":["Bludgeon+1","Fiend Fire+1"],"picked":"Limit Break","floor":16.0},{"not_picked":["Armaments","Pommel Strike+1"],"picked":"Cleave+1","floor":17.0},{"not_picked":["Thunderclap+1","Perfected Strike+1"],"picked":"Infernal Blade+1","floor":18.0},{"not_picked":["Headbutt+1","True Grit"],"picked":"Anger+1","floor":19.0},{"not_picked":["Pommel Strike+1","Seeing Red","Infernal Blade"],"picked":"SKIP","floor":21.0},{"not_picked":["Havoc","Hemokinesis+1"],"picked":"Shrug It Off","floor":22.0},{"not_picked":["Twin Strike+1","Havoc","Rupture+1"],"picked":"SKIP","floor":25.0},{"not_picked":["Bloodletting+1","Clothesline+1"],"picked":"Warcry+1","floor":28.0},{"not_picked":["Rupture+1","Armaments"],"picked":"Iron Wave+1","floor":29.0},{"not_picked":["Thunderclap+1","Searing Blow+1"],"picked":"Reaper+1","floor":30.0},{"not_picked":["Berserk","Brutality"],"picked":"Double Tap","floor":33.0},{"not_picked":["Pommel Strike+1","Wild Strike+1"],"picked":"Shrug It Off+1","floor":35.0},{"not_picked":["Twin Strike+1","Heavy Blade+1","Hemokinesis+1"],"picked":"Singing Bowl","floor":37.0},{"not_picked":["Clothesline+1","Dual Wield","Armaments"],"picked":"Singing Bowl","floor":38.0},{"not_picked":["Fire Breathing+1","Bludgeon+1"],"picked":"Shockwave","floor":41.0},{"not_picked":["Heavy Blade+1","Sword Boomerang+1","Thunderclap+1"],"picked":"Singing Bowl","floor":44.0},{"not_picked":["Second Wind","Dual Wield","Intimidate"],"picked":"Singing Bowl","floor":46.0},{"not_picked":["Seeing Red","Wild Strike+1","Clothesline+1"],"picked":"Singing Bowl","floor":54.0}],"player_experience":198798,"relics_obtained":[{"floor":7.0,"key":"Molten Egg 2"},{"floor":9.0,"key":"Vajra"},{"floor":13.0,"key":"Red Skull"},{"floor":20.0,"key":"Enchiridion"},{"floor":29.0,"key":"Peace Pipe"},{"floor":31.0,"key":"Matryoshka"},{"floor":34.0,"key":"Art of War"},{"floor":34.0,"key":"Self Forming Clay"},{"floor":34.0,"key":"Pocketwatch"},{"floor":41.0,"key":"Bronze Scales"},{"floor":43.0,"key":"Ancient Tea Set"},{"floor":43.0,"key":"PreservedInsect"},{"floor":54.0,"key":"Blood Vial"}],"event_choices":[{"cards_removed":["Strike_R"],"damage_healed":0.0,"max_hp_gain":0.0,"max_hp_loss":0.0,"gold_gain":0.0,"event_name":"Golden Wing","player_choice":"Card Removal","floor":2.0,"gold_loss":0.0,"damage_taken":7.0},{"damage_healed":0.0,"max_hp_gain":0.0,"max_hp_loss":0.0,"gold_gain":0.0,"event_name":"Golden Idol","player_choice":"Take Damage","floor":11.0,"gold_loss":0.0,"damage_taken":20.0,"relics_obtained":["Golden Idol"]},{"damage_healed":0.0,"max_hp_gain":0.0,"max_hp_loss":0.0,"gold_gain":30.0,"event_name":"Dead Adventurer","player_choice":"Searched \u00273\u0027 times","floor":14.0,"gold_loss":0.0,"damage_taken":0.0,"relics_obtained":["Charon\u0027s Ashes"]},{"damage_healed":0.0,"max_hp_gain":0.0,"max_hp_loss":0.0,"gold_gain":0.0,"event_name":"Cursed Tome","player_choice":"Obtained Book","floor":20.0,"gold_loss":0.0,"damage_taken":16.0},{"damage_healed":0.0,"max_hp_gain":0.0,"max_hp_loss":0.0,"gold_gain":0.0,"event_name":"Nest","player_choice":"Joined the Cult","floor":24.0,"gold_loss":0.0,"damage_taken":6.0,"cards_obtained":["RitualDagger"]},{"damage_healed":0.0,"max_hp_gain":0.0,"max_hp_loss":0.0,"gold_gain":0.0,"event_name":"Duplicator","player_choice":"Copied","floor":27.0,"gold_loss":0.0,"damage_taken":0.0,"cards_obtained":["RitualDagger"]},{"damage_healed":0.0,"max_hp_gain":0.0,"max_hp_loss":0.0,"gold_gain":333.0,"event_name":"The Moai Head","player_choice":"Gave Idol","floor":39.0,"relics_lost":["Golden Idol"],"gold_loss":0.0,"damage_taken":0.0},{"damage_healed":0.0,"max_hp_gain":0.0,"max_hp_loss":0.0,"gold_gain":0.0,"event_name":"Transmorgrifier","player_choice":"Ignored","floor":40.0,"gold_loss":0.0,"damage_taken":0.0},{"damage_healed":0.0,"max_hp_gain":0.0,"max_hp_loss":5.0,"gold_gain":0.0,"event_name":"Winding Halls","player_choice":"Max HP","floor":45.0,"gold_loss":0.0,"damage_taken":0.0}],"is_beta":false,"boss_relics":[{"not_picked":["Eternal Feather","Orrery"],"picked":"Tiny House"},{"not_picked":["Pandora\u0027s Box","Astrolabe"],"picked":"Calling Bell"}],"items_purged_floors":[23,36],"is_endless":false,"potions_floor_spawned":[1,3,5,12,16,21,22,30,35,41,46],"ascension_level":0}