{"gold_per_floor":[361,361,381,181,181,181,211,211,264,264,296,314,264,264,264,361,361,372,445,459,534,596,608,693,1031,1093,1170,330,330,48,59,59,161,161,175,0,50,69,79,106,106,139,139,139,169,189,293,320,320,320],"floor_reached":51,"playtime":3795,"items_purged":["Strike_G","Strike_G"],"score":1359,"play_id":"3f8ee0e1-e737-4834-b0d4-f795a1ee0e55","local_time":"20190919223957","is_ascension_mode":true,"campfire_choices":[{"floor":6.0,"key":"REST"},{"floor":8.0,"key":"REST"},{"data":"Noxious Fumes","floor":10.0,"key":"SMITH"},{"floor":15.0,"key":"REST"},{"floor":23.0,"key":"REST"},{"floor":29.0,"key":"REST"},{"data":"Footwork","floor":32.0,"key":"SMITH"},{"data":"Armaments","floor":41.0,"key":"SMITH"},{"data":"Hologram","floor":44.0,"key":"SMITH"},{"floor":49,"key":"REST"}],"neow_cost":"PERCENT_DAMAGE","seed_source_timestamp":0,"circlet_count":0,"master_deck":["AscendersBane","Strike_G+1","Defend_G","Defend_G","Defend_G+1","Defend_G","Defend_G","Survivor","Neutralize","Dagger Throw+1","Blade Dance","Noxious Fumes+1","Deflect","Adrenaline","Quick Slash+1","Bullet Time","A Thousand Cuts","Flechettes+1","Flying Knee","Backstab+1","Accuracy","Backstab","Hologram+1","Footwork+1","Catalyst","Flame Barrier","After Image","Leg Sweep+1","Footwork","Night Terror","Entrench+1","Armaments+1","Deadly Poison+1","Corpse Explosion","Underhanded Strike"],"special_seed":0,"relics":["Ring of the Snake","Mango","Tiny Chest","Potion Belt","SsserpentHead","Black Star","Art of War","MawBank","Boot","Happy Flower","Old Coin","Dream Catcher","Smiling Mask","Regal Pillow","PrismaticShard","Pocketwatch","HandDrill","Snecko Eye","Meat on the Bone","Blood Vial","Blue Candle","Bronze Scales","PreservedInsect","Omamori","Lantern","Orichalcum","Snake Skull","Ancient Tea Set","Whetstone"],"potions_floor_usage":[50,50],"damage_taken":[{"damage":1.0,"enemies":"Small Slimes","floor":1.0,"turns":4.0},{"damage":0.0,"enemies":"2 Louse","floor":3.0,"turns":3.0},{"damage":38.0,"enemies":"Lagavulin","floor":7.0,"turns":11.0},{"damage":17.0,"enemies":"3 Sentries","floor":11.0,"turns":7.0},{"damage":0.0,"enemies":"Cultist","floor":12.0,"turns":3.0},{"damage":25.0,"enemies":"Hexaghost","floor":16.0,"turns":11.0},{"damage":17.0,"enemies":"2 Thieves","floor":18.0,"turns":4.0},{"damage":21.0,"enemies":"Spheric Guardian","floor":20.0,"turns":6.0},{"damage":31.0,"enemies":"Book of Stabbing","floor":25.0,"turns":6.0},{"damage":8.0,"enemies":"Shelled Parasite and Fungi","floor":27.0,"turns":6.0},{"damage":17.0,"enemies":"Chosen and Byrds","floor":31.0,"turns":6.0},{"damage":48.0,"enemies":"Collector","floor":33.0,"turns":10.0},{"damage":15.0,"enemies":"3 Darklings","floor":35.0,"turns":4.0},{"damage":4.0,"enemies":"3 Shapes","floor":38.0,"turns":4.0},{"damage":1.0,"enemies":"Transient","floor":39.0,"turns":5.0},{"damage":11.0,"enemies":"Reptomancer","floor":40.0,"turns":8.0},{"damage":26.0,"enemies":"Nemesis","floor":42.0,"turns":10.0},{"damage":21.0,"enemies":"Reptomancer","floor":45.0,"turns":7.0},{"damage":2.0,"enemies":"3 Darklings","floor":46.0,"turns":5.0},{"damage":31,"enemies":"Giant Head","floor":48,"turns":9},{"damage":0,"enemies":"Donu and Deca","floor":50,"turns":7}],"seed_played":"-3865807904071764295","potions_obtained":[{"floor":3.0,"key":"EntropicBrew"},{"floor":11.0,"key":"SpeedPotion"},{"floor":16.0,"key":"Poison Potion"},{"floor":18.0,"key":"Regen Potion"},{"floor":27.0,"key":"Strength Potion"},{"floor":33.0,"key":"Weak Potion"},{"floor":38.0,"key":"PowerPotion"},{"floor":42.0,"key":"Fire Potion"}],"is_trial":false,"path_per_floor":["M","?","M","$","?","R","E","R","T","R","E","M","?","?","R","B",null,"M","T","M","T","?","R","T","E","T","M","$","R","$","M","R","B",null,"M","$","T","M","M","E","R","E","T","R","E","M","T","E","R","B",null],"character_chosen":"THE_SILENT","items_purchased":["Noxious Fumes","Deflect","Regal Pillow","PrismaticShard","Pocketwatch","Accuracy","Backstab","Footwork","Catalyst","HandDrill","Footwork","Night Terror"],"campfire_rested":6,"item_purchase_floors":[4,4,28,28,28,28,28,30,30,30,36,36],"current_hp_per_floor":[44,30,30,30,30,51,27,52,52,52,35,35,35,35,60,35,72,55,55,34,34,34,59,59,43,43,35,35,75,75,58,58,10,66,51,51,51,47,46,47,47,35,35,35,28,40,40,23,63,65],"gold":320,"neow_bonus":"TWO_FIFTY_GOLD","is_prod":false,"is_daily":false,"chose_seed":false,"campfire_upgraded":4,"win_rate":0,"timestamp":1568957997,"path_taken":["M","?","M","$","?","R","E","R","T","R","E","?","?","?","R","BOSS","M","?","M","?","?","R","?","E","T","?","$","R","?","M","R","BOSS","M","?","?","M","M","E","R","E","T","R","E","M","?","E","R","BOSS"],"build_version":"2019-07-17","purchased_purges":2,"victory":true,"max_hp_per_floor":[70,70,70,70,70,70,84,84,84,84,84,84,84,84,84,84,84,84,84,84,84,84,84,84,84,84,84,84,84,84,84,84,84,84,84,84,84,84,84,84,84,84,84,84,84,84,84,84,84,84],"card_choices":[{"not_picked":["Backflip","Choke"],"picked":"Dagger Throw","floor":1.0},{"not_picked":["Predator","Prepared"],"picked":"Blade Dance","floor":3.0},{"not_picked":["Setup","Acrobatics"],"picked":"Adrenaline","floor":7.0},{"not_picked":["Sucker Punch","Distraction"],"picked":"Quick Slash","floor":11.0},{"not_picked":["Quick Slash","Heel Hook"],"picked":"Bullet Time","floor":12.0},{"not_picked":["Phantasmal Killer","Storm of Steel"],"picked":"A Thousand Cuts","floor":16.0},{"not_picked":["Outmaneuver","Slice"],"picked":"Flechettes+1","floor":18.0},{"not_picked":["Choke","Slice"],"picked":"Flying Knee","floor":20.0},{"not_picked":["Sucker Punch","Grand Finale","Outmaneuver"],"picked":"SKIP","floor":25.0},{"not_picked":["Poisoned Stab","Cloak And Dagger"],"picked":"Backstab+1","floor":27.0},{"not_picked":["Coolheaded","Stack"],"picked":"Hologram","floor":29.0},{"not_picked":["Cold Snap","Warcry"],"picked":"Flame Barrier","floor":31.0},{"not_picked":["Grand Finale","Limit Break"],"picked":"After Image","floor":33.0},{"not_picked":["Perfected Strike","Rage+1"],"picked":"Leg Sweep+1","floor":35.0},{"not_picked":["Warcry","Skewer+1"],"picked":"Entrench+1","floor":38.0},{"not_picked":["Flex+1","Deflect","Go for the Eyes"],"picked":"SKIP","floor":39.0},{"not_picked":["Skewer+1","Scrape"],"picked":"Armaments","floor":40.0},{"not_picked":["Reflex+1","True Grit+1","Good Instincts+1"],"picked":"SKIP","floor":42.0},{"not_picked":["Storm+1","Blade Dance"],"picked":"Deadly Poison+1","floor":45.0},{"not_picked":["Sword Boomerang","Outmaneuver+1","Seeing Red"],"picked":"SKIP","floor":46.0},{"not_picked":["Melter","Glacier"],"picked":"Corpse Explosion","floor":48},{"not_picked":["Slice","Jack Of All Trades"],"picked":"Underhanded Strike","floor":49}],"player_experience":335825,"relics_obtained":[{"floor":7.0,"key":"Mango"},{"floor":9.0,"key":"Tiny Chest"},{"floor":11.0,"key":"Potion Belt"},{"floor":19.0,"key":"Art of War"},{"floor":21.0,"key":"MawBank"},{"floor":24.0,"key":"Happy Flower"},{"floor":25.0,"key":"Old Coin"},{"floor":25.0,"key":"Dream Catcher"},{"floor":26.0,"key":"Smiling Mask"},{"floor":37.0,"key":"Meat on the Bone"},{"floor":40.0,"key":"Blood Vial"},{"floor":40.0,"key":"Blue Candle"},{"floor":42.0,"key":"Bronze Scales"},{"floor":42.0,"key":"PreservedInsect"},{"floor":43.0,"key":"Omamori"},{"floor":45.0,"key":"Lantern"},{"floor":45.0,"key":"Orichalcum"},{"floor":47.0,"key":"Snake Skull"},{"floor":48,"key":"Ancient Tea Set"},{"floor":48,"key":"Whetstone"}],"event_choices":[{"damage_healed":0.0,"max_hp_gain":0.0,"max_hp_loss":0.0,"gold_gain":0.0,"event_name":"Shining Light","player_choice":"Entered Light","floor":2.0,"gold_loss":0.0,"damage_taken":14.0,"cards_upgraded":["Defend_G","Strike_G"]},{"cards_removed":["Strike_G"],"damage_healed":0.0,"max_hp_gain":0.0,"max_hp_loss":0.0,"gold_gain":0.0,"event_name":"Bonfire Elementals","player_choice":"Offered Basic","floor":5.0,"gold_loss":0.0,"damage_taken":0.0},{"cards_removed":["Strike_G"],"damage_healed":0.0,"max_hp_gain":0.0,"max_hp_loss":0.0,"gold_gain":0.0,"event_name":"The Cleric","player_choice":"Card Removal","floor":13.0,"gold_loss":50.0,"damage_taken":0.0},{"damage_healed":0.0,"max_hp_gain":0.0,"max_hp_loss":0.0,"gold_gain":0.0,"event_name":"FaceTrader","player_choice":"Trade","floor":14.0,"gold_loss":0.0,"damage_taken":0.0,"relics_obtained":["SsserpentHead"]},{"damage_healed":0.0,"max_hp_gain":0.0,"max_hp_loss":0.0,"gold_gain":0.0,"event_name":"The Mausoleum","player_choice":"Opened","floor":22.0,"gold_loss":0.0,"damage_taken":0.0,"relics_obtained":["Boot"]}],"is_beta":false,"boss_relics":[{"not_picked":["Ectoplasm","Tiny House"],"picked":"Black Star"},{"not_picked":["Pandora\u0027s Box","Astrolabe"],"picked":"Snecko Eye"}],"items_purged_floors":[4,28],"is_endless":false,"potions_floor_spawned":[3,11,16,18,27,33,38,42],"ascension_level":11}