{"gold_per_floor":[211,211,231,245,265,295,306,338,338,338,353,353,381,229,229,333,333,333,273,273,273,273,273,273,273,273,273],"floor_reached":27,"playtime":2014,"items_purged":["Defend_B"],"score":257,"play_id":"444d50e6-bfce-4da0-b58e-a39a071e6b84","local_time":"20190829111125","is_ascension_mode":false,"campfire_choices":[{"data":"White Noise","floor":10,"key":"SMITH"},{"data":"Panacea","floor":12,"key":"SMITH"},{"data":"Blizzard","floor":15,"key":"SMITH"},{"data":"Redo","floor":24,"key":"SMITH"}],"neow_cost":"NONE","seed_source_timestamp":267467964354294,"circlet_count":0,"master_deck":["Strike_B","Strike_B","Strike_B","Strike_B","Defend_B","Defend_B","Defend_B","Zap","Dualcast","Self Repair","Panacea+1","Streamline","Cold Snap","Coolheaded","Streamline","White Noise+1","Turbo","Conserve Battery","Go for the Eyes","Blizzard+1","Multi-Cast","Coolheaded","Redo+1","Loop","Skim","Double Energy+1","White Noise"],"relics":["Cracked Core","Vajra","Darkstone Periapt","Girya","Ectoplasm","Pantograph","Meat on the Bone"],"potions_floor_usage":[6,8,11,13,27,27,27],"damage_taken":[{"damage":2,"enemies":"2 Louse","floor":1,"turns":3},{"damage":5,"enemies":"Cultist","floor":3,"turns":4},{"damage":8,"enemies":"Small Slimes","floor":4,"turns":3},{"damage":9,"enemies":"3 Louse","floor":5,"turns":3},{"damage":22,"enemies":"Gremlin Nob","floor":6,"turns":4},{"damage":9,"enemies":"Red Slaver","floor":7,"turns":3},{"damage":19,"enemies":"3 Sentries","floor":8,"turns":5},{"damage":0,"enemies":"Large Slime","floor":11,"turns":3},{"damage":3,"enemies":"Gremlin Nob","floor":13,"turns":3},{"damage":26,"enemies":"Slime Boss","floor":16,"turns":9},{"damage":12,"enemies":"Spheric Guardian","floor":18,"turns":4},{"damage":7,"enemies":"2 Thieves","floor":19,"turns":4},{"damage":8,"enemies":"Centurion and Healer","floor":20,"turns":7},{"damage":21,"enemies":"Snecko","floor":21,"turns":6},{"damage":33,"enemies":"Book of Stabbing","floor":23,"turns":6},{"damage":14,"enemies":"Chosen and Byrds","floor":25,"turns":6},{"damage":18,"enemies":"Snake Plant","floor":27,"turns":5}],"seed_played":"8947291207093580638","potions_obtained":[{"floor":3,"key":"Fire Potion"},{"floor":4,"key":"Block Potion"},{"floor":7,"key":"Fire Potion"},{"floor":8,"key":"Fire Potion"},{"floor":16,"key":"SpeedPotion"},{"floor":20,"key":"Ancient Potion"},{"floor":23,"key":"LiquidBronze"}],"is_trial":false,"path_per_floor":["M","?","M","M","M","E","M","E","T","R","M","R","E","$","R","B",null,"M","M","M","M","?","E","R","M","T","M"],"character_chosen":"DEFECT","items_purchased":["Blizzard"],"campfire_rested":0,"item_purchase_floors":[14],"current_hp_per_floor":[73,73,75,74,65,50,48,36,36,36,36,36,40,40,40,21,75,70,70,69,55,55,29,29,15,15,0],"gold":273,"neow_bonus":"HUNDRED_GOLD","is_prod":false,"is_daily":false,"chose_seed":false,"campfire_upgraded":4,"win_rate":0,"timestamp":1567073485,"path_taken":["M","?","M","M","M","E","M","E","T","R","M","R","E","?","R","BOSS","M","M","M","M","?","E","R","M","T","M"],"build_version":"2019-07-17","purchased_purges":1,"victory":false,"max_hp_per_floor":[75,75,75,75,75,75,75,75,75,75,75,75,75,75,75,75,75,75,75,75,75,75,75,75,75,75,75],"card_choices":[{"not_picked":["Beam Cell","Steam Power"],"picked":"Self Repair","floor":1},{"not_picked":["Stack","Beam Cell"],"picked":"Streamline","floor":3},{"not_picked":["Rip and Tear","Streamline"],"picked":"Cold Snap","floor":4},{"not_picked":["Leap","Steam"],"picked":"Coolheaded","floor":5},{"not_picked":["Rainbow","Thunder Strike"],"picked":"Streamline","floor":6},{"not_picked":["Scrape","Go for the Eyes"],"picked":"White Noise","floor":7},{"not_picked":["Force Field","Rebound"],"picked":"Turbo","floor":8},{"not_picked":["Reprogram","Consume"],"picked":"Conserve Battery","floor":11},{"not_picked":["Turbo","Coolheaded"],"picked":"Go for the Eyes","floor":13},{"not_picked":["Fission","All For One"],"picked":"Multi-Cast","floor":16},{"not_picked":["FTL","Undo"],"picked":"Coolheaded","floor":18},{"not_picked":["Turbo","Leap+1"],"picked":"Redo","floor":19},{"not_picked":["Turbo+1","Sweeping Beam"],"picked":"Loop","floor":20},{"not_picked":["Genetic Algorithm","Steam","Beam Cell"],"picked":"SKIP","floor":21},{"not_picked":["Static Discharge+1","Stack"],"picked":"Double Energy+1","floor":23},{"not_picked":["Hologram","Storm"],"picked":"White Noise","floor":25}],"player_experience":65659,"relics_obtained":[{"floor":6,"key":"Vajra"},{"floor":8,"key":"Darkstone Periapt"},{"floor":13,"key":"Girya"},{"floor":23,"key":"Pantograph"},{"floor":26,"key":"Meat on the Bone"}],"event_choices":[{"damage_healed":0,"gold_gain":0,"player_choice":"1 cards matched","damage_taken":0,"max_hp_gain":0,"max_hp_loss":0,"event_name":"Match and Keep!","floor":2,"gold_loss":0,"cards_obtained":["Panacea"]},{"damage_healed":0,"gold_gain":0,"player_choice":"Read","damage_taken":0,"max_hp_gain":0,"max_hp_loss":0,"event_name":"The Library","floor":22,"gold_loss":0,"cards_obtained":["Skim"]}],"is_beta":false,"boss_relics":[{"not_picked":["Lizard Tail","Runic Dome"],"picked":"Ectoplasm"}],"items_purged_floors":[14],"is_endless":false,"potions_floor_spawned":[3,4,7,8,16,20,23],"killed_by":"Snake Plant","ascension_level":0}