{"gold_per_floor":[116,116,116,128,143,177,177,209,209,209,227,244,244,18,18,117,117,132,57,8,8,28,56,56,71,71,0,0,18,50,75,75,173,173,191,209,58,68,79,79,92,119,144,156,156,168,197,210,210,210,210,210,31,64,64],"floor_reached":55,"playtime":3911,"items_purged":["Strike_R"],"score":1005,"play_id":"853b1b22-4758-4714-ac70-31443a3ba957","local_time":"20190825214348","is_ascension_mode":true,"campfire_choices":[{"floor":7.0,"key":"REST"},{"data":"Flame Barrier","floor":10.0,"key":"SMITH"},{"data":"Armaments","floor":15.0,"key":"SMITH"},{"data":"Barricade","floor":24.0,"key":"SMITH"},{"data":"Heavy Blade","floor":28.0,"key":"SMITH"},{"floor":32.0,"key":"DIG"},{"floor":40.0,"key":"DIG"},{"floor":49.0,"key":"RECALL"},{"floor":52.0,"key":"REST"}],"neow_cost":"PERCENT_DAMAGE","seed_source_timestamp":0,"circlet_count":0,"master_deck":["Strike_R","Strike_R","Defend_R+1","Defend_R","Defend_R+1","Bash","Demon Form+1","Reckless Charge","Combust","Flame Barrier+1","Rampage","Rupture","Heavy Blade+1","Armaments+1","Shrug It Off","Barricade+1","Iron Wave","Flame Barrier","Inflame+1","Anger","Immolate","Anger+1","Anger+1","Battle Trance+1","Metallicize+1","Apotheosis"],"special_seed":0,"relics":["Burning Blood","Bronze Scales","FossilizedHelix","Mummified Hand","Bottled Tornado","Du-Vu Doll","Happy Flower","Black Star","War Paint","Gambling Chip","Pocketwatch","Shovel","Blue Candle","Pen Nib","Strawberry","Busted Crown","Anchor","Dream Catcher","Art of War","Thread and Needle","Ginger","Orichalcum","Red Skull","Centennial Puzzle"],"potions_floor_usage":[],"damage_taken":[{"damage":2.0,"enemies":"Small Slimes","floor":1.0,"turns":4.0},{"damage":1.0,"enemies":"Cultist","floor":4.0,"turns":3.0},{"damage":1.0,"enemies":"2 Louse","floor":5.0,"turns":2.0},{"damage":32.0,"enemies":"3 Sentries","floor":6.0,"turns":6.0},{"damage":13.0,"enemies":"Lagavulin","floor":8.0,"turns":5.0},{"damage":3.0,"enemies":"Blue Slaver","floor":11.0,"turns":3.0},{"damage":3.0,"enemies":"2 Fungi Beasts","floor":12.0,"turns":2.0},{"damage":10.0,"enemies":"The Guardian","floor":16.0,"turns":8.0},{"damage":9.0,"enemies":"Shell Parasite","floor":18.0,"turns":4.0},{"damage":0.0,"enemies":"Chosen","floor":22.0,"turns":4.0},{"damage":2.0,"enemies":"Gremlin Leader","floor":23.0,"turns":6.0},{"damage":13.0,"enemies":"Centurion and Healer","floor":25.0,"turns":7.0},{"damage":2.0,"enemies":"Chosen and Byrds","floor":29.0,"turns":4.0},{"damage":9.0,"enemies":"Slavers","floor":30.0,"turns":4.0},{"damage":19.0,"enemies":"Collector","floor":33.0,"turns":7.0},{"damage":14.0,"enemies":"Orb Walker","floor":35.0,"turns":3.0},{"damage":6.0,"enemies":"3 Shapes","floor":36.0,"turns":4.0},{"damage":0.0,"enemies":"Sphere and 2 Shapes","floor":38.0,"turns":4.0},{"damage":0.0,"enemies":"Jaw Worm Horde","floor":39.0,"turns":4.0},{"damage":0.0,"enemies":"Writhing Mass","floor":41.0,"turns":5.0},{"damage":35.0,"enemies":"Reptomancer","floor":42.0,"turns":6.0},{"damage":4.0,"enemies":"Transient","floor":44.0,"turns":5.0},{"damage":0.0,"enemies":"4 Shapes","floor":46.0,"turns":5.0},{"damage":0.0,"enemies":"Nemesis","floor":47.0,"turns":3.0},{"damage":0.0,"enemies":"Writhing Mass","floor":48.0,"turns":3.0},{"damage":58.0,"enemies":"Awakened One","floor":50.0,"turns":8.0},{"damage":60.0,"enemies":"Shield and Spear","floor":54.0,"turns":6.0},{"damage":95,"enemies":"The Heart","floor":55,"turns":3}],"seed_played":"432427912920455020","potions_obtained":[{"floor":1.0,"key":"Strength Potion"},{"floor":8.0,"key":"Ancient Potion"},{"floor":11.0,"key":"SkillPotion"},{"floor":12.0,"key":"SkillPotion"},{"floor":18.0,"key":"Block Potion"},{"floor":36.0,"key":"FairyPotion"},{"floor":44.0,"key":"Ancient Potion"},{"floor":47.0,"key":"Block Potion"}],"is_trial":false,"path_per_floor":["M","?","?","M","M","E","R","E","T","R","M","M","T","$","R","B",null,"M","?","$","?","M","E","R","M","T","?","R","M","E","T","R","B",null,"M","M","$","M","M","R","M","E","T","M","?","M","E","M","R","B",null,"R","$","E","B"],"character_chosen":"IRONCLAD","items_purchased":["Happy Flower","Iron Wave","Anchor","Apotheosis"],"campfire_rested":2,"item_purchase_floors":[14,20,37,53],"current_hp_per_floor":[60,53,53,58,63,37,61,54,54,54,57,60,60,60,60,56,74,71,71,71,71,77,80,80,73,73,73,73,77,74,74,81,68,82,74,74,74,80,86,86,87,58,58,60,60,66,72,78,78,26,69,83,83,29,0],"gold":64,"neow_bonus":"TRANSFORM_TWO_CARDS","is_prod":false,"is_daily":false,"chose_seed":false,"campfire_upgraded":4,"win_rate":0,"timestamp":1566794628,"path_taken":["M","?","?","M","M","E","R","E","T","R","?","M","?","$","R","BOSS","M","?","$","?","M","E","R","M","T","?","R","M","E","?","R","BOSS","M","?","$","M","M","R","M","E","T","M","?","M","E","M","R","BOSS","R","$","E","BOSS"],"build_version":"2019-07-17","purchased_purges":1,"victory":false,"max_hp_per_floor":[80,80,80,80,80,80,80,80,80,80,80,80,80,80,80,80,80,80,80,80,80,80,80,80,80,80,80,80,80,80,80,87,87,87,87,87,87,87,87,87,87,87,87,87,83,83,83,83,83,83,83,83,83,83,83],"card_choices":[{"not_picked":["Iron Wave","Thunderclap"],"picked":"Combust","floor":1.0},{"not_picked":["Perfected Strike","Flex"],"picked":"Flame Barrier","floor":4.0},{"not_picked":["Dual Wield","Wild Strike"],"picked":"Rampage","floor":5.0},{"not_picked":["Double Tap","Body Slam"],"picked":"Rupture","floor":6.0},{"not_picked":["Iron Wave","Thunderclap"],"picked":"Heavy Blade","floor":8.0},{"not_picked":["Feel No Pain","Pommel Strike"],"picked":"Armaments","floor":11.0},{"not_picked":["Spot Weakness","Dark Embrace"],"picked":"Shrug It Off","floor":12.0},{"not_picked":["Dark Embrace","Fiend Fire"],"picked":"Barricade","floor":16.0},{"not_picked":["Havoc+1","Dual Wield+1","Seeing Red"],"picked":"SKIP","floor":18.0},{"not_picked":["True Grit","Iron Wave+1"],"picked":"Inflame+1","floor":22.0},{"not_picked":["Body Slam","Perfected Strike","Thunderclap"],"picked":"SKIP","floor":23.0},{"not_picked":["Sword Boomerang","Intimidate","Havoc+1"],"picked":"SKIP","floor":25.0},{"not_picked":["Sentinel","Headbutt"],"picked":"Anger","floor":29.0},{"not_picked":["Rampage","Sever Soul","Perfected Strike"],"picked":"SKIP","floor":30.0},{"not_picked":["Berserk","Bludgeon"],"picked":"Immolate","floor":33.0},{"not_picked":[],"picked":"Anger+1","floor":35.0},{"not_picked":[],"picked":"Anger+1","floor":36.0},{"not_picked":[],"picked":"Battle Trance+1","floor":38.0},{"not_picked":["Flex+1"],"picked":"SKIP","floor":39.0},{"not_picked":["Battle Trance"],"picked":"SKIP","floor":41.0},{"not_picked":["Iron Wave+1"],"picked":"SKIP","floor":42.0},{"not_picked":["Twin Strike+1"],"picked":"SKIP","floor":44.0},{"not_picked":["Flex"],"picked":"SKIP","floor":46.0},{"not_picked":["Feel No Pain+1"],"picked":"SKIP","floor":47.0},{"not_picked":["Warcry+1"],"picked":"SKIP","floor":48.0},{"not_picked":[],"picked":"Metallicize+1","floor":52.0},{"not_picked":["Sword Boomerang"],"picked":"SKIP","floor":54.0}],"player_experience":242792,"relics_obtained":[{"floor":6.0,"key":"FossilizedHelix"},{"floor":8.0,"key":"Mummified Hand"},{"floor":9.0,"key":"Bottled Tornado"},{"floor":13.0,"key":"Du-Vu Doll"},{"floor":23.0,"key":"War Paint"},{"floor":23.0,"key":"Gambling Chip"},{"floor":26.0,"key":"Pocketwatch"},{"floor":30.0,"key":"Shovel"},{"floor":30.0,"key":"Blue Candle"},{"floor":31.0,"key":"Pen Nib"},{"floor":32.0,"key":"Strawberry"},{"floor":40.0,"key":"Dream Catcher"},{"floor":42.0,"key":"Art of War"},{"floor":42.0,"key":"Thread and Needle"},{"floor":47.0,"key":"Ginger"},{"floor":47.0,"key":"Orichalcum"},{"floor":54.0,"key":"Red Skull"},{"floor":54.0,"key":"Centennial Puzzle"}],"event_choices":[{"damage_healed":0.0,"max_hp_gain":0.0,"max_hp_loss":0.0,"gold_gain":0.0,"event_name":"Scrap Ooze","player_choice":"Success","floor":2.0,"gold_loss":0.0,"damage_taken":7.0,"relics_obtained":["Bronze Scales"]},{"damage_healed":0.0,"max_hp_gain":0.0,"max_hp_loss":0.0,"gold_gain":0.0,"event_name":"Upgrade Shrine","player_choice":"Upgraded","floor":3.0,"gold_loss":0.0,"damage_taken":0.0,"cards_upgraded":["Demon Form"]},{"cards_removed":["Strike_R"],"damage_healed":0.0,"max_hp_gain":0.0,"max_hp_loss":0.0,"gold_gain":0.0,"event_name":"Beggar","player_choice":"Gave Gold","floor":19.0,"gold_loss":75.0,"damage_taken":0.0},{"damage_healed":0.0,"max_hp_gain":0.0,"max_hp_loss":0.0,"gold_gain":0.0,"event_name":"The Library","player_choice":"Read","floor":21.0,"gold_loss":0.0,"damage_taken":0.0,"cards_obtained":["Flame Barrier"]},{"damage_healed":0.0,"max_hp_gain":0.0,"max_hp_loss":0.0,"gold_gain":0.0,"event_name":"Masked Bandits","player_choice":"Paid Fearfully","floor":27.0,"gold_loss":71.0,"damage_taken":0.0},{"damage_healed":0.0,"max_hp_gain":0.0,"max_hp_loss":4.0,"gold_gain":0.0,"event_name":"Winding Halls","player_choice":"Max HP","floor":45.0,"gold_loss":0.0,"damage_taken":0.0}],"is_beta":false,"boss_relics":[{"not_picked":["Lizard Tail","Coffee Dripper"],"picked":"Black Star"},{"not_picked":["Runic Pyramid","Velvet Choker"],"picked":"Busted Crown"}],"items_purged_floors":[14],"is_endless":false,"potions_floor_spawned":[1,8,11,12,18,22,29,36,44,47,48],"killed_by":"The Heart","ascension_level":5}