{"gold_per_floor":[99,99,99,99,99,99,99,99,99,99,99,99,99,99,99,99,99,99,99,99,99,99,99,99,99,99,99,99,99,99,99],"floor_reached":31,"playtime":1785,"items_purged":[],"score":311,"play_id":"94551148-31e9-4c38-80f4-8b59c1e3066c","local_time":"20190920165818","is_ascension_mode":false,"campfire_choices":[{"data":"Defragment","floor":7,"key":"SMITH"},{"data":"Multi-Cast","floor":15,"key":"SMITH"},{"data":"Capacitor","floor":23,"key":"SMITH"}],"neow_cost":"NONE","seed_source_timestamp":9197979861500,"circlet_count":0,"master_deck":["Strike_B","Strike_B","Defend_B","Defend_B","Defend_B","Defend_B","Zap","Dualcast","Doom and Gloom","Self Repair","Defragment+1","Conserve Battery","Glacier","Consume","Sweeping Beam","Multi-Cast+1","Echo Form","Skim","Defragment","Hologram","Capacitor+1","Shame","Genetic Algorithm","Melter","Defragment+1","Rebound","Loop","Sweeping Beam"],"special_seed":0,"relics":["Ectoplasm","Singing Bowl","Toy Ornithopter","Sozu","Pear","Ancient Tea Set","Toxic Egg 2","Potion Belt","Lantern"],"potions_floor_usage":[28,30],"damage_taken":[{"damage":0.0,"enemies":"Small Slimes","floor":1.0,"turns":3.0},{"damage":1.0,"enemies":"2 Louse","floor":2.0,"turns":2.0},{"damage":20.0,"enemies":"Jaw Worm","floor":3.0,"turns":4.0},{"damage":20.0,"enemies":"3 Sentries","floor":6.0,"turns":7.0},{"damage":14,"enemies":"Blue Slaver","floor":8,"turns":4},{"damage":6,"enemies":"3 Louse","floor":11,"turns":3},{"damage":8,"enemies":"Red Slaver","floor":12,"turns":3},{"damage":5,"enemies":"Lagavulin","floor":13,"turns":8},{"damage":0,"enemies":"2 Fungi Beasts","floor":14,"turns":4},{"damage":21,"enemies":"The Guardian","floor":16,"turns":8},{"damage":15,"enemies":"3 Byrds","floor":18,"turns":5},{"damage":0,"enemies":"Spheric Guardian","floor":19,"turns":5},{"damage":0,"enemies":"Snecko","floor":20,"turns":4},{"damage":13,"enemies":"Snake Plant","floor":21,"turns":5},{"damage":7,"enemies":"Book of Stabbing","floor":24,"turns":7},{"damage":19,"enemies":"Cultist and Chosen","floor":25,"turns":9},{"damage":30,"enemies":"Slavers","floor":28,"turns":9},{"damage":10,"enemies":"Snecko","floor":29,"turns":4},{"damage":37,"enemies":"Gremlin Leader","floor":30,"turns":3},{"damage":33,"enemies":"3 Cultists","floor":31,"turns":4}],"seed_played":"-510066015652167318","potions_obtained":[{"floor":3.0,"key":"SkillPotion"},{"floor":8,"key":"SteroidPotion"},{"floor":12,"key":"EssenceOfDarkness"},{"floor":14,"key":"FocusPotion"}],"is_trial":false,"path_per_floor":["M","M","M","?","?","E","R","M","T","?","M","M","E","M","R","B",null,"M","M","M","M","?","R","E","M","T","?","E","M","E","M"],"character_chosen":"DEFECT","items_purchased":[],"campfire_rested":0,"item_purchase_floors":[],"current_hp_per_floor":[75,74,61,61,54,41,41,34,34,34,35,34,36,43,43,29,75,67,75,75,69,79,79,79,74,74,74,56,60,28,0],"gold":99,"neow_bonus":"BOSS_RELIC","is_prod":false,"is_daily":false,"chose_seed":false,"campfire_upgraded":3,"win_rate":0,"timestamp":1568995098,"path_taken":["M","M","M","?","?","E","R","M","T","?","M","?","E","M","R","BOSS","M","M","M","M","?","R","E","M","T","?","E","M","E","?"],"build_version":"2019-09-19","purchased_purges":0,"victory":false,"max_hp_per_floor":[75,75,75,75,75,75,75,75,75,75,75,75,75,75,75,75,75,75,75,75,75,85,85,85,85,85,85,85,85,85,85],"card_choices":[{"not_picked":["Beam Cell","Streamline"],"picked":"Doom and Gloom","floor":1.0},{"not_picked":["Rebound","Hologram"],"picked":"Self Repair","floor":2.0},{"not_picked":["Turbo","Leap","Scrape"],"picked":"SKIP","floor":3.0},{"not_picked":["Steam Power","Conserve Battery"],"picked":"Defragment","floor":6.0},{"not_picked":["Leap","Go for the Eyes"],"picked":"Conserve Battery","floor":8},{"not_picked":["Go for the Eyes","Fusion"],"picked":"Glacier","floor":11},{"not_picked":["Steam","Hologram"],"picked":"Consume","floor":12},{"not_picked":["Fusion","Darkness"],"picked":"Sweeping Beam","floor":13},{"not_picked":["Turbo","Ball Lightning"],"picked":"Multi-Cast","floor":14},{"not_picked":["Thunder Strike","Core Surge"],"picked":"Echo Form","floor":16},{"not_picked":["Rip and Tear","Double Energy"],"picked":"Skim","floor":18},{"not_picked":["Gash","Redo"],"picked":"Defragment","floor":19},{"not_picked":["Compile Driver","Barrage+1"],"picked":"Hologram","floor":20},{"not_picked":["Compile Driver","Go for the Eyes"],"picked":"Capacitor","floor":21},{"not_picked":["Turbo+1","Scrape"],"picked":"Genetic Algorithm","floor":24},{"not_picked":["Steam","Turbo"],"picked":"Melter","floor":25},{"not_picked":["Steam+1","Compile Driver+1"],"picked":"Rebound","floor":28},{"not_picked":["Undo+1","FTL+1"],"picked":"Loop","floor":29},{"not_picked":["Turbo+1","Barrage"],"picked":"Sweeping Beam","floor":30}],"player_experience":113960,"relics_obtained":[{"floor":6.0,"key":"Singing Bowl"},{"floor":13,"key":"Toy Ornithopter"},{"floor":24,"key":"Ancient Tea Set"},{"floor":26,"key":"Toxic Egg 2"},{"floor":28,"key":"Potion Belt"},{"floor":30,"key":"Lantern"}],"event_choices":[{"damage_healed":0.0,"max_hp_gain":0.0,"max_hp_loss":0.0,"gold_gain":0.0,"event_name":"Golden Idol","player_choice":"Ignored","floor":4.0,"gold_loss":0.0,"damage_taken":0.0},{"cards_removed":["Strike_B"],"damage_healed":0.0,"max_hp_gain":0.0,"max_hp_loss":0.0,"gold_gain":0.0,"event_name":"Golden Wing","player_choice":"Card Removal","floor":5.0,"gold_loss":0.0,"damage_taken":7.0},{"cards_removed":["Strike_B"],"damage_healed":0,"gold_gain":0,"player_choice":"Forget","damage_taken":0,"max_hp_gain":0,"max_hp_loss":0,"event_name":"Living Wall","floor":10,"gold_loss":0},{"damage_healed":0,"gold_gain":0,"player_choice":"Stole Relic","damage_taken":0,"relics_obtained":["Pear"],"max_hp_gain":0,"max_hp_loss":0,"event_name":"Addict","floor":22,"gold_loss":0,"cards_obtained":["Shame"]},{"damage_healed":0,"gold_gain":0,"player_choice":"Copied","damage_taken":0,"max_hp_gain":0,"max_hp_loss":0,"event_name":"Duplicator","floor":27,"gold_loss":0,"cards_obtained":["Defragment"]}],"is_beta":true,"boss_relics":[{"not_picked":["Tiny House","Pandora\u0027s Box"],"picked":"Sozu"}],"items_purged_floors":[],"is_endless":false,"potions_floor_spawned":[3,8,12,14,18,20,25,28],"killed_by":"3 Cultists","ascension_level":0}