{"gold_per_floor":[359,389,389,415,433,433,447,447,447,468,499,499,135,153,153,243,243,261,275,13,33,48,91,91,134,180,224,248,248,292,207,207,306,306,324,349,15,36,55,98,158,158,228,242,267,306,206,244,244,244,244,244,244,63,103,103],"floor_reached":57,"playtime":2593,"items_purged":["Strike_G","Strike_G","Strike_G"],"score":3594,"play_id":"e384b5e9-c3e1-4c08-99cb-1a18b159e8d1","local_time":"20190908215936","is_ascension_mode":true,"campfire_choices":[{"data":"All Out Attack","floor":8.0,"key":"SMITH"},{"data":"Cloak And Dagger","floor":12.0,"key":"SMITH"},{"data":"Apotheosis","floor":15.0,"key":"SMITH"},{"floor":24.0,"key":"RECALL"},{"data":"Adrenaline","floor":29.0,"key":"SMITH"},{"data":"Tactician","floor":32.0,"key":"SMITH"},{"data":"Well Laid Plans","floor":42.0,"key":"SMITH"},{"data":"Adrenaline","floor":49.0,"key":"SMITH"},{"data":"Blade Dance","floor":53,"key":"SMITH"}],"neow_cost":"TEN_PERCENT_HP_LOSS","seed_source_timestamp":612355473560000,"circlet_count":0,"master_deck":["AscendersBane","Strike_G","Strike_G","Defend_G","Defend_G","Defend_G","Defend_G","Defend_G","Survivor","Neutralize","Cloak And Dagger+1","All Out Attack+1","Apotheosis+1","Adrenaline+1","Acrobatics","Blade Dance+1","Tactician+1","Backflip","Well Laid Plans+1","Adrenaline+1","Calculated Gamble","Escape Plan","Acrobatics","Tactician","Blur"],"special_seed":0,"relics":["Ring of the Snake","Tiny Chest","Golden Idol","Ancient Tea Set","Kunai","Shuriken","Coffee Dripper","Bottled Lightning","Mummified Hand","Singing Bowl","Centennial Puzzle","Prayer Wheel","Bronze Scales","Pear","WristBlade","Tough Bandages","Boot","Ginger","Molten Egg 2","Thread and Needle","Ornamental Fan"],"potions_floor_usage":[50,56,56],"damage_taken":[{"damage":4.0,"enemies":"Jaw Worm","floor":1.0,"turns":8.0},{"damage":2.0,"enemies":"2 Louse","floor":5.0,"turns":3.0},{"damage":6.0,"enemies":"Small Slimes","floor":7.0,"turns":4.0},{"damage":0.0,"enemies":"Gremlin Gang","floor":10.0,"turns":2.0},{"damage":30.0,"enemies":"Gremlin Nob","floor":11.0,"turns":4.0},{"damage":0.0,"enemies":"Exordium Wildlife","floor":14.0,"turns":2.0},{"damage":0.0,"enemies":"The Guardian","floor":16.0,"turns":10.0},{"damage":0.0,"enemies":"Chosen","floor":18.0,"turns":5.0},{"damage":0.0,"enemies":"Spheric Guardian","floor":19.0,"turns":3.0},{"damage":9.0,"enemies":"Snake Plant","floor":21.0,"turns":5.0},{"damage":0.0,"enemies":"Snecko","floor":22.0,"turns":4.0},{"damage":3.0,"enemies":"Book of Stabbing","floor":23.0,"turns":6.0},{"damage":0.0,"enemies":"Gremlin Leader","floor":25.0,"turns":5.0},{"damage":1.0,"enemies":"Slavers","floor":27.0,"turns":5.0},{"damage":7.0,"enemies":"Cultist and Chosen","floor":28.0,"turns":4.0},{"damage":0.0,"enemies":"Book of Stabbing","floor":30.0,"turns":4.0},{"damage":13.0,"enemies":"Automaton","floor":33.0,"turns":7.0},{"damage":1.0,"enemies":"3 Darklings","floor":35.0,"turns":3.0},{"damage":3.0,"enemies":"Orb Walker","floor":36.0,"turns":3.0},{"damage":0.0,"enemies":"Maw","floor":38.0,"turns":5.0},{"damage":0.0,"enemies":"Jaw Worm Horde","floor":39.0,"turns":3.0},{"damage":0.0,"enemies":"Giant Head","floor":40.0,"turns":3.0},{"damage":0.0,"enemies":"2 Orb Walkers","floor":41.0,"turns":3.0},{"damage":0.0,"enemies":"Transient","floor":44.0,"turns":6.0},{"damage":0.0,"enemies":"3 Darklings","floor":45.0,"turns":2.0},{"damage":0.0,"enemies":"Reptomancer","floor":46.0,"turns":4.0},{"damage":0.0,"enemies":"Nemesis","floor":48.0,"turns":3.0},{"damage":0,"enemies":"Time Eater","floor":50,"turns":14},{"damage":0,"enemies":"Awakened One","floor":51,"turns":7},{"damage":0,"enemies":"Shield and Spear","floor":55,"turns":6},{"damage":32,"enemies":"The Heart","floor":56,"turns":10}],"seed_played":"-6992919929738520678","potions_obtained":[{"floor":5.0,"key":"Dexterity Potion"},{"floor":6.0,"key":"PowerPotion"},{"floor":6.0,"key":"Explosive Potion"},{"floor":25.0,"key":"Dexterity Potion"},{"floor":28.0,"key":"Swift Potion"},{"floor":30.0,"key":"Regen Potion"},{"floor":33.0,"key":"Explosive Potion"},{"floor":40.0,"key":"Block Potion"}],"is_trial":false,"path_per_floor":["M","?","?","T","M","?","M","R","T","M","E","R","$","M","R","B",null,"M","M","$","M","M","E","R","E","T","E","M","R","E","?","R","B",null,"M","M","$","M","M","E","?","R","T","M","M","E","$","E","R","B","B",null,"R","$","E","B",null],"character_chosen":"THE_SILENT","items_purchased":["Apotheosis","Fire Potion","Swift Potion","Bottled Lightning","Tough Bandages","Block Potion"],"campfire_rested":0,"item_purchase_floors":[13,13,13,20,37,54],"current_hp_per_floor":[55,44,44,44,42,42,36,36,36,36,6,6,6,6,6,6,42,42,42,42,33,33,30,30,32,32,31,24,24,26,36,36,23,57,65,66,66,66,70,72,74,74,74,78,82,84,84,84,84,84,84,89,89,89,91,59],"gold":103,"neow_bonus":"TWO_FIFTY_GOLD","is_prod":false,"is_daily":false,"chose_seed":false,"campfire_upgraded":8,"win_rate":0,"timestamp":1567951176,"path_taken":["M","?","?","?","M","?","M","R","T","?","E","R","$","M","R","BOSS","M","M","$","M","?","E","R","E","T","E","?","R","E","?","R","BOSS","M","M","$","M","M","E","?","R","T","M","M","E","$","E","R","BOSS","BOSS","R","$","E","BOSS"],"build_version":"2019-07-17","purchased_purges":3,"victory":true,"max_hp_per_floor":[60,60,54,54,54,54,54,54,54,54,54,54,54,54,54,54,54,54,54,54,54,54,54,54,56,56,56,56,56,58,68,68,68,68,68,72,72,72,76,78,80,80,80,84,88,90,90,90,90,90,90,90,90,90,92,92],"card_choices":[{"not_picked":["Acrobatics","Outmaneuver","Poisoned Stab"],"picked":"SKIP","floor":1.0},{"not_picked":["Dagger Spray","Poisoned Stab"],"picked":"Cloak And Dagger","floor":5.0},{"not_picked":["Dash","Dagger Throw"],"picked":"All Out Attack","floor":7.0},{"not_picked":["Storm of Steel","Distraction","Deflect"],"picked":"SKIP","floor":10.0},{"not_picked":["Bane","Poisoned Stab","Venomology"],"picked":"SKIP","floor":11.0},{"not_picked":["Caltrops","Distraction","Noxious Fumes"],"picked":"SKIP","floor":14.0},{"not_picked":["Die Die Die","Corpse Explosion"],"picked":"Adrenaline","floor":16.0},{"not_picked":["Footwork","Blade Dance"],"picked":"Acrobatics","floor":18.0},{"not_picked":["Slice","Dodge and Roll","Dash+1"],"picked":"SKIP","floor":19.0},{"not_picked":["Slice","Dodge and Roll","Dash+1"],"picked":"SKIP","floor":19.0},{"not_picked":["Heel Hook","Slice","Concentrate"],"picked":"SKIP","floor":21.0},{"not_picked":["Backstab+1","Bouncing Flask"],"picked":"Blade Dance","floor":22.0},{"not_picked":["Dodge and Roll","Underhanded Strike","All Out Attack"],"picked":"SKIP","floor":23.0},{"not_picked":["Expertise","Bane","Bouncing Flask"],"picked":"Singing Bowl","floor":25.0},{"not_picked":["Envenom","Quick Slash"],"picked":"Tactician","floor":27.0},{"not_picked":["Endless Agony","Dagger Spray"],"picked":"Backflip","floor":28.0},{"not_picked":["Sucker Punch","Accuracy+1"],"picked":"Well Laid Plans","floor":28.0},{"not_picked":["Leg Sweep","PiercingWail","Dodge and Roll"],"picked":"Singing Bowl","floor":30.0},{"not_picked":["Burst","Corpse Explosion"],"picked":"Adrenaline","floor":33.0},{"not_picked":["Backstab","Concentrate"],"picked":"Calculated Gamble","floor":35.0},{"not_picked":["Outmaneuver+1","Bane+1"],"picked":"Escape Plan","floor":35.0},{"not_picked":["Eviscerate","Dash+1","Slice+1"],"picked":"Singing Bowl","floor":36.0},{"not_picked":["Escape Plan","Caltrops","Blur"],"picked":"Singing Bowl","floor":36.0},{"not_picked":["Crippling Poison+1","Cloak And Dagger"],"picked":"Acrobatics","floor":38.0},{"not_picked":["PiercingWail+1","Skewer"],"picked":"Tactician","floor":38.0},{"not_picked":["Concentrate","Dodge and Roll","Tactician"],"picked":"Singing Bowl","floor":39.0},{"not_picked":["Prepared","Cloak And Dagger","Tactician"],"picked":"Singing Bowl","floor":39.0},{"not_picked":["Riddle With Holes","Doppelganger","Leg Sweep"],"picked":"Singing Bowl","floor":40.0},{"not_picked":["Endless Agony","Well Laid Plans","Escape Plan"],"picked":"Singing Bowl","floor":41.0},{"not_picked":["Deflect","Sucker Punch","Predator"],"picked":"Singing Bowl","floor":44.0},{"not_picked":["Cloak And Dagger","Dagger Spray","Blur+1"],"picked":"Singing Bowl","floor":44.0},{"not_picked":["Backflip+1","Endless Agony","Flying Knee"],"picked":"Singing Bowl","floor":45.0},{"not_picked":["Deadly Poison","Flechettes","Dagger Throw"],"picked":"Singing Bowl","floor":45.0},{"not_picked":["Caltrops","Dodge and Roll","Poisoned Stab+1"],"picked":"Singing Bowl","floor":46.0},{"not_picked":["Slice+1","Flying Knee+1"],"picked":"Blur","floor":48.0},{"not_picked":["Unload+1","Dagger Throw+1","Noxious Fumes"],"picked":"Singing Bowl","floor":55}],"player_experience":931600,"relics_obtained":[{"floor":4.0,"key":"Ancient Tea Set"},{"floor":9.0,"key":"Kunai"},{"floor":11.0,"key":"Shuriken"},{"floor":23.0,"key":"Mummified Hand"},{"floor":25.0,"key":"Singing Bowl"},{"floor":26.0,"key":"Centennial Puzzle"},{"floor":27.0,"key":"Prayer Wheel"},{"floor":30.0,"key":"Bronze Scales"},{"floor":40.0,"key":"Boot"},{"floor":41.0,"key":"Ginger"},{"floor":46.0,"key":"Molten Egg 2"},{"floor":48.0,"key":"Thread and Needle"},{"floor":55,"key":"Ornamental Fan"}],"event_choices":[{"damage_healed":0.0,"max_hp_gain":0.0,"max_hp_loss":0.0,"gold_gain":0.0,"event_name":"Scrap Ooze","player_choice":"Success","floor":2.0,"gold_loss":0.0,"damage_taken":11.0,"relics_obtained":["Tiny Chest"]},{"damage_healed":0.0,"max_hp_gain":0.0,"max_hp_loss":6.0,"gold_gain":0.0,"event_name":"Golden Idol","player_choice":"Lose Max HP","floor":3.0,"gold_loss":0.0,"damage_taken":0.0,"relics_obtained":["Golden Idol"]},{"damage_healed":0.0,"max_hp_gain":0.0,"max_hp_loss":0.0,"gold_gain":0.0,"event_name":"Lab","player_choice":"Got Potions","floor":6.0,"gold_loss":0.0,"damage_taken":0.0},{"damage_healed":0.0,"max_hp_gain":0.0,"max_hp_loss":0.0,"gold_gain":0.0,"event_name":"Addict","player_choice":"Obtained Relic","floor":31.0,"gold_loss":85.0,"damage_taken":0.0,"relics_obtained":["Pear"]},{"damage_healed":0.0,"max_hp_gain":0.0,"max_hp_loss":0.0,"gold_gain":0.0,"event_name":"Mysterious Sphere","player_choice":"Fight","floor":41.0,"gold_loss":0.0,"damage_taken":0.0}],"is_beta":false,"boss_relics":[{"not_picked":["Tiny House","Cursed Key"],"picked":"Coffee Dripper"},{"not_picked":["Busted Crown","Snecko Eye"],"picked":"WristBlade"}],"items_purged_floors":[13,47,54],"is_endless":false,"potions_floor_spawned":[5,14,16,18,25,28,30,33,35,40,41,44],"ascension_level":20}