{"gold_per_floor":[112,132,149,165,183,183,208,208,208,208,208,99,114,127,127,223,223,234,246,257,257,257,257,257,272,272,272,187,197,216,216],"floor_reached":31,"playtime":2807,"items_purged":["Strike_R"],"score":241,"play_id":"b13a630c-6a44-4168-87c2-08994eaf9433","local_time":"20180923120818","is_ascension_mode":false,"campfire_choices":[{"data":"Combust","floor":6,"key":"SMITH"},{"floor":8,"key":"REST"},{"data":"Metallicize","floor":10,"key":"SMITH"},{"data":"Headbutt","floor":15,"key":"SMITH"},{"data":"Warcry","floor":23,"key":"SMITH"},{"floor":27,"key":"REST"}],"neow_cost":"NONE","seed_source_timestamp":615617062174972,"circlet_count":0,"master_deck":["Strike_R+1","Strike_R+1","Strike_R+1","Defend_R+1","Defend_R+1","Defend_R+1","Defend_R+1","Bash","Fiend Fire","Metallicize+1","Headbutt+1","Combust+1","Rupture","Headbutt","Warcry+1","Inflame","Thunderclap","Iron Wave","Juggernaut+1","Armaments+1","Cleave","Feel No Pain","Berserk","Clothesline","Corruption+1"],"relics":["Burning Blood","Bronze Scales","Meat on the Bone","Runic Cube","Unceasing Top","Regal Pillow"],"potions_floor_usage":[16,16,16,16,16,16,20,29,30,31],"damage_taken":[{"damage":1,"enemies":"Cultist","floor":1,"turns":3},{"damage":15,"enemies":"Small Slimes","floor":2,"turns":4},{"damage":7,"enemies":"Jaw Worm","floor":3,"turns":4},{"damage":20,"enemies":"Lots of Slimes","floor":4,"turns":4},{"damage":7,"enemies":"2 Fungi Beasts","floor":5,"turns":4},{"damage":24,"enemies":"Gremlin Nob","floor":7,"turns":4},{"damage":9,"enemies":"Exordium Wildlife","floor":13,"turns":4},{"damage":1,"enemies":"Looter","floor":14,"turns":4},{"damage":40,"enemies":"Hexaghost","floor":16,"turns":6},{"damage":6,"enemies":"3 Byrds","floor":18,"turns":2},{"damage":21,"enemies":"Spheric Guardian","floor":19,"turns":4},{"damage":37,"enemies":"Chosen and Byrds","floor":20,"turns":5},{"damage":25,"enemies":"Snecko","floor":25,"turns":5},{"damage":17,"enemies":"Snake Plant","floor":29,"turns":3},{"damage":24,"enemies":"Centurion and Healer","floor":30,"turns":6},{"damage":63,"enemies":"Sentry and Sphere","floor":31,"turns":5}],"seed_played":"-7160660936247844262","potions_obtained":[{"floor":3,"key":"Ancient Potion"},{"floor":5,"key":"SneckoOil"},{"floor":7,"key":"Poison Potion"},{"floor":14,"key":"EntropicBrew"},{"floor":16,"key":"Fire Potion"},{"floor":18,"key":"SpeedPotion"},{"floor":20,"key":"Fruit Juice"},{"floor":29,"key":"SkillPotion"}],"is_trial":false,"path_per_floor":["M","M","M","M","M","R","E","R","T","R","?","$","M","M","R","B",null,"M","M","M","?","?","R","?","M","T","R","?","M","M"],"character_chosen":"IRONCLAD","items_purchased":["Inflame"],"campfire_rested":2,"item_purchase_floors":[12],"current_hp_per_floor":[80,71,70,56,55,55,37,61,61,61,61,61,58,63,63,41,80,80,65,51,35,35,35,35,28,28,55,55,56,50,0],"gold":216,"neow_bonus":"ONE_RANDOM_RARE_CARD","is_prod":false,"is_daily":false,"chose_seed":false,"campfire_upgraded":4,"win_rate":0.0,"timestamp":1537718898,"path_taken":["M","M","?","M","M","R","E","R","T","R","?","$","M","M","R","BOSS","M","M","?","?","?","R","?","M","T","R","?","M","M","M"],"build_version":"2018-09-20","purchased_purges":1,"victory":false,"max_hp_per_floor":[80,80,80,80,80,80,80,80,80,80,80,80,80,80,80,80,80,80,80,85,90,90,90,90,90,90,90,90,90,90,90],"card_choices":[{"not_picked":["Sword Boomerang","Power Through"],"picked":"Metallicize","floor":1},{"not_picked":["Body Slam","Perfected Strike"],"picked":"Headbutt","floor":2},{"not_picked":["Twin Strike","Clash"],"picked":"Combust","floor":3},{"not_picked":["Uppercut","Cleave"],"picked":"Rupture","floor":4},{"not_picked":["Pummel","Pommel Strike"],"picked":"Headbutt","floor":5},{"not_picked":["Pummel","Entrench"],"picked":"Warcry","floor":7},{"not_picked":["Anger","Armaments"],"picked":"Thunderclap","floor":13},{"not_picked":["Entrench","Heavy Blade"],"picked":"Iron Wave","floor":14},{"not_picked":["Offering","Double Tap"],"picked":"Juggernaut","floor":16},{"not_picked":["Body Slam","Clothesline+1"],"picked":"Armaments+1","floor":18},{"not_picked":["Armaments","Twin Strike"],"picked":"Cleave","floor":19},{"not_picked":["Sword Boomerang+1","Perfected Strike"],"picked":"Feel No Pain","floor":20},{"not_picked":["Clash","Sword Boomerang"],"picked":"Berserk","floor":25},{"not_picked":["Anger","Body Slam"],"picked":"Clothesline","floor":29},{"not_picked":["True Grit","Body Slam"],"picked":"Corruption+1","floor":30}],"player_experience":3404,"relics_obtained":[{"floor":7,"key":"Bronze Scales"},{"floor":9,"key":"Meat on the Bone"},{"floor":26,"key":"Unceasing Top"}],"event_choices":[{"event_name":"Purifier","player_choice":"One Purge","floor":11,"damage_taken":0},{"event_name":"Forgotten Altar","player_choice":"Shed Blood","floor":21,"damage_taken":0},{"event_name":"Accursed Blacksmith","player_choice":"Forge","floor":22,"damage_taken":0},{"event_name":"Back to Basics","player_choice":"Simplicity","floor":24,"damage_taken":0},{"event_name":"Addict","player_choice":"Obtained Relic","floor":28,"damage_taken":0}],"is_beta":false,"boss_relics":[{"not_picked":["White Beast Statue","Lizard Tail"],"picked":"Runic Cube"}],"items_purged_floors":[12],"is_endless":false,"potions_floor_spawned":[3,5,7,14,16,18,20,29],"killed_by":"Sentry and Sphere","ascension_level":0}