{"gold_per_floor":[115,115,132,97,110,128,81,112,112,130,144,167,167,180,180,276,276,291,291,315,315,315,315,342,360,430,430,190,203,203,214,214,214],"floor_reached":33,"playtime":1683,"items_purged":[],"score":267,"play_id":"dd0f8815-5ca0-4930-aa85-b63e3e243f1f","local_time":"20190916130533","is_ascension_mode":false,"campfire_choices":[{"floor":13,"key":"REST"},{"floor":15,"key":"REST"},{"floor":23,"key":"REST"},{"floor":27,"key":"REST"},{"floor":30,"key":"REST"},{"data":"Armaments","floor":32,"key":"SMITH"}],"neow_cost":"NONE","seed_source_timestamp":0,"circlet_count":0,"master_deck":["Strike_R","Strike_R","Strike_R","Strike_R","Strike_R","Defend_R","Defend_R","Defend_R","Defend_R","Bash","Rampage","Headbutt","True Grit","Spot Weakness","Iron Wave","Anger","Fiend Fire","Whirlwind+1","Evolve+1","Impervious+1","Headbutt","Necronomicurse","Armaments+1","Blood for Blood+1","Ghostly Armor+1","Uppercut","Armaments+1"],"special_seed":0,"relics":["Burning Blood","Ornamental Fan","Mercury Hourglass","Potion Belt","Astrolabe","Necronomicon","Bronze Scales","Gremlin Horn","Toxic Egg 2","Medical Kit"],"potions_floor_usage":[11],"damage_taken":[{"damage":0.0,"enemies":"Small Slimes","floor":1.0,"turns":3.0},{"damage":15.0,"enemies":"Cultist","floor":3.0,"turns":4.0},{"damage":6.0,"enemies":"Jaw Worm","floor":5.0,"turns":3.0},{"damage":29.0,"enemies":"3 Louse","floor":6.0,"turns":3.0},{"damage":27.0,"enemies":"Gremlin Nob","floor":8.0,"turns":4.0},{"damage":16,"enemies":"Exordium Thugs","floor":10,"turns":3},{"damage":13,"enemies":"2 Fungi Beasts","floor":11,"turns":3},{"damage":7,"enemies":"Blue Slaver","floor":14,"turns":3},{"damage":55,"enemies":"The Guardian","floor":16,"turns":9},{"damage":47,"enemies":"Shell Parasite","floor":18,"turns":6},{"damage":55,"enemies":"Gremlin Leader","floor":24,"turns":5},{"damage":0,"enemies":"Chosen","floor":25,"turns":4},{"damage":15,"enemies":"Snake Plant","floor":29,"turns":3},{"damage":7,"enemies":"Snecko","floor":31,"turns":5},{"damage":76,"enemies":"Collector","floor":33,"turns":8}],"seed_played":"4045312348583911553","potions_obtained":[{"floor":1.0,"key":"Fire Potion"},{"floor":5.0,"key":"Block Potion"},{"floor":10,"key":"Regen Potion"},{"floor":11,"key":"Ancient Potion"},{"floor":25,"key":"AttackPotion"},{"floor":31,"key":"Poison Potion"}],"is_trial":false,"path_per_floor":["M","?","M","$","M","M","$","E","T","M","M","T","R","M","R","B",null,"M","?","T","?","?","R","E","M","T","R","$","M","R","M","R","B"],"character_chosen":"IRONCLAD","items_purchased":["Rampage","True Grit","Ghostly Armor+1","Medical Kit"],"campfire_rested":5,"item_purchase_floors":[4,7,28,28],"current_hp_per_floor":[88,88,79,79,79,56,56,35,35,25,27,27,53,52,78,29,88,47,31,31,60,43,70,21,27,27,54,54,45,72,71,71,0],"gold":214,"neow_bonus":"TEN_PERCENT_HP_BONUS","is_prod":false,"is_daily":false,"chose_seed":false,"campfire_upgraded":1,"win_rate":0.0,"timestamp":1568653533,"path_taken":["M","?","M","?","M","M","$","E","T","M","M","?","R","M","R","BOSS","M","?","?","?","?","R","E","M","T","R","$","?","R","?","R","BOSS"],"build_version":"2019-07-17","purchased_purges":0,"victory":false,"max_hp_per_floor":[88,88,88,88,88,88,88,88,88,88,88,88,88,88,88,88,88,88,88,88,88,93,93,93,93,93,93,93,93,93,93,93,93],"card_choices":[{"not_picked":["Power Through","Hemokinesis"],"picked":"Spot Weakness","floor":1.0},{"not_picked":["Sever Soul","Clash"],"picked":"Rampage","floor":3.0},{"not_picked":["Dual Wield","Twin Strike"],"picked":"Infernal Blade","floor":5.0},{"not_picked":["Flame Barrier","Uppercut"],"picked":"Headbutt","floor":6.0},{"not_picked":["Infernal Blade","Clothesline"],"picked":"Spot Weakness","floor":8.0},{"not_picked":["Body Slam","Warcry"],"picked":"Iron Wave","floor":10},{"not_picked":["Flex","Clash"],"picked":"Warcry","floor":11},{"not_picked":["Warcry","Heavy Blade"],"picked":"Anger","floor":14},{"not_picked":["Demon Form","Immolate"],"picked":"Fiend Fire","floor":16},{"not_picked":["Sever Soul","Evolve"],"picked":"Headbutt","floor":18},{"not_picked":["Disarm","Intimidate"],"picked":"Armaments","floor":24},{"not_picked":["Body Slam+1","Uppercut"],"picked":"Blood for Blood+1","floor":25},{"not_picked":["True Grit+1","Combust"],"picked":"Uppercut","floor":29},{"not_picked":["Iron Wave","Body Slam"],"picked":"Armaments+1","floor":31}],"player_experience":29917,"relics_obtained":[{"floor":8.0,"key":"Ornamental Fan"},{"floor":9,"key":"Mercury Hourglass"},{"floor":12,"key":"Potion Belt"},{"floor":19,"key":"Necronomicon"},{"floor":20,"key":"Bronze Scales"},{"floor":24,"key":"Gremlin Horn"},{"floor":26,"key":"Toxic Egg 2"}],"event_choices":[{"cards_removed":["Spot Weakness"],"damage_healed":0.0,"max_hp_gain":0.0,"max_hp_loss":0.0,"gold_gain":0.0,"event_name":"Wheel of Change","player_choice":"Card Removal","floor":2.0,"gold_loss":0.0,"damage_taken":0.0},{"damage_healed":0,"gold_gain":0,"player_choice":"Obtained Book","damage_taken":16,"max_hp_gain":0,"max_hp_loss":0,"event_name":"Cursed Tome","floor":19,"gold_loss":0},{"damage_healed":29,"gold_gain":0,"player_choice":"Heal","damage_taken":0,"max_hp_gain":0,"max_hp_loss":0,"event_name":"The Library","floor":21,"gold_loss":0},{"damage_healed":0,"gold_gain":0,"player_choice":"Shed Blood","damage_taken":22,"max_hp_gain":5,"max_hp_loss":0,"event_name":"Forgotten Altar","floor":22,"gold_loss":0}],"is_beta":false,"boss_relics":[{"not_picked":["Philosopher\u0027s Stone","Runic Dome"],"picked":"Astrolabe"}],"items_purged_floors":[],"is_endless":false,"potions_floor_spawned":[1,5,10,11,25,31],"killed_by":"Collector","ascension_level":0}