{"gold_per_floor":[117,117,82,97,18,49,62,90,90,105,105,105,82,82,82,208,208,223,239,255,255,255,286,286,300,300,300,315,315,315,116,116,246,246,265,265,279,279,304,304,18,18,44,0,13,13,28,28,28,28],"floor_reached":50,"playtime":3625,"items_purged":[],"score":543,"play_id":"99128950-d297-4f30-9b04-4e00be3aeb3b","local_time":"20190822223247","is_ascension_mode":false,"campfire_choices":[{"floor":12,"key":"REST"},{"data":"Malaise","floor":15,"key":"SMITH"},{"floor":24,"key":"REST"},{"floor":27,"key":"REST"},{"floor":29,"key":"REST"},{"data":"Caltrops","floor":32,"key":"SMITH"},{"floor":40,"key":"REST"},{"floor":42,"key":"REST"},{"data":"Infinite Blades","floor":46,"key":"SMITH"},{"floor":49,"key":"REST"}],"neow_cost":"NONE","seed_source_timestamp":222222069736174,"circlet_count":0,"master_deck":["Strike_G+1","Strike_G+1","Strike_G+1","Strike_G+1","Defend_G+1","Defend_G+1","Defend_G+1","Defend_G+1","Defend_G+1","Survivor","Neutralize","Slice+1","Backstab","Flying Knee","Backstab","Dagger Spray","Slice","Malaise+1","Deflect","Backflip","Venomology","Predator","Poisoned Stab","Flying Knee","Predator+1","Dodge and Roll","Doppelganger","Writhe","Deadly Poison","Choke","Caltrops+1","Prepared","Prepared+1","Corpse Explosion","PiercingWail+1","Prepared+1","Infinite Blades+1","Blade Dance+1","After Image","Slice","Well Laid Plans","Parasite","Poisoned Stab+1","Terror","Blade Dance+1","Poisoned Stab"],"relics":["Ring of the Snake","NeowsBlessing","Pear","Peace Pipe","Prayer Wheel","Golden Idol","Cursed Key","Dodecahedron","Omamori","Mummified Hand","Medical Kit","WristBlade","Ornamental Fan","Pen Nib","Red Mask"],"potions_floor_usage":[16,16,20,23,23,33,33,33,37,45,47,50,50,50,50,50,50],"damage_taken":[{"damage":0,"enemies":"2 Louse","floor":1,"turns":1},{"damage":0,"enemies":"Cultist","floor":4,"turns":1},{"damage":0,"enemies":"3 Sentries","floor":6,"turns":1},{"damage":0,"enemies":"Small Slimes","floor":7,"turns":1},{"damage":30,"enemies":"Lagavulin","floor":8,"turns":7},{"damage":6,"enemies":"Gremlin Gang","floor":10,"turns":5},{"damage":72,"enemies":"Slime Boss","floor":16,"turns":14},{"damage":0,"enemies":"3 Byrds","floor":18,"turns":5},{"damage":4,"enemies":"Shell Parasite","floor":19,"turns":6},{"damage":6,"enemies":"Snecko","floor":20,"turns":6},{"damage":20,"enemies":"Slavers","floor":23,"turns":6},{"damage":34,"enemies":"Sentry and Sphere","floor":25,"turns":5},{"damage":3,"enemies":"Snake Plant","floor":28,"turns":6},{"damage":60,"enemies":"Champ","floor":33,"turns":15},{"damage":29,"enemies":"3 Darklings","floor":35,"turns":3},{"damage":7,"enemies":"3 Shapes","floor":37,"turns":3},{"damage":10,"enemies":"3 Darklings","floor":39,"turns":2},{"damage":9,"enemies":"Writhing Mass","floor":45,"turns":4},{"damage":1,"enemies":"Transient","floor":47,"turns":5},{"damage":83,"enemies":"Time Eater","floor":50,"turns":9}],"seed_played":"-2611681617006659395","potions_obtained":[{"floor":6,"key":"Swift Potion"},{"floor":8,"key":"Fire Potion"},{"floor":16,"key":"Explosive Potion"},{"floor":35,"key":"Regen Potion"},{"floor":37,"key":"GhostInAJar"},{"floor":45,"key":"Fire Potion"},{"floor":48,"key":"EntropicBrew"}],"is_trial":false,"path_per_floor":["M","?","$","M","$","E","M","E","T","M","?","R","?","?","R","B",null,"M","M","M","?","?","E","R","M","T","R","M","R","?","$","R","B",null,"M","?","M","?","M","R","$","R","T","?","M","R","M","?","R","B"],"character_chosen":"THE_SILENT","items_purchased":["Backstab","Backstab","Medical Kit","Ornamental Fan","Well Laid Plans"],"campfire_rested":7,"item_purchase_floors":[3,5,31,41,41],"current_hp_per_floor":[70,70,70,70,70,80,80,50,50,44,24,48,48,80,80,8,80,80,76,70,70,70,50,74,40,40,64,61,80,80,80,80,20,80,51,51,53,53,43,67,67,80,80,80,71,71,70,70,80,0],"gold":28,"neow_bonus":"THREE_ENEMY_KILL","is_prod":false,"is_daily":false,"chose_seed":false,"campfire_upgraded":3,"win_rate":0.0,"timestamp":1566509567,"path_taken":["M","?","?","M","$","E","M","E","T","M","?","R","?","?","R","BOSS","M","?","M","?","?","E","R","?","T","R","M","R","?","$","R","BOSS","M","?","M","?","?","R","$","R","T","?","M","R","M","?","R","BOSS"],"build_version":"2019-07-17","purchased_purges":0,"victory":false,"max_hp_per_floor":[70,70,70,70,70,80,80,80,80,80,80,80,80,80,80,80,80,80,80,80,80,80,80,80,80,80,80,80,80,80,80,80,80,80,80,80,80,80,80,80,80,80,80,80,80,80,80,80,80,80],"card_choices":[{"not_picked":["Underhanded Strike","Dodge and Roll"],"picked":"Slice","floor":1},{"not_picked":["Acrobatics","Outmaneuver"],"picked":"Flying Knee","floor":4},{"not_picked":["Sucker Punch","Quick Slash"],"picked":"Dagger Spray","floor":6},{"not_picked":["Escape Plan","Poisoned Stab"],"picked":"Slice","floor":7},{"not_picked":["Dagger Spray","Outmaneuver"],"picked":"Malaise","floor":8},{"not_picked":["Acrobatics","Expertise"],"picked":"Deflect","floor":10},{"not_picked":["Dodge and Roll","Underhanded Strike"],"picked":"Backflip","floor":10},{"not_picked":["Glass Knife","Phantasmal Killer"],"picked":"Venomology","floor":16},{"not_picked":["Eviscerate","Backflip"],"picked":"Predator","floor":18},{"not_picked":["Crippling Poison+1","Deflect"],"picked":"Poisoned Stab","floor":18},{"not_picked":["Acrobatics","Sucker Punch"],"picked":"Flying Knee","floor":19},{"not_picked":["Sucker Punch+1","Slice"],"picked":"Predator+1","floor":19},{"not_picked":["Deflect","Underhanded Strike"],"picked":"Dodge and Roll","floor":20},{"not_picked":["Quick Slash","Poisoned Stab"],"picked":"Doppelganger","floor":20},{"not_picked":["Eviscerate","Acrobatics+1"],"picked":"Choke","floor":23},{"not_picked":["Calculated Gamble","Deadly Poison"],"picked":"Caltrops","floor":25},{"not_picked":["Blade Dance","Eviscerate","Deflect"],"picked":"SKIP","floor":25},{"not_picked":["Crippling Poison+1","Outmaneuver"],"picked":"Prepared","floor":28},{"not_picked":["Deadly Poison","Acrobatics"],"picked":"Prepared+1","floor":28},{"not_picked":["After Image","Bullet Time"],"picked":"Corpse Explosion","floor":33},{"not_picked":["Reflex+1","Expertise+1"],"picked":"PiercingWail+1","floor":35},{"not_picked":["Skewer+1","Choke"],"picked":"Prepared+1","floor":35},{"not_picked":["Blade Dance","Outmaneuver+1"],"picked":"Infinite Blades","floor":37},{"not_picked":["Deflect","Eviscerate"],"picked":"Blade Dance+1","floor":37},{"not_picked":["Underhanded Strike","Bouncing Flask+1"],"picked":"After Image","floor":39},{"not_picked":["Sucker Punch+1","Dagger Spray+1"],"picked":"Slice","floor":39},{"not_picked":["Acrobatics","Backflip"],"picked":"Poisoned Stab+1","floor":45},{"not_picked":["Heel Hook+1","Flying Knee"],"picked":"Terror","floor":45},{"not_picked":["Eviscerate+1","Crippling Poison+1"],"picked":"Blade Dance+1","floor":47},{"not_picked":["Acrobatics","Underhanded Strike"],"picked":"Poisoned Stab","floor":47}],"player_experience":34691,"relics_obtained":[{"floor":6,"key":"Pear"},{"floor":8,"key":"Peace Pipe"},{"floor":9,"key":"Prayer Wheel"},{"floor":23,"key":"Omamori"},{"floor":26,"key":"Mummified Hand"},{"floor":43,"key":"Pen Nib"}],"event_choices":[{"damage_healed":0,"gold_gain":0,"player_choice":"Upgraded","damage_taken":0,"max_hp_gain":0,"max_hp_loss":0,"event_name":"Upgrade Shrine","floor":2,"gold_loss":0,"cards_upgraded":["Slice"]},{"damage_healed":0,"gold_gain":0,"player_choice":"Take Damage","damage_taken":20,"relics_obtained":["Golden Idol"],"max_hp_gain":0,"max_hp_loss":0,"event_name":"Golden Idol","floor":11,"gold_loss":0},{"damage_healed":0,"gold_gain":0,"player_choice":"Left Gold","damage_taken":0,"max_hp_gain":0,"max_hp_loss":0,"event_name":"World of Goop","floor":13,"gold_loss":23},{"damage_healed":32,"gold_gain":0,"player_choice":"Full Heal","damage_taken":0,"max_hp_gain":0,"max_hp_loss":0,"event_name":"Wheel of Change","floor":14,"gold_loss":0},{"damage_healed":0,"gold_gain":0,"player_choice":"Opened","damage_taken":0,"relics_obtained":["Dodecahedron"],"max_hp_gain":0,"max_hp_loss":0,"event_name":"The Mausoleum","floor":21,"gold_loss":0,"cards_obtained":["Writhe"]},{"damage_healed":0,"gold_gain":0,"player_choice":"1 cards matched","damage_taken":0,"max_hp_gain":0,"max_hp_loss":0,"event_name":"Match and Keep!","floor":22,"gold_loss":0,"cards_obtained":["Deadly Poison"]},{"damage_healed":0,"gold_gain":0,"player_choice":"Simplicity","damage_taken":0,"max_hp_gain":0,"max_hp_loss":0,"event_name":"Back to Basics","floor":30,"gold_loss":0,"cards_upgraded":["Strike_G","Strike_G","Strike_G","Strike_G","Strike_G","Defend_G","Defend_G","Defend_G","Defend_G","Defend_G"]},{"cards_removed":["Strike_G"],"damage_healed":0,"gold_gain":0,"player_choice":"Removed Attack","damage_taken":0,"max_hp_gain":0,"max_hp_loss":0,"event_name":"Falling","floor":36,"gold_loss":0},{"damage_healed":0,"gold_gain":0,"player_choice":"Ignored","damage_taken":0,"max_hp_gain":0,"max_hp_loss":0,"event_name":"NoteForYourself","floor":38,"gold_loss":0},{"damage_healed":0,"gold_gain":0,"player_choice":"Paid","damage_taken":0,"relics_obtained":["Red Mask"],"max_hp_gain":0,"max_hp_loss":0,"event_name":"Tomb of Lord Red Mask","floor":44,"gold_loss":44},{"damage_healed":0,"gold_gain":0,"player_choice":"Got Potions","damage_taken":0,"max_hp_gain":0,"max_hp_loss":0,"event_name":"Lab","floor":48,"gold_loss":0}],"is_beta":false,"boss_relics":[{"not_picked":["Philosopher\u0027s Stone","Runic Dome"],"picked":"Cursed Key"},{"not_picked":["Black Star","White Beast Statue"],"picked":"WristBlade"}],"items_purged_floors":[],"is_endless":false,"potions_floor_spawned":[6,8,16,25,28,35,37,45],"killed_by":"Time Eater","ascension_level":0}