{"gold_per_floor":[114,114,114,114,114,114,157,175,175,175,9,9,9,23,23,118,148,68,68,68,88,88,88,88,88,88,88,132,3,3,28,28,121,121,134,154,173,173,16,59,72,92,92,108,133,133,133,149,149,149,149,149,149,51,95,95],"floor_reached":57,"playtime":2066,"items_purged":["Strike_G","Strike_G"],"score":2667,"play_id":"c65273b3-c28f-4cb0-bd13-640f4d72dc17","local_time":"20190828152858","is_ascension_mode":true,"campfire_choices":[{"data":"Neutralize","floor":6.0,"key":"SMITH"},{"data":"Deadly Poison","floor":10.0,"key":"SMITH"},{"floor":12.0,"key":"RECALL"},{"data":"Defend_G","floor":15.0,"key":"SMITH"},{"data":"Catalyst","floor":23.0,"key":"SMITH"},{"data":"Flechettes","floor":25.0,"key":"SMITH"},{"floor":27.0,"key":"REST"},{"floor":32.0,"key":"REST"},{"floor":49.0,"key":"REST"},{"data":"Corpse Explosion","floor":53.0,"key":"SMITH"}],"neow_cost":"NONE","seed_source_timestamp":189921100306500,"circlet_count":0,"master_deck":["AscendersBane","Defend_G","Defend_G+1","Defend_G","Defend_G","Defend_G+1","Survivor+1","Neutralize+1","Deadly Poison+1","After Image","PiercingWail","Corpse Explosion+1","Catalyst+1","Backflip+1","Bullet Time+1","Malaise+1","Prepared+1","Catalyst+1","Dodge and Roll+1","Leg Sweep+1","Tactician+1","Catalyst+1","Bandage Up+1","After Image+1","Deep Breath+1","Escape Plan+1"],"special_seed":0,"relics":["Ring of the Snake","NeowsBlessing","Blue Candle","Golden Idol","Letter Opener","Calling Bell","Tiny Chest","Pear","Unceasing Top","Pantograph","Mummified Hand","Toxic Egg 2","Dodecahedron","Runic Pyramid","Shuriken","Frozen Egg 2","Mercury Hourglass"],"potions_floor_usage":[56],"damage_taken":[{"damage":0.0,"enemies":"Cultist","floor":1.0,"turns":1.0},{"damage":0.0,"enemies":"Gremlin Nob","floor":7.0,"turns":1.0},{"damage":0.0,"enemies":"Small Slimes","floor":8.0,"turns":1.0},{"damage":0.0,"enemies":"2 Louse","floor":14.0,"turns":4.0},{"damage":29.0,"enemies":"Hexaghost","floor":16.0,"turns":13.0},{"damage":18.0,"enemies":"2 Thieves","floor":18.0,"turns":4.0},{"damage":23.0,"enemies":"Chosen","floor":21.0,"turns":5.0},{"damage":33.0,"enemies":"Book of Stabbing","floor":28.0,"turns":5.0},{"damage":0.0,"enemies":"3 Cultists","floor":31.0,"turns":3.0},{"damage":20.0,"enemies":"Collector","floor":33.0,"turns":7.0},{"damage":0.0,"enemies":"3 Shapes","floor":35.0,"turns":5.0},{"damage":0.0,"enemies":"3 Darklings","floor":36.0,"turns":3.0},{"damage":9.0,"enemies":"Jaw Worm Horde","floor":37.0,"turns":3.0},{"damage":26.0,"enemies":"Reptomancer","floor":40.0,"turns":8.0},{"damage":3.0,"enemies":"Writhing Mass","floor":41.0,"turns":4.0},{"damage":17.0,"enemies":"4 Shapes","floor":42.0,"turns":4.0},{"damage":2.0,"enemies":"Transient","floor":44.0,"turns":6.0},{"damage":0.0,"enemies":"Writhing Mass","floor":45.0,"turns":4.0},{"damage":0.0,"enemies":"4 Shapes","floor":48.0,"turns":2.0},{"damage":21.0,"enemies":"Time Eater","floor":50.0,"turns":9.0},{"damage":11.0,"enemies":"Awakened One","floor":51.0,"turns":18.0},{"damage":60.0,"enemies":"Shield and Spear","floor":55.0,"turns":6.0},{"damage":41,"enemies":"The Heart","floor":56,"turns":9}],"seed_played":"8150213560412627769","potions_obtained":[{"floor":7.0,"key":"EntropicBrew"},{"floor":14.0,"key":"Block Potion"},{"floor":21.0,"key":"SneckoOil"},{"floor":31.0,"key":"PowerPotion"},{"floor":33.0,"key":"SkillPotion"},{"floor":36.0,"key":"LiquidBronze"}],"is_trial":false,"path_per_floor":["M","?","?","?","?","R","E","M","T","R","$","R","$","M","R","B",null,"M","?","$","M","T","R","?","R","T","R","E","$","T","M","R","B",null,"M","M","M","?","$","E","M","M","T","M","M","?","?","M","R","B","B",null,"R","$","E","B",null],"character_chosen":"THE_SILENT","items_purchased":["After Image","Backflip+1","Dodge and Roll+1","Deep Breath+1"],"campfire_rested":3,"item_purchase_floors":[11,29,39,54],"current_hp_per_floor":[59,54,34,27,27,27,27,27,27,27,27,27,27,27,27,13,58,40,40,40,17,17,17,17,17,17,38,5,5,5,5,26,31,60,60,60,51,51,51,25,22,5,5,3,3,3,3,3,24,34,54,66,66,66,12,2],"gold":95,"neow_bonus":"THREE_ENEMY_KILL","is_prod":false,"is_daily":false,"chose_seed":false,"campfire_upgraded":6,"win_rate":0,"timestamp":1566977338,"path_taken":["M","?","?","?","?","R","E","M","T","R","$","R","?","?","R","BOSS","M","?","$","M","?","R","?","R","T","R","E","$","?","?","R","BOSS","M","?","M","?","$","E","M","M","T","M","M","?","?","M","R","BOSS","BOSS","R","$","E","BOSS"],"build_version":"2019-07-17","purchased_purges":2,"victory":true,"max_hp_per_floor":[66,66,66,66,60,60,60,60,60,60,60,60,60,60,60,60,70,70,70,70,70,70,70,70,70,70,70,70,70,70,70,70,70,70,70,70,70,70,70,70,70,70,70,70,70,70,70,70,70,70,70,70,70,70,70,70],"card_choices":[{"not_picked":["Bane","Dagger Throw","Sucker Punch"],"picked":"SKIP","floor":1.0},{"not_picked":["Acrobatics","Quick Slash"],"picked":"Deadly Poison","floor":7.0},{"not_picked":["Accuracy","Dash","Quick Slash"],"picked":"SKIP","floor":8.0},{"not_picked":["Cloak And Dagger","Quick Slash"],"picked":"PiercingWail","floor":14.0},{"not_picked":["After Image","Grand Finale"],"picked":"Corpse Explosion","floor":16.0},{"not_picked":["Dagger Spray","Riddle With Holes","PiercingWail+1"],"picked":"SKIP","floor":18.0},{"not_picked":["Riddle With Holes","Leg Sweep"],"picked":"Catalyst","floor":21.0},{"not_picked":["Terror","PiercingWail","Dodge and Roll"],"picked":"SKIP","floor":28.0},{"not_picked":["Terror","PiercingWail","Dodge and Roll"],"picked":"SKIP","floor":28.0},{"not_picked":["Outmaneuver+1","All Out Attack"],"picked":"Bullet Time+1","floor":31.0},{"not_picked":["Envenom","Tools of the Trade"],"picked":"Malaise+1","floor":33.0},{"not_picked":["Choke+1","Deadly Poison+1"],"picked":"Prepared+1","floor":35.0},{"not_picked":["Slice","Prepared+1","Deadly Poison+1"],"picked":"SKIP","floor":36.0},{"not_picked":["Cloak And Dagger+1","Skewer"],"picked":"Catalyst+1","floor":37.0},{"not_picked":["Poisoned Stab+1","Eviscerate","Backstab+1"],"picked":"SKIP","floor":40.0},{"not_picked":["Backflip+1","Flying Knee+1","Dagger Spray+1"],"picked":"SKIP","floor":41.0},{"not_picked":["Deadly Poison+1","Dodge and Roll+1"],"picked":"Leg Sweep+1","floor":42.0},{"not_picked":["Bane","Prepared+1"],"picked":"Tactician+1","floor":44.0},{"not_picked":["Deflect+1","Poisoned Stab"],"picked":"Catalyst+1","floor":45.0},{"not_picked":["PanicButton+1","Flash of Steel"],"picked":"Bandage Up+1","floor":46.0},{"not_picked":["Venomology+1","Dagger Throw","Crippling Poison+1"],"picked":"SKIP","floor":48.0},{"not_picked":["Dodge and Roll+1","Riddle With Holes"],"picked":"Escape Plan+1","floor":55.0}],"player_experience":890253,"relics_obtained":[{"floor":7.0,"key":"Letter Opener"},{"floor":17.0,"key":"Tiny Chest"},{"floor":17.0,"key":"Pear"},{"floor":17.0,"key":"Unceasing Top"},{"floor":22.0,"key":"Pantograph"},{"floor":26.0,"key":"Mummified Hand"},{"floor":28.0,"key":"Toxic Egg 2"},{"floor":30.0,"key":"Dodecahedron"},{"floor":40.0,"key":"Shuriken"},{"floor":43.0,"key":"Frozen Egg 2"},{"floor":55.0,"key":"Mercury Hourglass"}],"event_choices":[{"damage_healed":0.0,"max_hp_gain":0.0,"max_hp_loss":0.0,"gold_gain":0.0,"event_name":"Scrap Ooze","player_choice":"Success","floor":2.0,"gold_loss":0.0,"damage_taken":5.0,"relics_obtained":["Blue Candle"]},{"damage_healed":0.0,"max_hp_gain":0.0,"max_hp_loss":0.0,"gold_gain":0.0,"event_name":"Shining Light","player_choice":"Entered Light","floor":3.0,"gold_loss":0.0,"damage_taken":20.0,"cards_upgraded":["Survivor","Defend_G"]},{"cards_removed":["Strike_G"],"damage_healed":0.0,"max_hp_gain":0.0,"max_hp_loss":0.0,"gold_gain":0.0,"event_name":"Golden Wing","player_choice":"Card Removal","floor":4.0,"gold_loss":0.0,"damage_taken":7.0},{"damage_healed":0.0,"max_hp_gain":0.0,"max_hp_loss":6.0,"gold_gain":0.0,"event_name":"Golden Idol","player_choice":"Lose Max HP","floor":5.0,"gold_loss":0.0,"damage_taken":0.0,"relics_obtained":["Golden Idol"]},{"damage_healed":0.0,"max_hp_gain":0.0,"max_hp_loss":0.0,"gold_gain":0.0,"cards_transformed":["Strike_G","Strike_G"],"event_name":"Drug Dealer","player_choice":"Became Test Subject","floor":19.0,"gold_loss":0.0,"damage_taken":0.0,"cards_obtained":["Flechettes","Choke"]},{"damage_healed":0.0,"max_hp_gain":0.0,"max_hp_loss":0.0,"gold_gain":0.0,"event_name":"Vampires","player_choice":"Ignored","floor":24.0,"gold_loss":0.0,"damage_taken":0.0},{"cards_removed":["Flechettes"],"damage_healed":0.0,"max_hp_gain":0.0,"max_hp_loss":0.0,"gold_gain":0.0,"event_name":"Falling","player_choice":"Removed Attack","floor":38.0,"gold_loss":0.0,"damage_taken":0.0},{"damage_healed":0.0,"max_hp_gain":0.0,"max_hp_loss":0.0,"gold_gain":0.0,"event_name":"SensoryStone","player_choice":"Memory 1","floor":46.0,"gold_loss":0.0,"damage_taken":0.0},{"damage_healed":0.0,"max_hp_gain":0.0,"max_hp_loss":0.0,"gold_gain":0.0,"cards_transformed":["Choke"],"event_name":"Transmorgrifier","player_choice":"Transformed","floor":47.0,"gold_loss":0.0,"damage_taken":0.0,"cards_obtained":["After Image"]}],"is_beta":false,"boss_relics":[{"not_picked":["Snecko Eye","Philosopher\u0027s Stone"],"picked":"Calling Bell"},{"not_picked":["White Beast Statue","Black Star"],"picked":"Runic Pyramid"}],"items_purged_floors":[29,39],"is_endless":false,"potions_floor_spawned":[7,14,21,31,33,36,37,40,41,44],"ascension_level":20}