{"gold_per_floor":[116,116,127,52,70,70,398,398,423,455,465,491,506,584,584,684,684,695,706,361,361,387,415,440,471,471,498,543,568,605,635,647,754,766,798,810,850,874,886,898,944,577,604,630,630,661,674,707,707,707,707,707,77,111,111],"floor_reached":56,"playtime":1987,"items_purged":["Cloak And Dagger","Malaise+1","Inflame"],"score":2079,"play_id":"8f85408d-7a9b-4d7a-92a3-acf544f3ee9f","local_time":"20190826224309","daily_mods":["SealedDeck","Red Cards","Colorless Cards","DeadlyEvents","Elite Swarm","Lethality","Night Terrors","Terminal"],"is_ascension_mode":false,"campfire_choices":[{"data":"Armaments","floor":6.0,"key":"SMITH"},{"data":"Apotheosis","floor":8.0,"key":"SMITH"},{"data":"Well Laid Plans","floor":15.0,"key":"SMITH"},{"floor":32.0,"key":"RECALL"},{"data":"Dark Embrace","floor":40,"key":"SMITH"},{"data":"Well Laid Plans","floor":49,"key":"SMITH"},{"data":"Body Slam","floor":52,"key":"SMITH"}],"neow_cost":"","seed_source_timestamp":0,"circlet_count":0,"master_deck":["Body Slam+1","Finesse+1","Madness","Shrug It Off+1","Well Laid Plans+1","Well Laid Plans+1","Apotheosis+1","Malaise+1","Second Wind+1","Power Through","After Image","Power Through","Dark Embrace+1"],"special_seed":0,"relics":["Ring of the Snake","War Paint","Old Coin","Torii","The Specimen","Tiny Chest","Astrolabe","ClockworkSouvenir","Ornamental Fan","Bottled Tornado","Bag of Marbles","Snake Skull","MawBank","StoneCalendar","Gremlin Horn","Coffee Dripper","Mango","Potion Belt","Sundial","Dream Catcher","Bird Faced Urn","Smiling Mask","Mummified Hand","Bag of Preparation","Calipers","Frozen Eye","Blood Vial"],"potions_floor_usage":[55,55],"damage_taken":[{"damage":0.0,"enemies":"Jaw Worm","floor":1.0,"turns":2.0},{"damage":0.0,"enemies":"2 Louse","floor":3.0,"turns":2.0},{"damage":0.0,"enemies":"Cultist","floor":5.0,"turns":2.0},{"damage":0.0,"enemies":"Lagavulin","floor":7.0,"turns":2.0},{"damage":0.0,"enemies":"3 Sentries","floor":10.0,"turns":4.0},{"damage":0.0,"enemies":"Exordium Thugs","floor":11.0,"turns":3.0},{"damage":0.0,"enemies":"Gremlin Nob","floor":12.0,"turns":2.0},{"damage":0.0,"enemies":"3 Louse","floor":13.0,"turns":2.0},{"damage":0.0,"enemies":"The Guardian","floor":16.0,"turns":3.0},{"damage":0.0,"enemies":"Chosen","floor":18.0,"turns":3.0},{"damage":0.0,"enemies":"2 Thieves","floor":19.0,"turns":4.0},{"damage":0.0,"enemies":"Book of Stabbing","floor":22.0,"turns":4.0},{"damage":0.0,"enemies":"Slavers","floor":23.0,"turns":6.0},{"damage":0.0,"enemies":"Book of Stabbing","floor":24.0,"turns":3.0},{"damage":0.0,"enemies":"Gremlin Leader","floor":25.0,"turns":4.0},{"damage":0.0,"enemies":"Book of Stabbing","floor":28.0,"turns":3.0},{"damage":0.0,"enemies":"Snake Plant","floor":29.0,"turns":3.0},{"damage":0.0,"enemies":"Gremlin Leader","floor":30.0,"turns":3.0},{"damage":0.0,"enemies":"3 Cultists","floor":31.0,"turns":2.0},{"damage":0.0,"enemies":"Automaton","floor":33.0,"turns":6.0},{"damage":0.0,"enemies":"3 Darklings","floor":35.0,"turns":3.0},{"damage":0.0,"enemies":"Nemesis","floor":37.0,"turns":5.0},{"damage":0.0,"enemies":"3 Shapes","floor":38.0,"turns":2.0},{"damage":0,"enemies":"Reptomancer","floor":41,"turns":2},{"damage":0,"enemies":"Giant Head","floor":44,"turns":2},{"damage":0,"enemies":"Nemesis","floor":46,"turns":3},{"damage":0,"enemies":"Sphere and 2 Shapes","floor":47,"turns":2},{"damage":0,"enemies":"Reptomancer","floor":48,"turns":2},{"damage":0,"enemies":"Awakened One","floor":50,"turns":3},{"damage":0,"enemies":"Shield and Spear","floor":54,"turns":2},{"damage":0,"enemies":"The Heart","floor":55,"turns":3}],"seed_played":"-9066800345710681708","potions_obtained":[{"floor":5.0,"key":"Strength Potion"},{"floor":11.0,"key":"Fruit Juice"},{"floor":12.0,"key":"Fire Potion"},{"floor":19.0,"key":"Energy Potion"},{"floor":46,"key":"Energy Potion"},{"floor":47,"key":"SpeedPotion"}],"is_trial":true,"path_per_floor":["M","?","M","$","M","R","E","R","T","E","M","E","M","T","R","B",null,"M","M","$","?","E","E","E","E","T","T","E","M","E","M","R","B",null,"M","?","E","M","$","R","E","$","T","E","$","E","M","E","R","B",null,"R","$","E","B",null],"character_chosen":"THE_SILENT","items_purchased":["Power Through","ClockworkSouvenir","Sundial","Bag of Preparation","Calipers","Frozen Eye"],"campfire_rested":0,"item_purchase_floors":[20,20,42,53,53,53],"current_hp_per_floor":[68,61,61,61,61,61,61,61,60,59,63,62,61,60,59,58,57,56,55,54,53,52,51,50,49,48,47,46,45,44,43,42,41,40,39,38,51,50,49,48,47,46,45,44,43,42,41,40,39,38,37,36,35,34,33],"gold":111,"neow_bonus":"","is_prod":false,"is_daily":false,"chose_seed":false,"campfire_upgraded":6,"win_rate":0,"timestamp":1566830589,"path_taken":["M","?","M","$","M","R","E","R","T","E","M","E","M","?","R","BOSS","M","M","$","?","?","E","?","E","T","?","E","M","E","M","R","BOSS","M","?","?","M","$","R","E","?","T","E","$","E","?","E","R","BOSS","R","$","E","BOSS"],"build_version":"2019-07-17","purchased_purges":3,"victory":true,"max_hp_per_floor":[68,67,66,65,64,63,62,61,60,59,63,62,61,60,59,58,57,56,55,54,53,52,51,50,49,48,47,46,45,44,43,42,41,40,39,38,51,50,49,48,47,46,45,44,43,42,41,40,39,38,37,36,35,34,33],"card_choices":[{"not_picked":["Havoc","Dark Shackles","Tactician"],"picked":"SKIP","floor":1.0},{"not_picked":["Dodge and Roll","Twin Strike","Dramatic Entrance"],"picked":"SKIP","floor":3.0},{"not_picked":["Body Slam","Clash"],"picked":"Well Laid Plans","floor":5.0},{"not_picked":["Glass Knife","Adrenaline"],"picked":"Apotheosis","floor":7.0},{"not_picked":["Malaise","Sadistic Nature","Berserk"],"picked":"SKIP","floor":10.0},{"not_picked":["Malaise","Sadistic Nature","Berserk"],"picked":"SKIP","floor":10.0},{"not_picked":["Infinite Blades","Noxious Fumes","Dagger Throw"],"picked":"SKIP","floor":11.0},{"not_picked":["Grand Finale","Chrysalis","Doppelganger"],"picked":"SKIP","floor":12.0},{"not_picked":["Grand Finale","Chrysalis","Doppelganger"],"picked":"SKIP","floor":12.0},{"not_picked":["Poisoned Stab","Hemokinesis","Fire Breathing"],"picked":"SKIP","floor":13.0},{"not_picked":["Armaments+1","Blood for Blood","Concentrate"],"picked":"SKIP","floor":18.0},{"not_picked":["Catalyst","PanicButton","Dodge and Roll+1"],"picked":"SKIP","floor":19.0},{"not_picked":["Impervious","Apotheosis","Juggernaut"],"picked":"SKIP","floor":22.0},{"not_picked":["Impervious","Secret Technique","Brutality"],"picked":"SKIP","floor":23.0},{"not_picked":["Impervious","Secret Technique","Brutality"],"picked":"SKIP","floor":23.0},{"not_picked":["Burst","Immolate","Glass Knife"],"picked":"SKIP","floor":24.0},{"not_picked":["Malaise","Feed","Burst"],"picked":"SKIP","floor":25.0},{"not_picked":["Die Die Die","Secret Weapon","Metamorphosis"],"picked":"SKIP","floor":28.0},{"not_picked":["Headbutt","Havoc","Expertise"],"picked":"SKIP","floor":29.0},{"not_picked":["Sadistic Nature","Venomology","Wraith Form v2"],"picked":"SKIP","floor":30.0},{"not_picked":["Flex","Flame Barrier","Bandage Up"],"picked":"SKIP","floor":31.0},{"not_picked":["Thinking Ahead","Mayhem"],"picked":"After Image","floor":33.0},{"not_picked":["Swift Strike","Slice+1","Panacea+1"],"picked":"SKIP","floor":35.0},{"not_picked":["Unload","Mayhem"],"picked":"Dark Embrace","floor":37.0},{"not_picked":["Intimidate","Clothesline","Pummel+1"],"picked":"SKIP","floor":38.0},{"not_picked":["Transmutation","Phantasmal Killer","Apotheosis"],"picked":"SKIP","floor":41},{"not_picked":["Die Die Die","Phantasmal Killer","Barricade"],"picked":"SKIP","floor":44},{"not_picked":["A Thousand Cuts","Barricade","Brutality"],"picked":"SKIP","floor":46},{"not_picked":["Carnage+1","Trip","Anger"],"picked":"SKIP","floor":47},{"not_picked":["Magnetism","Mayhem","Thinking Ahead"],"picked":"SKIP","floor":48},{"not_picked":["Barricade","Feed","Bludgeon"],"picked":"SKIP","floor":54}],"player_experience":885370,"relics_obtained":[{"floor":7.0,"key":"Old Coin"},{"floor":10.0,"key":"Torii"},{"floor":12.0,"key":"The Specimen"},{"floor":14.0,"key":"Tiny Chest"},{"floor":22.0,"key":"Ornamental Fan"},{"floor":24.0,"key":"Bottled Tornado"},{"floor":25.0,"key":"Bag of Marbles"},{"floor":26.0,"key":"Snake Skull"},{"floor":27.0,"key":"MawBank"},{"floor":28.0,"key":"StoneCalendar"},{"floor":30.0,"key":"Gremlin Horn"},{"floor":37.0,"key":"Mango"},{"floor":41,"key":"Potion Belt"},{"floor":43,"key":"Dream Catcher"},{"floor":44,"key":"Bird Faced Urn"},{"floor":46,"key":"Smiling Mask"},{"floor":48,"key":"Mummified Hand"},{"floor":54,"key":"Blood Vial"}],"event_choices":[{"damage_healed":0.0,"max_hp_gain":0.0,"max_hp_loss":0.0,"gold_gain":0.0,"event_name":"Scrap Ooze","player_choice":"Success","floor":2.0,"gold_loss":0.0,"damage_taken":7.0,"relics_obtained":["War Paint"]},{"damage_healed":0.0,"max_hp_gain":0.0,"max_hp_loss":0.0,"gold_gain":0.0,"event_name":"The Woman in Blue","player_choice":"Bought 0 Potions","floor":21.0,"gold_loss":0.0,"damage_taken":0.0},{"damage_healed":0.0,"max_hp_gain":0.0,"max_hp_loss":0.0,"gold_gain":0.0,"event_name":"Duplicator","player_choice":"Copied","floor":36.0,"gold_loss":0.0,"damage_taken":0.0,"cards_obtained":["Power Through"]}],"is_beta":false,"boss_relics":[{"not_picked":["Philosopher\u0027s Stone","Runic Pyramid"],"picked":"Astrolabe"},{"not_picked":["Cursed Key","Sozu"],"picked":"Coffee Dripper"}],"items_purged_floors":[4,20,42],"is_endless":false,"potions_floor_spawned":[5,11,12,19,25,28,29,30,35,46,47,54],"ascension_level":0}