{"gold_per_floor":[119,119,134,134,153,183,183,210,210,210,228,241,118,128,128,225,225,239,250,260,273,173,173,200,200,226,238,337,252,265,280,280,381,381,395,407,407,422,297,297,297,297,321,368,382,392,242,30,30,30],"floor_reached":51,"playtime":4246,"items_purged":["Defend_B","Strike_B","Strike_B","Strike_B","Defend_B"],"score":665,"play_id":"fcc9dbb0-1f3f-47a8-b904-a765d2d5494b","local_time":"20181004123726","is_ascension_mode":true,"campfire_choices":[{"floor":7.0,"key":"REST"},{"floor":10.0,"key":"REST"},{"data":"Cold Snap","floor":15.0,"key":"SMITH"},{"data":"Creative AI","floor":23.0,"key":"SMITH"},{"floor":32.0,"key":"REST"},{"data":"Buffer","floor":40,"key":"SMITH"},{"data":"Ball Lightning","floor":41,"key":"SMITH"},{"floor":49,"key":"REST"}],"neow_cost":"NONE","seed_source_timestamp":0,"circlet_count":0,"master_deck":["Defend_B","Zap","Dualcast","Genetic Algorithm","Conserve Battery","Hologram","FTL+1","Conserve Battery","Cold Snap+1","Auto Shields","Creative AI+1","Ball Lightning+1","Cold Snap+1","Go for the Eyes+1","Glacier","Chill","Buffer+1","Ball Lightning+1","Writhe","Loop+1","Capacitor","Defragment"],"special_seed":0,"relics":["Cracked Core","WingedGreaves","Matryoshka","Ancient Tea Set","Orichalcum","Mummified Hand","Nuclear Battery","Gremlin Horn","MutagenicStrength","Boot","Whetstone","Dream Catcher","Cursed Key","Happy Flower","Prayer Wheel"],"potions_floor_usage":[37,44,50],"damage_taken":[{"damage":1.0,"enemies":"Jaw Worm","floor":1.0,"turns":4.0},{"damage":1.0,"enemies":"2 Louse","floor":3.0,"turns":3.0},{"damage":5.0,"enemies":"Small Slimes","floor":5.0,"turns":4.0},{"damage":27.0,"enemies":"Lagavulin","floor":6.0,"turns":8.0},{"damage":28.0,"enemies":"3 Sentries","floor":8.0,"turns":6.0},{"damage":0.0,"enemies":"3 Louse","floor":11.0,"turns":4.0},{"damage":0.0,"enemies":"Large Slime","floor":12.0,"turns":4.0},{"damage":0.0,"enemies":"2 Fungi Beasts","floor":14.0,"turns":3.0},{"damage":17.0,"enemies":"Hexaghost","floor":16.0,"turns":11.0},{"damage":0.0,"enemies":"Chosen","floor":18.0,"turns":6.0},{"damage":13.0,"enemies":"Shell Parasite","floor":19.0,"turns":5.0},{"damage":0.0,"enemies":"Cultist and Chosen","floor":20.0,"turns":6.0},{"damage":14.0,"enemies":"Sentry and Sphere","floor":21.0,"turns":6.0},{"damage":27.0,"enemies":"Gremlin Leader","floor":24.0,"turns":6.0},{"damage":0.0,"enemies":"Centurion and Healer","floor":27.0,"turns":5.0},{"damage":1.0,"enemies":"Snecko","floor":30.0,"turns":7.0},{"damage":0.0,"enemies":"Snake Plant","floor":31.0,"turns":4.0},{"damage":4.0,"enemies":"Champ","floor":33.0,"turns":9.0},{"damage":2,"enemies":"3 Darklings","floor":35,"turns":10},{"damage":3,"enemies":"Orb Walker","floor":36,"turns":4},{"damage":11,"enemies":"Sphere and 2 Shapes","floor":37,"turns":5},{"damage":2,"enemies":"3 Darklings","floor":38,"turns":5},{"damage":0,"enemies":"Mysterious Sphere","floor":44,"turns":6},{"damage":7,"enemies":"4 Shapes","floor":45,"turns":6},{"damage":6,"enemies":"Spire Growth","floor":46,"turns":6},{"damage":18,"enemies":"Donu and Deca","floor":50,"turns":6}],"seed_played":"-4747416993963645205","potions_obtained":[{"floor":1.0,"key":"Fire Potion"},{"floor":8.0,"key":"Strength Potion"},{"floor":11.0,"key":"Explosive Potion"},{"floor":16.0,"key":"SkillPotion"},{"floor":19.0,"key":"SmokeBomb"},{"floor":21.0,"key":"FearPotion"},{"floor":24.0,"key":"LiquidBronze"},{"floor":27.0,"key":"Energy Potion"},{"floor":36,"key":"FearPotion"},{"floor":38,"key":"LiquidBronze"},{"floor":44,"key":"Energy Potion"},{"floor":45,"key":"SteroidPotion"}],"is_trial":false,"path_per_floor":["M","?","M","?","M","E","R","E","T","R","M","M","$","M","R","B",null,"M","M","M","M","$","R","E","?","T","M","?","?","M","M","R","B",null,"M","M","M","M","$","R","R","?","T","?","M","M","$","$","R","B"],"character_chosen":"DEFECT","items_purchased":["Cold Snap","Defragment"],"campfire_rested":4,"item_purchase_floors":[13,48],"current_hp_per_floor":[74,71,70,63,58,31,53,25,25,47,47,47,47,47,47,30,75,75,62,62,48,48,48,21,21,21,21,21,21,20,20,42,38,75,73,70,59,57,57,57,57,57,57,57,50,44,44,44,66,48],"gold":30,"neow_bonus":"TRANSFORM_CARD","is_prod":false,"is_daily":false,"chose_seed":false,"campfire_upgraded":4,"win_rate":0,"timestamp":1538671046,"path_taken":["M","?","M","?","M","E","R","E","T","R","M","M","$","M","R","BOSS","M","M","M","M","$","R","E","?","T","M","?","?","M","M","R","BOSS","M","M","M","M","$","R","R","?","T","?","M","M","$","$","R","BOSS"],"build_version":"2018-09-27","purchased_purges":5,"victory":true,"max_hp_per_floor":[75,75,75,75,75,75,75,75,75,75,75,75,75,75,75,75,75,75,75,75,75,75,75,75,75,75,75,75,75,75,75,75,75,75,75,75,75,75,75,75,75,75,75,75,75,75,75,75,75,75],"card_choices":[{"not_picked":["Hello World","Coolheaded"],"picked":"Conserve Battery","floor":1.0},{"not_picked":["Streamline","Skim"],"picked":"Hologram","floor":3.0},{"not_picked":["Steam Power","Hologram","Sweeping Beam"],"picked":"SKIP","floor":5.0},{"not_picked":["White Noise","Meteor Strike"],"picked":"FTL","floor":6.0},{"not_picked":["Sweeping Beam","Beam Cell"],"picked":"Conserve Battery","floor":8.0},{"not_picked":["Rebound","Blizzard","Conserve Battery"],"picked":"SKIP","floor":11.0},{"not_picked":["Lockon","Tempest","Heatsinks"],"picked":"SKIP","floor":12.0},{"not_picked":["Redo","Sweeping Beam"],"picked":"Auto Shields","floor":14.0},{"not_picked":["Biased Cognition","Rainbow"],"picked":"Creative AI","floor":16.0},{"not_picked":["Beam Cell","Steam Power+1"],"picked":"Ball Lightning","floor":18.0},{"not_picked":["Undo","Redo","Sweeping Beam"],"picked":"SKIP","floor":19.0},{"not_picked":["Melter","Steam"],"picked":"Cold Snap","floor":20.0},{"not_picked":["Chaos","Sweeping Beam"],"picked":"Go for the Eyes+1","floor":21.0},{"not_picked":["Hello World","Force Field+1"],"picked":"Glacier","floor":24.0},{"not_picked":["Conserve Battery","Biased Cognition","Barrage"],"picked":"SKIP","floor":27.0},{"not_picked":["Undo","Ball Lightning"],"picked":"Chill","floor":30.0},{"not_picked":["Gash","Rip and Tear","Hologram"],"picked":"SKIP","floor":31.0},{"not_picked":["Biased Cognition","Rainbow"],"picked":"Buffer","floor":33.0},{"not_picked":["Static Discharge+1","Melter","Gash"],"picked":"SKIP","floor":35},{"not_picked":["Barrage+1","Beam Cell+1","Static Discharge+1"],"picked":"SKIP","floor":36},{"not_picked":["Compile Driver","Sweeping Beam+1"],"picked":"Ball Lightning+1","floor":38},{"not_picked":["Leap+1","Cold Snap+1"],"picked":"Loop+1","floor":44},{"not_picked":["Go for the Eyes+1","Double Energy"],"picked":"Capacitor","floor":45},{"not_picked":["Rebound","Coolheaded","Redo"],"picked":"SKIP","floor":45},{"not_picked":["Rebound","Streamline+1","Glacier+1"],"picked":"SKIP","floor":46},{"not_picked":["Redo+1","Barrage+1","Chaos+1"],"picked":"SKIP","floor":46}],"player_experience":85857,"relics_obtained":[{"floor":6.0,"key":"Matryoshka"},{"floor":8.0,"key":"Ancient Tea Set"},{"floor":9.0,"key":"Orichalcum"},{"floor":9.0,"key":"Mummified Hand"},{"floor":24.0,"key":"Gremlin Horn"},{"floor":26.0,"key":"Boot"},{"floor":26.0,"key":"Whetstone"},{"floor":43,"key":"Happy Flower"},{"floor":44,"key":"Prayer Wheel"}],"event_choices":[{"event_name":"Scrap Ooze","player_choice":"success","floor":2.0,"damage_taken":3.0},{"event_name":"Golden Wing","player_choice":"Card Removal","floor":4.0,"damage_taken":0.0},{"event_name":"Drug Dealer","player_choice":"Inject Mutagens","floor":25.0,"damage_taken":0.0},{"event_name":"Nest","player_choice":"Stole From Cult","floor":28.0,"damage_taken":0.0},{"event_name":"Addict","player_choice":"Obtained Relic","floor":29.0,"damage_taken":0.0},{"event_name":"Tomb of Lord Red Mask","player_choice":"Ignored","floor":42,"damage_taken":0},{"event_name":"Mysterious Sphere","player_choice":"Fight","floor":44,"damage_taken":0}],"is_beta":false,"boss_relics":[{"not_picked":["Pandora\u0027s Box","Ectoplasm"],"picked":"Nuclear Battery"},{"not_picked":["Black Star","Eternal Feather"],"picked":"Cursed Key"}],"items_purged_floors":[13,22,39,47,48],"is_endless":false,"potions_floor_spawned":[1,8,11,16,19,21,24,27,30,36,38,44,45],"ascension_level":1}