{"gold_per_floor":[116,116,130,130,141,176,176,211,235,235,261,279,296,296,296,401,401,421,436,177,203,215,215,247,247,271,271,299,51,51,118,118,217,217,233,283,14,64,114,146,208,241,241,513,610,14,14,64,64,64],"floor_reached":51,"playtime":3201,"items_purged":["Strike_R","Strike_R","Strike_R"],"score":1148,"play_id":"620def55-52a1-44d8-b93e-85b4487b7282","local_time":"20190914114150","is_ascension_mode":true,"campfire_choices":[{"data":"Iron Wave","floor":7.0,"key":"SMITH"},{"floor":10.0,"key":"REST"},{"data":"Spot Weakness","floor":15.0,"key":"SMITH"},{"floor":23.0,"key":"REST"},{"floor":25.0,"key":"REST"},{"floor":30.0,"key":"REST"},{"floor":32.0,"key":"REST"},{"floor":47,"key":"REST"},{"floor":49,"key":"REST"}],"neow_cost":"NONE","seed_source_timestamp":0,"circlet_count":0,"master_deck":["AscendersBane","Strike_R+1","Defend_R","Defend_R","Defend_R","Defend_R","Bash+1","Armaments+1","Spot Weakness+1","Cleave","Iron Wave+1","Heavy Blade","Dual Wield","Limit Break","Shrug It Off","Warcry+1","Combust","Battle Trance","Entrench","Shrug It Off","Whirlwind+1","Impervious","Flame Barrier","Apotheosis","Barricade","Twin Strike","Sword Boomerang+1","Body Slam+1","Demon Form","Metallicize","Double Tap"],"special_seed":0,"relics":["Burning Blood","Centennial Puzzle","Whetstone","Art of War","Bottled Lightning","Fusion Hammer","Red Skull","Red Mask","Bag of Preparation","Anchor","SsserpentHead","Dream Catcher","Vajra","Velvet Choker","Bronze Scales","Kunai","Paper Frog","Shovel","Dead Branch","Boot"],"potions_floor_usage":[42,50,50],"damage_taken":[{"damage":1.0,"enemies":"Small Slimes","floor":1.0,"turns":4.0},{"damage":5.0,"enemies":"Cultist","floor":3.0,"turns":5.0},{"damage":2.0,"enemies":"Jaw Worm","floor":5.0,"turns":3.0},{"damage":35.0,"enemies":"Lagavulin","floor":6.0,"turns":9.0},{"damage":15.0,"enemies":"Gremlin Nob","floor":8.0,"turns":4.0},{"damage":24.0,"enemies":"Lagavulin","floor":11.0,"turns":8.0},{"damage":0.0,"enemies":"2 Fungi Beasts","floor":12.0,"turns":3.0},{"damage":1.0,"enemies":"Looter","floor":13.0,"turns":3.0},{"damage":45.0,"enemies":"The Guardian","floor":16.0,"turns":8.0},{"damage":0.0,"enemies":"Chosen","floor":18.0,"turns":3.0},{"damage":9.0,"enemies":"3 Byrds","floor":19.0,"turns":5.0},{"damage":30.0,"enemies":"Masked Bandits","floor":21.0,"turns":4.0},{"damage":15.0,"enemies":"Snecko","floor":22.0,"turns":5.0},{"damage":43.0,"enemies":"Slavers","floor":24.0,"turns":5.0},{"damage":25.0,"enemies":"Book of Stabbing","floor":28.0,"turns":4.0},{"damage":6.0,"enemies":"3 Cultists","floor":31.0,"turns":3.0},{"damage":71.0,"enemies":"Automaton","floor":33.0,"turns":11.0},{"damage":0.0,"enemies":"Orb Walker","floor":35.0,"turns":3.0},{"damage":28.0,"enemies":"Giant Head","floor":40.0,"turns":9.0},{"damage":1.0,"enemies":"3 Shapes","floor":41.0,"turns":3.0},{"damage":29,"enemies":"Nemesis","floor":42,"turns":9},{"damage":17,"enemies":"2 Orb Walkers","floor":45,"turns":4},{"damage":16,"enemies":"Time Eater","floor":50,"turns":10}],"seed_played":"-842692045838918334","potions_obtained":[{"floor":1.0,"key":"Strength Potion"},{"floor":3.0,"key":"Explosive Potion"},{"floor":6.0,"key":"Strength Potion"},{"floor":11.0,"key":"Ancient Potion"},{"floor":13.0,"key":"EssenceOfSteel"},{"floor":19.0,"key":"Explosive Potion"},{"floor":21.0,"key":"Fruit Juice"},{"floor":28.0,"key":"FearPotion"},{"floor":33.0,"key":"SkillPotion"},{"floor":40.0,"key":"Dexterity Potion"},{"floor":42,"key":"EssenceOfSteel"}],"is_trial":false,"path_per_floor":["M","?","M","?","M","E","R","E","T","R","E","M","M","?","R","B",null,"M","M","$","?","M","R","E","R","T","?","E","$","R","M","R","B",null,"M","?","$","?","$","E","M","E","T","?","?","$","R","?","R","B",null],"character_chosen":"IRONCLAD","items_purchased":["Red Skull","Combust","Vajra","Barricade","Demon Form","Dead Branch","Boot"],"campfire_rested":7,"item_purchase_floors":[20,20,29,37,46,46,46],"current_hp_per_floor":[77,77,78,83,85,56,56,47,47,72,54,60,65,65,65,26,70,76,73,73,54,45,72,35,62,62,62,43,43,70,70,90,25,74,80,80,80,80,80,58,63,40,40,40,29,29,56,56,81,71],"gold":64,"neow_bonus":"THREE_CARDS","is_prod":false,"is_daily":false,"chose_seed":false,"campfire_upgraded":2,"win_rate":0,"timestamp":1568486510,"path_taken":["M","?","?","?","M","E","R","E","T","R","E","M","M","?","R","BOSS","M","M","$","?","M","R","E","R","T","?","E","$","R","?","R","BOSS","M","?","$","?","?","E","?","E","T","?","?","$","R","?","R","BOSS"],"build_version":"2019-07-17","purchased_purges":3,"victory":true,"max_hp_per_floor":[80,80,80,85,85,85,85,85,85,85,85,85,85,85,85,85,85,85,85,85,90,90,90,90,90,90,90,90,90,90,90,90,90,90,90,90,90,90,90,90,90,90,90,90,90,90,90,85,85,85],"card_choices":[{"not_picked":["Sword Boomerang","Feel No Pain"],"picked":"Armaments","floor":0.0},{"not_picked":["Heavy Blade","Wild Strike"],"picked":"Spot Weakness","floor":1.0},{"not_picked":["Anger","True Grit"],"picked":"Cleave","floor":3.0},{"not_picked":["Havoc","Sever Soul","Clothesline"],"picked":"SKIP","floor":5.0},{"not_picked":["True Grit","Hemokinesis"],"picked":"Iron Wave","floor":6.0},{"not_picked":["Warcry","Body Slam"],"picked":"Twin Strike","floor":8.0},{"not_picked":["Sentinel","Body Slam"],"picked":"Heavy Blade","floor":11.0},{"not_picked":["Rupture","Wild Strike","Corruption"],"picked":"SKIP","floor":12.0},{"not_picked":["Searing Blow","Flex","Carnage"],"picked":"SKIP","floor":13.0},{"not_picked":["Reaper","Immolate"],"picked":"Limit Break","floor":16.0},{"not_picked":["Whirlwind","Wild Strike"],"picked":"Shrug It Off","floor":18.0},{"not_picked":["Flex","Rupture"],"picked":"Warcry+1","floor":19.0},{"not_picked":["Havoc","Cleave"],"picked":"Battle Trance","floor":21.0},{"not_picked":["Anger","Perfected Strike+1","Feel No Pain"],"picked":"SKIP","floor":22.0},{"not_picked":["Searing Blow+1","Pommel Strike","Body Slam+1"],"picked":"SKIP","floor":24.0},{"not_picked":["True Grit","Body Slam+1","Sword Boomerang"],"picked":"SKIP","floor":28.0},{"not_picked":["Feed","Thunderclap"],"picked":"Entrench","floor":30.0},{"not_picked":["Sword Boomerang","Burning Pact"],"picked":"Shrug It Off","floor":31.0},{"not_picked":["True Grit","Warcry"],"picked":"Whirlwind+1","floor":32.0},{"not_picked":["Bludgeon","Brutality"],"picked":"Impervious","floor":33.0},{"not_picked":["Wild Strike+1","True Grit+1"],"picked":"Flame Barrier","floor":35.0},{"not_picked":["Violence","Master of Strategy"],"picked":"Apotheosis","floor":36.0},{"not_picked":["Juggernaut","Burning Pact"],"picked":"Twin Strike","floor":40.0},{"not_picked":["Dual Wield","Cleave+1"],"picked":"Sword Boomerang+1","floor":41.0},{"not_picked":["Uppercut","Armaments","Clothesline+1"],"picked":"SKIP","floor":42},{"not_picked":["Second Wind+1","Burning Pact"],"picked":"Body Slam+1","floor":45},{"not_picked":["Second Wind","Clash"],"picked":"Metallicize","floor":47},{"not_picked":["Shrug It Off","Clash"],"picked":"Double Tap","floor":49}],"player_experience":321035,"relics_obtained":[{"floor":6.0,"key":"Centennial Puzzle"},{"floor":8.0,"key":"Whetstone"},{"floor":9.0,"key":"Art of War"},{"floor":11.0,"key":"Bottled Lightning"},{"floor":21.0,"key":"Red Mask"},{"floor":24.0,"key":"Bag of Preparation"},{"floor":26.0,"key":"Anchor"},{"floor":28.0,"key":"Dream Catcher"},{"floor":40.0,"key":"Bronze Scales"},{"floor":42,"key":"Kunai"},{"floor":43,"key":"Paper Frog"},{"floor":45,"key":"Shovel"}],"event_choices":[{"damage_healed":0.0,"max_hp_gain":0.0,"max_hp_loss":0.0,"gold_gain":0.0,"event_name":"Upgrade Shrine","player_choice":"Upgraded","floor":2.0,"gold_loss":0.0,"damage_taken":0.0,"cards_upgraded":["Armaments"]},{"damage_healed":0.0,"max_hp_gain":5.0,"max_hp_loss":0.0,"gold_gain":0.0,"event_name":"Big Fish","player_choice":"Donut","floor":4.0,"gold_loss":0.0,"damage_taken":0.0},{"damage_healed":0.0,"max_hp_gain":0.0,"max_hp_loss":0.0,"gold_gain":0.0,"cards_transformed":["Strike_R"],"event_name":"Living Wall","player_choice":"Change","floor":14.0,"gold_loss":0.0,"damage_taken":0.0,"cards_obtained":["Dual Wield"]},{"damage_healed":0.0,"max_hp_gain":0.0,"max_hp_loss":0.0,"gold_gain":0.0,"event_name":"Masked Bandits","player_choice":"Fought Bandits","floor":21.0,"gold_loss":0.0,"damage_taken":0.0},{"damage_healed":0.0,"max_hp_gain":0.0,"max_hp_loss":0.0,"gold_gain":0.0,"event_name":"FaceTrader","player_choice":"Trade","floor":27.0,"gold_loss":0.0,"damage_taken":0.0,"relics_obtained":["SsserpentHead"]},{"damage_healed":0.0,"max_hp_gain":0.0,"max_hp_loss":0.0,"gold_gain":0.0,"event_name":"SensoryStone","player_choice":"Memory 1","floor":36.0,"gold_loss":0.0,"damage_taken":0.0},{"cards_removed":["Twin Strike"],"damage_healed":0.0,"max_hp_gain":0.0,"max_hp_loss":0.0,"gold_gain":0.0,"event_name":"Falling","player_choice":"Removed Attack","floor":38.0,"gold_loss":0.0,"damage_taken":0.0},{"damage_healed":0,"gold_gain":222,"player_choice":"Wore Mask","damage_taken":0,"max_hp_gain":0,"max_hp_loss":0,"event_name":"Tomb of Lord Red Mask","floor":44,"gold_loss":0},{"damage_healed":0,"gold_gain":0,"player_choice":"Fight","damage_taken":0,"max_hp_gain":0,"max_hp_loss":0,"event_name":"Mysterious Sphere","floor":45,"gold_loss":0},{"damage_healed":0,"gold_gain":0,"player_choice":"Max HP","damage_taken":0,"max_hp_gain":0,"max_hp_loss":5,"event_name":"Winding Halls","floor":48,"gold_loss":0}],"is_beta":false,"boss_relics":[{"not_picked":["Eternal Feather","Tiny House"],"picked":"Fusion Hammer"},{"not_picked":["Snecko Eye","Orrery"],"picked":"Velvet Choker"}],"items_purged_floors":[20,29,37],"is_endless":false,"potions_floor_spawned":[1,3,6,11,13,19,21,28,33,40,42],"ascension_level":10}