{"gold_per_floor":[110,60,60,75,92,92,104,104,129,149,168,168,198,210,210,306,306,326,346,24,24,0,0,11,11,11,23,53,53,53,53,53,149,149,161,61,77,77,77],"floor_reached":39,"playtime":3404,"items_purged":["Strike_R","Strike_R"],"score":401,"play_id":"03901543-d06f-46ab-aa53-9a350a894b98","local_time":"20180923112025","is_ascension_mode":false,"campfire_choices":[{"data":"Iron Wave","floor":8,"key":"SMITH"},{"data":"Twin Strike","floor":12,"key":"SMITH"},{"data":"Flex","floor":15,"key":"SMITH"},{"data":"Inflame","floor":23,"key":"SMITH"},{"data":"Bash","floor":25,"key":"SMITH"},{"floor":29,"key":"REST"},{"data":"Clothesline","floor":32,"key":"SMITH"}],"neow_cost":"","seed_source_timestamp":612146157054463,"circlet_count":0,"master_deck":["Strike_R","Strike_R","Defend_R","Defend_R","Defend_R","Defend_R+1","Bash+1","Headbutt","Anger","Twin Strike+1","Iron Wave+1","Flex+1","Dropkick","Rampage","Sword Boomerang","Double Tap+1","Inflame+1","Clothesline+1","Headbutt+1","Shockwave+1","Reaper","Writhe","Juggernaut","Armaments+1","Dropkick+1"],"relics":["Burning Blood","Anchor","PreservedInsect","Boot","Velvet Choker","Ornamental Fan","Dodecahedron","Sundial","Oddly Smooth Stone","Lizard Tail"],"potions_floor_usage":[16,16,33,33,33,39],"damage_taken":[{"damage":7,"enemies":"Small Slimes","floor":1,"turns":6},{"damage":0,"enemies":"Cultist","floor":4,"turns":3},{"damage":0,"enemies":"2 Louse","floor":5,"turns":2},{"damage":14,"enemies":"Exordium Thugs","floor":7,"turns":5},{"damage":0,"enemies":"3 Louse","floor":10,"turns":3},{"damage":0,"enemies":"Looter","floor":11,"turns":2},{"damage":7,"enemies":"Gremlin Nob","floor":13,"turns":3},{"damage":0,"enemies":"Large Slime","floor":14,"turns":3},{"damage":41,"enemies":"The Guardian","floor":16,"turns":7},{"damage":0,"enemies":"3 Byrds","floor":18,"turns":4},{"damage":5,"enemies":"2 Thieves","floor":19,"turns":3},{"damage":13,"enemies":"Snake Plant","floor":24,"turns":3},{"damage":7,"enemies":"Shelled Parasite and Fungi","floor":27,"turns":3},{"damage":28,"enemies":"Slavers","floor":28,"turns":4},{"damage":17,"enemies":"Champ","floor":33,"turns":5},{"damage":0,"enemies":"3 Shapes","floor":35,"turns":3},{"damage":0,"enemies":"Orb Walker","floor":37,"turns":3},{"damage":153,"enemies":"Awakened One","floor":39,"turns":12}],"seed_played":"-4066968887563651233","potions_obtained":[{"floor":5,"key":"FearPotion"},{"floor":7,"key":"SpeedPotion"},{"floor":11,"key":"FearPotion"},{"floor":27,"key":"Strength Potion"},{"floor":28,"key":"Weak Potion"},{"floor":37,"key":"BloodPotion"}],"is_trial":false,"path_per_floor":["M","?","?","M","M","?","M","R","T","M","M","R","E","M","R","B",null,"M","M","$","?","?","R","M","R","T","M","E","R","?","$","R","B",null,"M","$","M","?"],"character_chosen":"IRONCLAD","items_purchased":["Ornamental Fan"],"campfire_rested":1,"item_purchase_floors":[20],"current_hp_per_floor":[79,79,79,80,80,77,69,69,69,75,80,80,79,80,80,45,80,80,80,80,80,80,80,73,73,73,72,50,74,74,74,74,63,80,80,80,80,80,0],"gold":77,"neow_bonus":"","is_prod":false,"is_daily":false,"chose_seed":false,"campfire_upgraded":6,"win_rate":0.0,"timestamp":1537716025,"path_taken":["M","?","?","M","M","?","M","R","T","M","M","R","E","M","R","BOSS","M","M","$","?","?","R","M","R","T","?","E","R","?","$","R","BOSS","M","$","M","?","BOSS"],"build_version":"2018-09-20","purchased_purges":2,"victory":false,"max_hp_per_floor":[80,80,80,80,80,80,80,80,80,80,80,80,80,80,80,80,80,80,80,80,80,80,80,80,80,80,80,80,80,80,80,80,80,80,80,80,80,80,80],"card_choices":[{"not_picked":["Twin Strike","Second Wind"],"picked":"Headbutt","floor":1},{"not_picked":["Dual Wield","True Grit"],"picked":"Anger","floor":4},{"not_picked":["Corruption","Headbutt"],"picked":"Twin Strike","floor":5},{"not_picked":["Anger","Flex"],"picked":"Iron Wave","floor":7},{"not_picked":["True Grit","Battle Trance"],"picked":"Flex","floor":10},{"not_picked":["Perfected Strike","Pommel Strike"],"picked":"Dropkick","floor":11},{"not_picked":["Dual Wield","True Grit"],"picked":"Rampage","floor":13},{"not_picked":["Anger","True Grit"],"picked":"Sword Boomerang","floor":14},{"not_picked":["Offering","Barricade"],"picked":"Double Tap","floor":16},{"not_picked":["Perfected Strike+1","Battle Trance"],"picked":"Inflame","floor":18},{"not_picked":["True Grit","Sword Boomerang+1"],"picked":"Clothesline","floor":19},{"not_picked":["Dropkick+1","Twin Strike+1"],"picked":"Headbutt+1","floor":24},{"not_picked":["Burning Pact+1","Clash"],"picked":"Shockwave+1","floor":27},{"not_picked":["Hemokinesis","Thunderclap+1"],"picked":"Reaper","floor":28},{"not_picked":["Feed","Berserk"],"picked":"Juggernaut","floor":33},{"not_picked":["Rupture","True Grit"],"picked":"Armaments+1","floor":35},{"not_picked":["Dual Wield","Power Through"],"picked":"Dropkick+1","floor":37}],"player_experience":0,"relics_obtained":[{"floor":9,"key":"PreservedInsect"},{"floor":13,"key":"Boot"},{"floor":26,"key":"Dodecahedron"},{"floor":28,"key":"Sundial"}],"event_choices":[{"event_name":"The Cleric","player_choice":"Card Removal","floor":2,"damage_taken":0},{"event_name":"Upgrade Shrine","player_choice":"Upgraded","floor":3,"damage_taken":0},{"event_name":"Scrap Ooze","player_choice":"success","floor":6,"damage_taken":3},{"event_name":"Accursed Blacksmith","player_choice":"Forge","floor":21,"damage_taken":0},{"event_name":"Masked Bandits","player_choice":"Paid Fearfully","floor":22,"damage_taken":0},{"event_name":"The Mausoleum","player_choice":"Yes","floor":30,"damage_taken":0},{"event_name":"SecretPortal","player_choice":"Took Portal.","floor":38,"damage_taken":0}],"is_beta":false,"boss_relics":[{"not_picked":["White Beast Statue","Ectoplasm"],"picked":"Velvet Choker"},{"not_picked":["Sozu","Philosopher\u0027s Stone"],"picked":"Lizard Tail"}],"items_purged_floors":[20,36],"is_endless":false,"potions_floor_spawned":[5,7,11,27,28,37],"killed_by":"Awakened One","ascension_level":0}