{"gold_per_floor":[113,131,144,154,154,154,20,20,20,20,54,54,54,64,64,141,141,155,174,185,202,61,61,92,110,134,134,59,59,59,73,73,146,146,160,175,275,275,286,286,311,186,211,44,44,54,82,93,93,93,93,93,93,8,36,36],"floor_reached":57,"playtime":2276,"items_purged":["Strike_G","Strike_G","Strike_G"],"score":2814,"play_id":"b579b1c2-3708-48cd-8300-6785a3688a5e","local_time":"20190911224110","is_ascension_mode":true,"campfire_choices":[{"data":"Neutralize","floor":6.0,"key":"SMITH"},{"data":"Deadly Poison","floor":8.0,"key":"SMITH"},{"data":"Malaise","floor":13.0,"key":"SMITH"},{"data":"Noxious Fumes","floor":15.0,"key":"SMITH"},{"data":"Deadly Poison","floor":23.0,"key":"SMITH"},{"floor":27.0,"key":"REST"},{"data":"Well Laid Plans","floor":32.0,"key":"SMITH"},{"data":"Catalyst","floor":40.0,"key":"SMITH"},{"floor":49.0,"key":"RECALL"},{"data":"Defend_G","floor":53,"key":"PURGE"}],"neow_cost":"NONE","seed_source_timestamp":9510063669400,"circlet_count":0,"master_deck":["AscendersBane","Defend_G","Defend_G","Defend_G","Survivor+1","Neutralize+1","Deadly Poison+1","Malaise+1","Noxious Fumes+1","After Image","PiercingWail","Deadly Poison+1","Backflip+1","Well Laid Plans+1","Blur","Adrenaline","Prepared+1","Catalyst+1","Tactician","Footwork+1"],"special_seed":0,"relics":["Ring of the Snake","NeowsBlessing","Pantograph","Snake Skull","Cursed Key","Incense Burner","Omamori","Calling Bell","War Paint","Gremlin Horn","Gambling Chip","Peace Pipe","Girya","Medical Kit","Kunai","Ginger"],"potions_floor_usage":[56],"damage_taken":[{"damage":0.0,"enemies":"2 Louse","floor":1.0,"turns":1.0},{"damage":0.0,"enemies":"Cultist","floor":2.0,"turns":1.0},{"damage":0.0,"enemies":"Small Slimes","floor":3.0,"turns":1.0},{"damage":0.0,"enemies":"Blue Slaver","floor":4.0,"turns":6.0},{"damage":18.0,"enemies":"Lagavulin","floor":11.0,"turns":7.0},{"damage":0.0,"enemies":"Looter","floor":14.0,"turns":3.0},{"damage":45.0,"enemies":"Slime Boss","floor":16.0,"turns":12.0},{"damage":14.0,"enemies":"Chosen","floor":18.0,"turns":6.0},{"damage":9.0,"enemies":"Spheric Guardian","floor":19.0,"turns":6.0},{"damage":0.0,"enemies":"Snake Plant","floor":20.0,"turns":5.0},{"damage":0.0,"enemies":"Cultist and Chosen","floor":21.0,"turns":7.0},{"damage":16.0,"enemies":"Slavers","floor":24.0,"turns":7.0},{"damage":12.0,"enemies":"3 Cultists","floor":25.0,"turns":6.0},{"damage":10.0,"enemies":"Chosen and Byrds","floor":31.0,"turns":8.0},{"damage":0.0,"enemies":"Champ","floor":33.0,"turns":11.0},{"damage":0.0,"enemies":"Orb Walker","floor":35.0,"turns":4.0},{"damage":1.0,"enemies":"3 Shapes","floor":36.0,"turns":5.0},{"damage":0.0,"enemies":"Mind Bloom Boss Battle","floor":37.0,"turns":7.0},{"damage":11.0,"enemies":"Jaw Worm Horde","floor":39.0,"turns":9.0},{"damage":0.0,"enemies":"Nemesis","floor":41.0,"turns":7.0},{"damage":2.0,"enemies":"3 Darklings","floor":46.0,"turns":4.0},{"damage":2.0,"enemies":"Reptomancer","floor":47.0,"turns":2.0},{"damage":0.0,"enemies":"Maw","floor":48.0,"turns":8.0},{"damage":17,"enemies":"Time Eater","floor":50,"turns":9},{"damage":34,"enemies":"Awakened One","floor":51,"turns":17},{"damage":17,"enemies":"Shield and Spear","floor":55,"turns":8},{"damage":18,"enemies":"The Heart","floor":56,"turns":10}],"seed_played":"8268117241026904968","potions_obtained":[{"floor":3.0,"key":"Dexterity Potion"},{"floor":4.0,"key":"Ancient Potion"},{"floor":33.0,"key":"FearPotion"},{"floor":35.0,"key":"DuplicationPotion"},{"floor":47.0,"key":"SteroidPotion"},{"floor":55,"key":"Dexterity Potion"}],"is_trial":false,"path_per_floor":["M","M","M","M","?","R","$","R","T","$","E","?","R","M","R","B",null,"M","M","M","M","$","R","E","M","T","R","?","$","?","M","R","B",null,"M","M","?","?","M","R","E","$","T","$","?","M","E","M","R","B","B",null,"R","$","E","B",null],"character_chosen":"THE_SILENT","items_purchased":["Deadly Poison","Well Laid Plans","Medical Kit","GhostInAJar"],"campfire_rested":1,"item_purchase_floors":[7,22,44,54],"current_hp_per_floor":[59,59,59,59,59,59,59,59,59,59,41,34,34,34,34,14,53,39,30,30,30,30,30,14,2,2,21,21,21,66,56,56,66,66,66,65,66,66,55,55,55,55,55,55,55,53,51,51,51,49,32,58,58,58,41,48],"gold":36,"neow_bonus":"THREE_ENEMY_KILL","is_prod":false,"is_daily":false,"chose_seed":false,"campfire_upgraded":7,"win_rate":0,"timestamp":1568212870,"path_taken":["M","M","M","M","?","R","$","R","T","?","E","?","R","M","R","BOSS","M","M","M","M","$","R","E","M","T","R","?","$","?","M","R","BOSS","M","M","?","?","?","R","E","?","T","$","?","M","E","M","R","BOSS","BOSS","R","$","E","BOSS"],"build_version":"2019-09-10","purchased_purges":3,"victory":true,"max_hp_per_floor":[66,66,66,66,66,66,66,66,66,66,66,66,66,66,66,66,66,66,66,66,66,66,66,66,66,66,66,66,66,66,66,66,66,66,66,66,66,66,66,66,66,66,66,66,66,66,66,66,66,66,66,66,66,66,66,66],"card_choices":[{"not_picked":["Dodge and Roll","Prepared","Slice"],"picked":"SKIP","floor":1.0},{"not_picked":["Dodge and Roll","Dagger Spray","Backstab"],"picked":"SKIP","floor":2.0},{"not_picked":["Dodge and Roll","Dagger Spray"],"picked":"Backstab","floor":2.0},{"not_picked":["Dagger Spray","Outmaneuver","Leg Sweep"],"picked":"SKIP","floor":3.0},{"not_picked":["Concentrate","Flying Knee","Dodge and Roll"],"picked":"SKIP","floor":4.0},{"not_picked":["Backstab","Bane"],"picked":"Malaise","floor":11.0},{"not_picked":["Concentrate","Quick Slash"],"picked":"Noxious Fumes","floor":14.0},{"not_picked":["Tools of the Trade","Adrenaline"],"picked":"After Image","floor":16.0},{"not_picked":["Masterful Stab","Quick Slash"],"picked":"PiercingWail","floor":18.0},{"not_picked":["Masterful Stab","Prepared"],"picked":"Deadly Poison","floor":19.0},{"not_picked":["Deflect","Poisoned Stab","Underhanded Strike"],"picked":"SKIP","floor":20.0},{"not_picked":["Poisoned Stab","Quick Slash"],"picked":"Backflip","floor":21.0},{"not_picked":["Flying Knee+1","Sucker Punch","Backflip"],"picked":"SKIP","floor":24.0},{"not_picked":["Flying Knee+1","Sucker Punch","Backflip"],"picked":"SKIP","floor":24.0},{"not_picked":["Dagger Spray","Unload"],"picked":"Blur","floor":25.0},{"not_picked":["Dodge and Roll","Outmaneuver","Blade Dance"],"picked":"SKIP","floor":31.0},{"not_picked":["Doppelganger","Storm of Steel"],"picked":"Adrenaline","floor":33.0},{"not_picked":["Reflex+1","Predator","Blade Dance"],"picked":"SKIP","floor":35.0},{"not_picked":["PiercingWail","Distraction","Underhanded Strike"],"picked":"SKIP","floor":36.0},{"not_picked":["Dagger Throw","Poisoned Stab+1"],"picked":"Prepared+1","floor":37.0},{"not_picked":["Deflect","Blade Dance"],"picked":"Catalyst","floor":39.0},{"not_picked":["All Out Attack","Riddle With Holes+1"],"picked":"Tactician","floor":41.0},{"not_picked":["Quick Slash+1","Concentrate","Dagger Throw+1"],"picked":"SKIP","floor":46.0},{"not_picked":["Envenom","Quick Slash","Blade Dance"],"picked":"SKIP","floor":47.0},{"not_picked":["Dagger Throw","Prepared"],"picked":"Footwork+1","floor":48.0},{"not_picked":["Prepared","Concentrate","All Out Attack"],"picked":"SKIP","floor":55}],"player_experience":949660,"relics_obtained":[{"floor":9.0,"key":"Pantograph"},{"floor":11.0,"key":"Snake Skull"},{"floor":24.0,"key":"Incense Burner"},{"floor":26.0,"key":"Omamori"},{"floor":34.0,"key":"War Paint"},{"floor":34.0,"key":"Gremlin Horn"},{"floor":34.0,"key":"Gambling Chip"},{"floor":37.0,"key":"Peace Pipe"},{"floor":41.0,"key":"Girya"},{"floor":47.0,"key":"Kunai"},{"floor":55,"key":"Ginger"}],"event_choices":[{"cards_removed":["Strike_G"],"damage_healed":0.0,"max_hp_gain":0.0,"max_hp_loss":0.0,"gold_gain":0.0,"event_name":"Purifier","player_choice":"Purged","floor":5.0,"gold_loss":0.0,"damage_taken":0.0},{"cards_removed":["Strike_G"],"damage_healed":0.0,"max_hp_gain":0.0,"max_hp_loss":0.0,"gold_gain":0.0,"event_name":"Golden Wing","player_choice":"Card Removal","floor":12.0,"gold_loss":0.0,"damage_taken":7.0},{"cards_removed":["Doubt"],"damage_healed":0.0,"max_hp_gain":0.0,"max_hp_loss":0.0,"gold_gain":0.0,"event_name":"Beggar","player_choice":"Gave Gold","floor":28.0,"gold_loss":75.0,"damage_taken":0.0},{"cards_removed":["Backstab"],"damage_healed":45.0,"max_hp_gain":0.0,"max_hp_loss":0.0,"gold_gain":0.0,"event_name":"Bonfire Elementals","player_choice":"Offered Uncommon","floor":30.0,"gold_loss":0.0,"damage_taken":0.0},{"damage_healed":0.0,"max_hp_gain":0.0,"max_hp_loss":0.0,"gold_gain":0.0,"event_name":"MindBloom","player_choice":"Fight","floor":37.0,"gold_loss":0.0,"damage_taken":0.0},{"damage_healed":0.0,"max_hp_gain":0.0,"max_hp_loss":0.0,"gold_gain":0.0,"event_name":"Mysterious Sphere","player_choice":"Ignored","floor":38.0,"gold_loss":0.0,"damage_taken":0.0},{"cards_removed":["Defend_G"],"damage_healed":0.0,"max_hp_gain":0.0,"max_hp_loss":0.0,"gold_gain":0.0,"event_name":"Falling","player_choice":"Removed Skill","floor":45.0,"gold_loss":0.0,"damage_taken":0.0}],"is_beta":true,"boss_relics":[{"not_picked":["Black Star","Runic Pyramid"],"picked":"Cursed Key"},{"not_picked":["Velvet Choker","HoveringKite"],"picked":"Calling Bell"}],"items_purged_floors":[7,22,42],"is_endless":false,"potions_floor_spawned":[3,4,11,19,33,35,47,55],"ascension_level":20}