{"gold_per_floor":[111,111,36,36,36,36,51,51,51,62,74,103,135,160,160,261,261,276,276,21,38,70,101,101,101,124,138,157,157,171,205,205,306,306,321,321,339,339,351,351,280,280],"floor_reached":42,"playtime":2721,"items_purged":["Strike_R","Strike_R"],"score":644,"play_id":"6c2be119-3d41-4402-a98b-e6ded20dd1f8","local_time":"20190909212558","is_ascension_mode":true,"campfire_choices":[{"data":"Bash","floor":6.0,"key":"SMITH"},{"data":"Rampage","floor":8.0,"key":"SMITH"},{"data":"Flame Barrier","floor":15.0,"key":"SMITH"},{"floor":25.0,"key":"REST"},{"floor":29.0,"key":"REST"},{"data":"Combust","floor":32.0,"key":"SMITH"},{"floor":40,"key":"REST"}],"neow_cost":"TEN_PERCENT_HP_LOSS","seed_source_timestamp":0,"circlet_count":0,"master_deck":["Strike_R","Defend_R","Defend_R","Defend_R","Defend_R","Bash+1","Battle Trance","Rampage+1","Flame Barrier+1","Pommel Strike","Iron Wave","Anger","Combust+1","Impervious","Shrug It Off","Blood for Blood+1","Cleave+1","Disarm","Whirlwind+1","Feed","Heavy Blade+1","Shrug It Off+1","Armaments","Ghostly Armor"],"special_seed":0,"relics":["Burning Blood","WingedGreaves","Pantograph","Gambling Chip","Bottled Flame","Odd Mushroom","Philosopher\u0027s Stone","Vajra","Red Mask","Self Forming Clay","Nilry\u0027s Codex","Potion Belt","Dream Catcher","Runic Cube","Bronze Scales"],"potions_floor_usage":[],"damage_taken":[{"damage":18.0,"enemies":"Jaw Worm","floor":1.0,"turns":5.0},{"damage":0.0,"enemies":"2 Louse","floor":7.0,"turns":3.0},{"damage":3.0,"enemies":"Small Slimes","floor":10.0,"turns":3.0},{"damage":4.0,"enemies":"Looter","floor":11.0,"turns":4.0},{"damage":13.0,"enemies":"Lagavulin","floor":12.0,"turns":7.0},{"damage":13.0,"enemies":"Gremlin Nob","floor":13.0,"turns":4.0},{"damage":6.0,"enemies":"The Mushroom Lair","floor":14.0,"turns":4.0},{"damage":52.0,"enemies":"Hexaghost","floor":16.0,"turns":9.0},{"damage":0.0,"enemies":"Chosen","floor":18.0,"turns":4.0},{"damage":10.0,"enemies":"3 Byrds","floor":21.0,"turns":4.0},{"damage":8.0,"enemies":"Masked Bandits","floor":22.0,"turns":3.0},{"damage":34.0,"enemies":"Slavers","floor":23.0,"turns":4.0},{"damage":5.0,"enemies":"Shelled Parasite and Fungi","floor":27.0,"turns":5.0},{"damage":9.0,"enemies":"Chosen and Byrds","floor":28.0,"turns":7.0},{"damage":6.0,"enemies":"Snecko","floor":30.0,"turns":4.0},{"damage":10.0,"enemies":"Book of Stabbing","floor":31.0,"turns":5.0},{"damage":70.0,"enemies":"Collector","floor":33.0,"turns":8.0},{"damage":15.0,"enemies":"Orb Walker","floor":35.0,"turns":5.0},{"damage":31.0,"enemies":"3 Darklings","floor":37.0,"turns":6.0},{"damage":8,"enemies":"Spire Growth","floor":39,"turns":6},{"damage":60,"enemies":"Reptomancer","floor":42,"turns":3}],"seed_played":"-3628017935305023479","potions_obtained":[{"floor":10.0,"key":"GamblersBrew"},{"floor":11.0,"key":"Weak Potion"},{"floor":12.0,"key":"Weak Potion"},{"floor":16.0,"key":"Energy Potion"},{"floor":22.0,"key":"Swift Potion"},{"floor":27.0,"key":"SpeedPotion"},{"floor":28.0,"key":"EssenceOfSteel"},{"floor":30.0,"key":"Regen Potion"},{"floor":37.0,"key":"Ancient Potion"}],"is_trial":false,"path_per_floor":["M","?","$","?","?","R","M","R","T","M","M","E","E","?","R","B",null,"M","?","$","M","?","E","?","R","T","M","M","R","M","E","R","B",null,"M","?","M","?","M","R","$","E"],"character_chosen":"IRONCLAD","items_purchased":["Vajra","Ghostly Armor"],"campfire_rested":3,"item_purchase_floors":[20,41],"current_hp_per_floor":[60,60,60,60,53,53,59,59,59,62,64,57,50,50,50,26,61,67,67,67,63,61,33,17,38,38,39,36,57,57,53,53,20,59,50,50,25,25,23,44,44,0],"gold":280,"neow_bonus":"ONE_RARE_RELIC","is_prod":false,"is_daily":false,"chose_seed":false,"campfire_upgraded":4,"win_rate":0,"timestamp":1568089558,"path_taken":["M","?","$","?","?","R","M","R","T","M","M","E","E","?","R","BOSS","M","?","$","M","?","E","?","R","T","M","M","R","M","E","R","BOSS","M","?","M","?","?","R","$","E"],"build_version":"2019-09-09v2","purchased_purges":2,"victory":false,"max_hp_per_floor":[72,72,72,72,72,72,72,72,72,72,72,72,72,72,72,72,72,72,72,72,72,72,72,72,72,72,72,72,72,72,72,72,72,72,72,72,72,72,72,72,72,72],"card_choices":[{"not_picked":["Wild Strike","Body Slam","Havoc"],"picked":"SKIP","floor":1.0},{"not_picked":["Battle Trance","Seeing Red"],"picked":"Rampage","floor":7.0},{"not_picked":["Warcry","Pommel Strike"],"picked":"Flame Barrier","floor":10.0},{"not_picked":["Clash","Havoc"],"picked":"Pommel Strike","floor":11.0},{"not_picked":["Hemokinesis","Intimidate"],"picked":"Iron Wave","floor":12.0},{"not_picked":["Metallicize","Second Wind"],"picked":"Anger","floor":13.0},{"not_picked":["Reaper","True Grit"],"picked":"Combust","floor":14.0},{"not_picked":["Juggernaut","Reaper"],"picked":"Impervious","floor":16.0},{"not_picked":["Pommel Strike","Iron Wave"],"picked":"Shrug It Off","floor":18.0},{"not_picked":["Intimidate","Shrug It Off"],"picked":"Blood for Blood+1","floor":21.0},{"not_picked":["Shrug It Off","Dark Embrace"],"picked":"Cleave+1","floor":22.0},{"not_picked":["Pummel","Warcry","Thunderclap"],"picked":"SKIP","floor":23.0},{"not_picked":["Battle Trance","Wild Strike"],"picked":"Disarm","floor":27.0},{"not_picked":["Carnage","Intimidate"],"picked":"Whirlwind+1","floor":28.0},{"not_picked":["Body Slam+1","Cleave","Evolve"],"picked":"SKIP","floor":30.0},{"not_picked":["Searing Blow+1","Havoc","Sentinel"],"picked":"SKIP","floor":31.0},{"not_picked":["Berserk","Juggernaut"],"picked":"Feed","floor":33.0},{"not_picked":["Twin Strike","Burning Pact"],"picked":"Heavy Blade+1","floor":35.0},{"not_picked":["Headbutt","Sword Boomerang+1"],"picked":"Shrug It Off+1","floor":37.0},{"not_picked":["Flex","Iron Wave","Cleave"],"picked":"SKIP","floor":39},{"not_picked":["Anger+1","Whirlwind+1"],"picked":"Armaments","floor":40}],"player_experience":307195,"relics_obtained":[{"floor":9.0,"key":"Pantograph"},{"floor":12.0,"key":"Gambling Chip"},{"floor":13.0,"key":"Bottled Flame"},{"floor":14.0,"key":"Odd Mushroom"},{"floor":22.0,"key":"Red Mask"},{"floor":23.0,"key":"Self Forming Clay"},{"floor":24.0,"key":"Nilry\u0027s Codex"},{"floor":26.0,"key":"Potion Belt"},{"floor":31.0,"key":"Dream Catcher"}],"event_choices":[{"damage_healed":0.0,"max_hp_gain":0.0,"max_hp_loss":0.0,"gold_gain":0.0,"cards_transformed":["Strike_R"],"event_name":"Living Wall","player_choice":"Change","floor":2.0,"gold_loss":0.0,"damage_taken":0.0,"cards_obtained":["Battle Trance"]},{"damage_healed":0.0,"max_hp_gain":0.0,"max_hp_loss":0.0,"gold_gain":0.0,"event_name":"The Cleric","player_choice":"Leave","floor":4.0,"gold_loss":0.0,"damage_taken":0.0},{"cards_removed":["Strike_R"],"damage_healed":0.0,"max_hp_gain":0.0,"max_hp_loss":0.0,"gold_gain":0.0,"event_name":"Golden Wing","player_choice":"Card Removal","floor":5.0,"gold_loss":0.0,"damage_taken":7.0},{"damage_healed":0.0,"max_hp_gain":0.0,"max_hp_loss":0.0,"gold_gain":0.0,"event_name":"Mushrooms","player_choice":"Fought Mushrooms","floor":14.0,"gold_loss":0.0,"damage_taken":0.0},{"damage_healed":0.0,"max_hp_gain":0.0,"max_hp_loss":0.0,"gold_gain":0.0,"event_name":"Ghosts","player_choice":"Ignored","floor":19.0,"gold_loss":0.0,"damage_taken":0.0},{"damage_healed":0.0,"max_hp_gain":0.0,"max_hp_loss":0.0,"gold_gain":0.0,"event_name":"Masked Bandits","player_choice":"Fought Bandits","floor":22.0,"gold_loss":0.0,"damage_taken":0.0},{"damage_healed":0.0,"max_hp_gain":0.0,"max_hp_loss":0.0,"gold_gain":0.0,"event_name":"Cursed Tome","player_choice":"Obtained Book","floor":24.0,"gold_loss":0.0,"damage_taken":16.0},{"damage_healed":0.0,"max_hp_gain":0.0,"max_hp_loss":0.0,"gold_gain":0.0,"event_name":"SensoryStone","player_choice":"Memory 1","floor":36.0,"gold_loss":0.0,"damage_taken":0.0},{"damage_healed":0.0,"max_hp_gain":0.0,"max_hp_loss":0.0,"gold_gain":0.0,"event_name":"WeMeetAgain","player_choice":"Gave Potion","floor":38.0,"gold_loss":0.0,"damage_taken":0.0,"relics_obtained":["Bronze Scales"]}],"is_beta":true,"boss_relics":[{"not_picked":["Empty Cage","Orrery"],"picked":"Philosopher\u0027s Stone"},{"not_picked":["Runic Dome","Eternal Feather"],"picked":"Runic Cube"}],"items_purged_floors":[3,20],"is_endless":false,"potions_floor_spawned":[10,11,12,16,22,27,28,30,37],"killed_by":"Reptomancer","ascension_level":9}