{"gold_per_floor":[119,194,194,204,216,216,216,216,242,242,242,265,279,28,28,104,104,117,32,32,32,43,43,61,61,61,61,77,103,26,39,39,113,113,126,26,26,46,46,71,84,99,99,99,113,145,145,157,157,157,157,157,157,32,61,61],"floor_reached":57,"playtime":1649,"items_purged":["Strike_G","Strike_G","Strike_G"],"score":3140,"play_id":"b6548f28-9e90-482a-bf40-8eb4f7760c8d","local_time":"20190912212559","is_ascension_mode":true,"campfire_choices":[{"data":"All Out Attack","floor":6.0,"key":"SMITH"},{"data":"Neutralize","floor":8.0,"key":"SMITH"},{"data":"Backflip","floor":10.0,"key":"SMITH"},{"data":"Deadly Poison","floor":15.0,"key":"SMITH"},{"data":"Catalyst","floor":23.0,"key":"SMITH"},{"data":"Night Terror","floor":25.0,"key":"SMITH"},{"floor":27.0,"key":"REST"},{"data":"Well Laid Plans","floor":32.0,"key":"SMITH"},{"data":"Wraith Form v2","floor":44.0,"key":"SMITH"},{"data":"Wraith Form v2","floor":47.0,"key":"SMITH"},{"floor":49.0,"key":"RECALL"},{"data":"Calculated Gamble","floor":53,"key":"SMITH"}],"neow_cost":"TEN_PERCENT_HP_LOSS","seed_source_timestamp":92360379353600,"circlet_count":0,"master_deck":["AscendersBane","Defend_G","Defend_G","Defend_G","Survivor","Neutralize+1","All Out Attack+1","Backflip+1","Deadly Poison+1","Catalyst+1","Caltrops","Night Terror+1","Well Laid Plans+1","Wraith Form v2+1","Wraith Form v2+1","Prepared+1","Calculated Gamble+1","Corpse Explosion"],"special_seed":0,"relics":["Ring of the Snake","Bag of Preparation","Odd Mushroom","Philosopher\u0027s Stone","Strawberry","CaptainsWheel","Nunchaku","Coffee Dripper","TungstenRod","Blood Vial","Bronze Scales"],"potions_floor_usage":[56,56],"damage_taken":[{"damage":12.0,"enemies":"Jaw Worm","floor":1.0,"turns":8.0},{"damage":0.0,"enemies":"2 Louse","floor":4.0,"turns":2.0},{"damage":0.0,"enemies":"Small Slimes","floor":5.0,"turns":4.0},{"damage":0.0,"enemies":"The Mushroom Lair","floor":12.0,"turns":2.0},{"damage":2.0,"enemies":"3 Louse","floor":13.0,"turns":3.0},{"damage":4.0,"enemies":"Hexaghost","floor":16.0,"turns":8.0},{"damage":30.0,"enemies":"Spheric Guardian","floor":18.0,"turns":6.0},{"damage":15.0,"enemies":"Shell Parasite","floor":22.0,"turns":4.0},{"damage":11.0,"enemies":"Snecko","floor":24.0,"turns":3.0},{"damage":12.0,"enemies":"Cultist and Chosen","floor":28.0,"turns":5.0},{"damage":4.0,"enemies":"Book of Stabbing","floor":29.0,"turns":2.0},{"damage":2.0,"enemies":"Centurion and Healer","floor":31.0,"turns":6.0},{"damage":1.0,"enemies":"Champ","floor":33.0,"turns":3.0},{"damage":5.0,"enemies":"3 Darklings","floor":35.0,"turns":5.0},{"damage":0.0,"enemies":"Orb Walker","floor":38.0,"turns":3.0},{"damage":4.0,"enemies":"Reptomancer","floor":40.0,"turns":4.0},{"damage":0.0,"enemies":"Transient","floor":41.0,"turns":5.0},{"damage":0.0,"enemies":"Sphere and 2 Shapes","floor":42.0,"turns":5.0},{"damage":0.0,"enemies":"Jaw Worm Horde","floor":45.0,"turns":4.0},{"damage":0.0,"enemies":"Nemesis","floor":46.0,"turns":3.0},{"damage":0.0,"enemies":"Maw","floor":48.0,"turns":5.0},{"damage":0,"enemies":"Awakened One","floor":50,"turns":8},{"damage":0,"enemies":"Donu and Deca","floor":51,"turns":3},{"damage":0,"enemies":"Shield and Spear","floor":55,"turns":3},{"damage":0,"enemies":"The Heart","floor":56,"turns":5}],"seed_played":"7240883026078405600","potions_obtained":[{"floor":5.0,"key":"SteroidPotion"},{"floor":12.0,"key":"Regen Potion"},{"floor":16.0,"key":"Fruit Juice"},{"floor":22.0,"key":"Energy Potion"},{"floor":24.0,"key":"Swift Potion"},{"floor":45.0,"key":"PowerPotion"}],"is_trial":false,"path_per_floor":["M","?","?","M","M","R","?","R","T","R","?","?","M","$","R","B",null,"M","?","?","$","M","R","M","R","T","R","M","E","$","M","R","B",null,"M","$","?","M","$","E","M","M","T","R","M","E","R","M","R","B","B",null,"R","$","E","B",null],"character_chosen":"THE_SILENT","items_purchased":["Catalyst","Caltrops","Well Laid Plans"],"campfire_rested":1,"item_purchase_floors":[14,14,30],"current_hp_per_floor":[47,36,36,36,36,36,36,36,36,36,29,29,27,27,27,28,56,40,47,47,47,32,32,21,21,21,42,30,26,26,24,24,23,60,55,55,55,55,55,51,51,51,51,51,51,51,51,53,53,55,57,68,68,68,70,72],"gold":61,"neow_bonus":"REMOVE_TWO","is_prod":false,"is_daily":false,"chose_seed":false,"campfire_upgraded":10,"win_rate":0,"timestamp":1568294759,"path_taken":["M","?","?","M","M","R","?","R","T","R","?","?","M","?","R","BOSS","M","?","?","?","M","R","M","R","T","R","?","E","$","M","R","BOSS","M","$","?","M","?","E","M","M","T","R","?","E","R","M","R","BOSS","BOSS","R","$","E","BOSS"],"build_version":"2019-09-11v2","purchased_purges":3,"victory":true,"max_hp_per_floor":[60,60,60,60,60,60,60,60,60,60,60,60,60,60,60,65,65,65,72,72,72,72,72,72,72,72,72,72,72,72,72,72,72,72,72,72,72,72,72,72,72,72,72,72,72,72,72,72,72,72,72,72,72,72,72,72],"card_choices":[{"not_picked":["Poisoned Stab","Outmaneuver"],"picked":"All Out Attack","floor":1.0},{"not_picked":["Acrobatics","Dagger Spray","Concentrate"],"picked":"SKIP","floor":4.0},{"not_picked":["Eviscerate","Flying Knee"],"picked":"Backflip","floor":5.0},{"not_picked":["Cloak And Dagger","Skewer"],"picked":"Deadly Poison","floor":12.0},{"not_picked":["Heel Hook","Dodge and Roll","Blur"],"picked":"SKIP","floor":13.0},{"not_picked":["Tools of the Trade","Wraith Form v2"],"picked":"Night Terror","floor":16.0},{"not_picked":["Backflip","Poisoned Stab","Prepared"],"picked":"SKIP","floor":18.0},{"not_picked":["Eviscerate","Accuracy","Heel Hook"],"picked":"SKIP","floor":22.0},{"not_picked":["Sucker Punch","Underhanded Strike","Dodge and Roll"],"picked":"SKIP","floor":24.0},{"not_picked":["Backstab","Underhanded Strike","Bane"],"picked":"SKIP","floor":28.0},{"not_picked":["PiercingWail","Crippling Poison","Phantasmal Killer"],"picked":"SKIP","floor":29.0},{"not_picked":["Underhanded Strike+1","Blade Dance","Crippling Poison"],"picked":"SKIP","floor":31.0},{"not_picked":["Burst","Glass Knife"],"picked":"Wraith Form v2","floor":33.0},{"not_picked":["Dagger Throw+1","Flechettes","Infinite Blades+1"],"picked":"SKIP","floor":35.0},{"not_picked":["PiercingWail+1","Dagger Spray","Blur"],"picked":"SKIP","floor":38.0},{"not_picked":["Flying Knee","Dash","Prepared+1"],"picked":"SKIP","floor":40.0},{"not_picked":["Flying Knee","Dash"],"picked":"Prepared+1","floor":40.0},{"not_picked":["Poisoned Stab","Distraction","Blade Dance"],"picked":"SKIP","floor":41.0},{"not_picked":["Backflip","Underhanded Strike+1","Bane"],"picked":"SKIP","floor":42.0},{"not_picked":["Outmaneuver","Well Laid Plans"],"picked":"Calculated Gamble","floor":45.0},{"not_picked":["Unload","Slice+1"],"picked":"Corpse Explosion","floor":46.0},{"not_picked":["Prepared","Outmaneuver+1","All Out Attack"],"picked":"SKIP","floor":48.0},{"not_picked":["Outmaneuver","Flechettes+1","Distraction+1"],"picked":"SKIP","floor":55}],"player_experience":957124,"relics_obtained":[{"floor":9.0,"key":"Bag of Preparation"},{"floor":12.0,"key":"Odd Mushroom"},{"floor":26.0,"key":"CaptainsWheel"},{"floor":29.0,"key":"Nunchaku"},{"floor":40.0,"key":"TungstenRod"},{"floor":46.0,"key":"Blood Vial"},{"floor":55,"key":"Bronze Scales"}],"event_choices":[{"damage_healed":0.0,"max_hp_gain":0.0,"max_hp_loss":0.0,"gold_gain":75.0,"event_name":"World of Goop","player_choice":"Gather Gold","floor":2.0,"gold_loss":0.0,"damage_taken":11.0},{"damage_healed":0.0,"max_hp_gain":0.0,"max_hp_loss":0.0,"gold_gain":0.0,"event_name":"Liars Game","player_choice":"Ignored","floor":3.0,"gold_loss":0.0,"damage_taken":0.0},{"cards_removed":["Strike_G"],"damage_healed":0.0,"max_hp_gain":0.0,"max_hp_loss":0.0,"gold_gain":0.0,"event_name":"Living Wall","player_choice":"Forget","floor":7.0,"gold_loss":0.0,"damage_taken":0.0},{"cards_removed":["Defend_G"],"damage_healed":0.0,"max_hp_gain":0.0,"max_hp_loss":0.0,"gold_gain":0.0,"event_name":"Golden Wing","player_choice":"Card Removal","floor":11.0,"gold_loss":0.0,"damage_taken":7.0},{"damage_healed":0.0,"max_hp_gain":0.0,"max_hp_loss":0.0,"gold_gain":0.0,"event_name":"Mushrooms","player_choice":"Fought Mushrooms","floor":12.0,"gold_loss":0.0,"damage_taken":0.0},{"damage_healed":0.0,"max_hp_gain":0.0,"max_hp_loss":0.0,"gold_gain":0.0,"event_name":"Addict","player_choice":"Obtained Relic","floor":19.0,"gold_loss":85.0,"damage_taken":0.0,"relics_obtained":["Strawberry"]},{"damage_healed":0.0,"max_hp_gain":0.0,"max_hp_loss":0.0,"gold_gain":0.0,"event_name":"The Mausoleum","player_choice":"Ignored","floor":20.0,"gold_loss":0.0,"damage_taken":0.0},{"damage_healed":0.0,"max_hp_gain":0.0,"max_hp_loss":0.0,"gold_gain":0.0,"event_name":"Duplicator","player_choice":"Copied","floor":37.0,"gold_loss":0.0,"damage_taken":0.0,"cards_obtained":["Wraith Form v2"]}],"is_beta":true,"boss_relics":[{"not_picked":["WristBlade","SacredBark"],"picked":"Philosopher\u0027s Stone"},{"not_picked":["Runic Dome","Ring of the Serpent"],"picked":"Coffee Dripper"}],"items_purged_floors":[14,36,54],"is_endless":false,"potions_floor_spawned":[5,12,16,22,24,31,35,40,45,46],"ascension_level":20}