{"gold_per_floor":[118,133,34,50,61,61,95,95,118,142,167,195,382,407,419,431],"floor_reached":16,"playtime":1022,"items_purged":["Defend_R"],"score":106,"play_id":"1a847baa-4637-493d-8839-b49620e1bcfe","local_time":"20180925110814","is_ascension_mode":false,"campfire_choices":[{"data":"Shrug It Off","floor":6,"key":"SMITH"},{"floor":8,"key":"REST"},{"data":"Whirlwind","floor":15,"key":"SMITH"}],"neow_cost":"NONE","seed_source_timestamp":786629531695593,"circlet_count":0,"master_deck":["Strike_R","Strike_R","Strike_R","Strike_R","Strike_R","Defend_R","Defend_R","Bash","Ghostly Armor","Feel No Pain","Shrug It Off+1","Heavy Blade","Second Wind","Iron Wave","Ghostly Armor","Shrug It Off","Doubt","Whirlwind+1"],"relics":["Burning Blood","Lantern","MawBank"],"potions_floor_usage":[7,16],"damage_taken":[{"damage":6,"enemies":"Small Slimes","floor":1,"turns":4},{"damage":1,"enemies":"Jaw Worm","floor":2,"turns":4},{"damage":2,"enemies":"2 Louse","floor":4,"turns":3},{"damage":10,"enemies":"Looter","floor":5,"turns":3},{"damage":31,"enemies":"Lagavulin","floor":7,"turns":8},{"damage":4,"enemies":"Gremlin Gang","floor":10,"turns":4},{"damage":6,"enemies":"Lots of Slimes","floor":11,"turns":5},{"damage":8,"enemies":"2 Fungi Beasts","floor":12,"turns":4},{"damage":10,"enemies":"Looter","floor":14,"turns":4},{"damage":75,"enemies":"The Guardian","floor":16,"turns":10}],"seed_played":"5009345319469420762","potions_obtained":[{"floor":1,"key":"Fire Potion"},{"floor":4,"key":"SneckoOil"},{"floor":5,"key":"Energy Potion"},{"floor":10,"key":"FairyPotion"}],"is_trial":false,"path_per_floor":["M","M","$","M","M","R","E","R","T","M","M","M","?","M","R"],"character_chosen":"IRONCLAD","items_purchased":["Shrug It Off"],"campfire_rested":1,"item_purchase_floors":[3],"current_hp_per_floor":[80,80,80,80,76,76,51,75,75,77,77,75,75,71,71,8],"gold":431,"neow_bonus":"REMOVE_CARD","is_prod":false,"is_daily":false,"chose_seed":false,"campfire_upgraded":2,"win_rate":0.0,"timestamp":1537888094,"path_taken":["M","M","$","M","M","R","E","R","T","M","M","M","?","M","R","BOSS"],"build_version":"2018-09-20","purchased_purges":1,"victory":false,"max_hp_per_floor":[80,80,80,80,80,80,80,80,80,80,80,80,80,80,80,80],"card_choices":[{"not_picked":["Cleave","Combust"],"picked":"Ghostly Armor","floor":1},{"not_picked":["Thunderclap","Cleave"],"picked":"Feel No Pain","floor":2},{"not_picked":["Rupture","Thunderclap"],"picked":"Heavy Blade","floor":4},{"not_picked":["Sever Soul","Sword Boomerang"],"picked":"Second Wind","floor":5},{"not_picked":["Perfected Strike","Clash","Thunderclap"],"picked":"SKIP","floor":7},{"not_picked":["Bloodletting","Rage"],"picked":"Iron Wave","floor":10},{"not_picked":["Body Slam","Thunderclap"],"picked":"Ghostly Armor","floor":11},{"not_picked":["Pummel","Dark Embrace"],"picked":"Shrug It Off","floor":12},{"not_picked":["Pummel","Body Slam"],"picked":"Whirlwind","floor":14}],"player_experience":24245,"relics_obtained":[{"floor":7,"key":"Lantern"},{"floor":9,"key":"MawBank"}],"event_choices":[{"event_name":"Liars Game","player_choice":"agreed","floor":13,"damage_taken":0}],"is_beta":false,"boss_relics":[],"items_purged_floors":[3],"is_endless":false,"potions_floor_spawned":[1,4,5,10],"killed_by":"The Guardian","ascension_level":0}