{"gold_per_floor":[110,128,140,25,25,25,55,55,79,107,107,120,120,138,138,233,233,250,261,280,280,292,292,321,99,99,99,115,125,125,224,224,224],"floor_reached":33,"playtime":5286,"items_purged":["Defend_G"],"score":302,"play_id":"30ed455c-97af-4e58-9787-390cc1b3a6ba","local_time":"20190903201318","is_ascension_mode":false,"campfire_choices":[{"floor":6,"key":"REST"},{"floor":11,"key":"REST"},{"floor":15,"key":"REST"},{"floor":23,"key":"REST"},{"floor":30,"key":"REST"},{"data":"Venomology","floor":32,"key":"SMITH"}],"neow_cost":"NONE","seed_source_timestamp":171686785262300,"circlet_count":0,"master_deck":["Strike_G","Strike_G","Strike_G","Strike_G","Defend_G","Defend_G","Defend_G","Defend_G","Survivor","Neutralize","Bouncing Flask","Slice","Skewer","Calculated Gamble","Noxious Fumes","Backflip","Slice","Venomology+1","Iron Wave","Slice","After Image","Bane+1","Terror+1","Flechettes","Catalyst+1","Dodge and Roll+1","Reflex","Infinite Blades"],"relics":["Ring of the Snake","Orichalcum","Paper Crane","CultistMask","Pen Nib","Tough Bandages","HoveringKite","Nilry\u0027s Codex","Ninja Scroll","Strawberry","Pear"],"potions_floor_usage":[7,10,14,14,16,16,20,22,24,28,28,33,33],"damage_taken":[{"damage":0,"enemies":"Cultist","floor":1,"turns":4},{"damage":1,"enemies":"Jaw Worm","floor":2,"turns":4},{"damage":0,"enemies":"2 Louse","floor":3,"turns":3},{"damage":37,"enemies":"Lagavulin","floor":7,"turns":7},{"damage":13,"enemies":"3 Sentries","floor":10,"turns":7},{"damage":8,"enemies":"Gremlin Gang","floor":12,"turns":4},{"damage":0,"enemies":"2 Fungi Beasts","floor":14,"turns":3},{"damage":20,"enemies":"Hexaghost","floor":16,"turns":11},{"damage":13,"enemies":"3 Byrds","floor":18,"turns":6},{"damage":0,"enemies":"Shell Parasite","floor":19,"turns":7},{"damage":9,"enemies":"Snecko","floor":20,"turns":4},{"damage":14,"enemies":"Chosen and Byrds","floor":22,"turns":6},{"damage":4,"enemies":"Gremlin Leader","floor":24,"turns":5},{"damage":7,"enemies":"Centurion and Healer","floor":28,"turns":6},{"damage":0,"enemies":"Snecko","floor":29,"turns":4},{"damage":86,"enemies":"Collector","floor":33,"turns":6}],"seed_played":"-7926088707350481591","potions_obtained":[{"floor":0,"key":"AttackPotion"},{"floor":0,"key":"Regen Potion"},{"floor":0,"key":"Block Potion"},{"floor":7,"key":"Fire Potion"},{"floor":16,"key":"GamblersBrew"},{"floor":20,"key":"LiquidBronze"},{"floor":24,"key":"Explosive Potion"}],"is_trial":false,"path_per_floor":["M","M","M","$","?","R","E","?","T","E","R","M","?","M","R","B",null,"M","M","M","?","M","R","E","$","T","?","M","M","R","?","R","B"],"character_chosen":"THE_SILENT","items_purchased":["Calculated Gamble","Noxious Fumes","Strawberry"],"campfire_rested":5,"item_purchase_floors":[4,4,25],"current_hp_per_floor":[70,69,69,69,44,65,28,28,28,15,36,28,28,40,61,41,70,57,57,48,32,18,39,44,51,61,61,54,54,80,80,80,0],"gold":224,"neow_bonus":"THREE_SMALL_POTIONS","is_prod":false,"is_daily":false,"chose_seed":false,"campfire_upgraded":1,"win_rate":0.0,"timestamp":1567559598,"path_taken":["M","M","M","?","?","R","E","?","T","E","R","?","?","M","R","BOSS","M","M","M","?","M","R","E","$","T","?","M","?","R","?","R","BOSS"],"build_version":"2019-07-17","purchased_purges":1,"victory":false,"max_hp_per_floor":[70,70,70,70,70,70,70,70,70,70,70,70,70,70,70,70,70,70,70,70,70,70,70,70,77,87,87,87,87,87,87,87,87],"card_choices":[{"not_picked":["Noxious Fumes","Deadly Poison"],"picked":"Bouncing Flask","floor":1},{"not_picked":["Riddle With Holes","Prepared"],"picked":"Slice","floor":2},{"not_picked":["Acrobatics","PiercingWail"],"picked":"Skewer","floor":3},{"not_picked":["Deflect","Calculated Gamble"],"picked":"Backflip","floor":7},{"not_picked":["Crippling Poison","Bouncing Flask"],"picked":"Slice","floor":10},{"not_picked":["Finisher","Backflip"],"picked":"Venomology","floor":12},{"not_picked":["Deadly Poison","Deflect"],"picked":"Slice","floor":14},{"not_picked":["Wraith Form v2","Night Terror"],"picked":"After Image","floor":16},{"not_picked":["Blade Dance+1","Masterful Stab"],"picked":"Bane+1","floor":18},{"not_picked":["Dagger Spray+1","Caltrops+1"],"picked":"Terror+1","floor":19},{"not_picked":["Sucker Punch","Acrobatics"],"picked":"Flechettes","floor":20},{"not_picked":["Acrobatics","Dagger Spray"],"picked":"Catalyst+1","floor":22},{"not_picked":["Finisher","Noxious Fumes"],"picked":"Dodge and Roll+1","floor":24},{"not_picked":["Backflip","Deadly Poison"],"picked":"Reflex","floor":28},{"not_picked":["Blade Dance","Eviscerate"],"picked":"Infinite Blades","floor":29}],"player_experience":113075,"relics_obtained":[{"floor":7,"key":"Paper Crane"},{"floor":9,"key":"Pen Nib"},{"floor":10,"key":"Tough Bandages"},{"floor":21,"key":"Nilry\u0027s Codex"},{"floor":24,"key":"Ninja Scroll"},{"floor":26,"key":"Pear"}],"event_choices":[{"damage_healed":0,"gold_gain":0,"player_choice":"Success","damage_taken":25,"relics_obtained":["Orichalcum"],"max_hp_gain":0,"max_hp_loss":0,"event_name":"Scrap Ooze","floor":5,"gold_loss":0},{"damage_healed":0,"gold_gain":0,"player_choice":"Trade","damage_taken":0,"relics_obtained":["CultistMask"],"max_hp_gain":0,"max_hp_loss":0,"event_name":"FaceTrader","floor":8,"gold_loss":0},{"cards_removed":["Strike_G"],"damage_healed":0,"gold_gain":0,"player_choice":"Took Card","damage_taken":0,"max_hp_gain":0,"max_hp_loss":0,"event_name":"NoteForYourself","floor":13,"gold_loss":0,"cards_obtained":["Iron Wave"]},{"damage_healed":0,"gold_gain":0,"player_choice":"Obtained Book","damage_taken":16,"max_hp_gain":0,"max_hp_loss":0,"event_name":"Cursed Tome","floor":21,"gold_loss":0},{"damage_healed":0,"gold_gain":0,"player_choice":"Ignored","damage_taken":0,"max_hp_gain":0,"max_hp_loss":0,"event_name":"Ghosts","floor":27,"gold_loss":0},{"damage_healed":0,"gold_gain":99,"player_choice":"Stole From Cult","damage_taken":0,"max_hp_gain":0,"max_hp_loss":0,"event_name":"Nest","floor":31,"gold_loss":0}],"is_beta":false,"boss_relics":[{"not_picked":["Cursed Key","Busted Crown"],"picked":"HoveringKite"}],"items_purged_floors":[25],"is_endless":false,"potions_floor_spawned":[1,7,16,20,24],"killed_by":"Collector","ascension_level":0}