{"gold_per_floor":[118,118,48,223,243,243,272,286,286,286,361,50,50,76,88,201,213,245,257,288,300,331,343,373,385,397,424,469,481,520,565,577,694,706,730,842,253,253,303,335,335,83,83,83,101,101,126,1,1,1],"floor_reached":51,"playtime":2873,"items_purged":["Strike_B","Normality","Self Repair+1"],"score":1069,"play_id":"0b2f1cc0-d119-4dad-88a7-75b8917c7460","local_time":"20190904190345","is_ascension_mode":true,"campfire_choices":[{"data":"Sunder","floor":6,"key":"SMITH"},{"data":"Auto Shields","floor":10,"key":"SMITH"},{"floor":13,"key":"REST"},{"floor":15,"key":"REST"},{"floor":23,"key":"REST"},{"floor":25,"key":"REST"},{"data":"Defragment","floor":29,"key":"SMITH"},{"data":"Capacitor","floor":32,"key":"SMITH"},{"data":"Tempest","floor":41,"key":"SMITH"},{"data":"Thunder Strike","floor":44,"key":"SMITH"},{"data":"Reinforced Body","floor":49,"key":"SMITH"}],"neow_cost":"NONE","seed_source_timestamp":287926256321400,"circlet_count":0,"master_deck":["Zap+1","Dualcast","Sunder+1","Auto Shields+1","Biased Cognition","Defragment+1","Capacitor+1","Machine Learning","Tempest+1","Steam Power","Redo","Thunder Strike+1","Consume+1","Ball Lightning","Glacier+1","Undo+1","Cold Snap+1","Cold Snap+1","Conserve Battery+1","Conserve Battery","Reinforced Body+1","Electrodynamics","Consume+1","Melter+1","Doom and Gloom+1","Redo+1","Hello World+1","Defragment+1","Static Discharge+1","Defragment+1"],"relics":["Cracked Core","Pear","Mummified Hand","Bag of Preparation","MawBank","Pandora\u0027s Box","Enchiridion","Dream Catcher","Boot","War Paint","WingedGreaves","Red Mask","Astrolabe","FossilizedHelix","OrangePellets","Toxic Egg 2","Bird Faced Urn","Gambling Chip","Frozen Egg 2","Bottled Tornado","PreservedInsect"],"potions_floor_usage":[33],"damage_taken":[{"damage":2,"enemies":"Jaw Worm","floor":1,"turns":3},{"damage":0,"enemies":"Cultist","floor":5,"turns":3},{"damage":40,"enemies":"Gremlin Nob","floor":7,"turns":5},{"damage":2,"enemies":"2 Louse","floor":8,"turns":2},{"damage":20,"enemies":"3 Sentries","floor":14,"turns":5},{"damage":31,"enemies":"The Guardian","floor":16,"turns":13},{"damage":47,"enemies":"Shell Parasite","floor":18,"turns":6},{"damage":3,"enemies":"Chosen","floor":20,"turns":3},{"damage":1,"enemies":"Centurion and Healer","floor":22,"turns":5},{"damage":0,"enemies":"Chosen and Byrds","floor":24,"turns":3},{"damage":0,"enemies":"3 Cultists","floor":27,"turns":4},{"damage":5,"enemies":"Slavers","floor":28,"turns":5},{"damage":2,"enemies":"Gremlin Leader","floor":30,"turns":4},{"damage":0,"enemies":"Masked Bandits","floor":31,"turns":2},{"damage":31,"enemies":"Automaton","floor":33,"turns":13},{"damage":18,"enemies":"3 Darklings","floor":35,"turns":5},{"damage":0,"enemies":"Mind Bloom Boss Battle","floor":36,"turns":4},{"damage":0,"enemies":"2 Orb Walkers","floor":39,"turns":4},{"damage":0,"enemies":"Giant Head","floor":40,"turns":7},{"damage":0,"enemies":"3 Shapes","floor":45,"turns":2},{"damage":0,"enemies":"Nemesis","floor":47,"turns":5},{"damage":23,"enemies":"Donu and Deca","floor":50,"turns":5}],"seed_played":"8752647273153998857","potions_obtained":[{"floor":7,"key":"SkillPotion"},{"floor":14,"key":"SpeedPotion"},{"floor":16,"key":"SkillPotion"},{"floor":28,"key":"Fire Potion"},{"floor":40,"key":"PowerPotion"}],"is_trial":false,"path_per_floor":["M","?","$","?","M","R","E","M","T","R","?","$","R","E","R","B",null,"M","?","M","?","M","R","M","R","T","M","E","R","E","?","R","B",null,"M","?","$","?","?","E","R","$","T","R","M","?","E","$","R","B",null],"character_chosen":"DEFECT","items_purchased":["Sunder","Defragment","Bag of Preparation","OrangePellets","Toxic Egg 2","Redo+1","Frozen Egg 2"],"campfire_rested":4,"item_purchase_floors":[3,12,12,37,37,37,42],"current_hp_per_floor":[73,73,73,73,73,73,43,41,41,41,30,30,57,37,64,33,77,30,14,11,11,10,37,37,64,64,64,59,59,57,67,67,46,81,73,83,83,83,92,92,92,92,92,92,92,92,92,92,92,73],"gold":1,"neow_bonus":"TEN_PERCENT_HP_BONUS","is_prod":false,"is_daily":false,"chose_seed":false,"campfire_upgraded":7,"win_rate":0,"timestamp":1567649025,"path_taken":["M","?","?","?","M","R","E","?","T","R","?","?","R","E","R","BOSS","M","?","M","?","?","R","M","R","T","M","E","R","E","?","R","BOSS","M","?","$","?","?","E","R","?","T","R","?","?","E","?","R","BOSS"],"build_version":"2019-07-17","purchased_purges":3,"victory":true,"max_hp_per_floor":[82,82,82,82,82,82,92,92,92,92,92,92,92,92,92,92,92,92,92,92,92,92,92,92,92,92,92,92,92,92,92,92,92,92,92,92,92,92,92,92,92,92,92,92,92,92,92,92,92,92],"card_choices":[{"not_picked":["Ball Lightning","Sweeping Beam"],"picked":"Leap","floor":1},{"not_picked":["Barrage","Blizzard","Sweeping Beam"],"picked":"SKIP","floor":5},{"not_picked":["Go for the Eyes","Sweeping Beam"],"picked":"Auto Shields","floor":7},{"not_picked":["Heatsinks","Turbo"],"picked":"Biased Cognition","floor":8},{"not_picked":["Static Discharge","Rip and Tear"],"picked":"Capacitor","floor":14},{"not_picked":["Multi-Cast","Core Surge"],"picked":"Machine Learning","floor":16},{"not_picked":["Fusion","Doom and Gloom+1"],"picked":"Ball Lightning","floor":18},{"not_picked":["Capacitor","Scrape"],"picked":"Glacier","floor":20},{"not_picked":["FTL","Coolheaded"],"picked":"Undo+1","floor":22},{"not_picked":["Force Field","Go for the Eyes+1"],"picked":"Cold Snap+1","floor":23},{"not_picked":["Heatsinks","Streamline+1"],"picked":"Cold Snap+1","floor":24},{"not_picked":["Static Discharge+1","Rainbow"],"picked":"Conserve Battery+1","floor":25},{"not_picked":["Cold Snap","Turbo","Streamline"],"picked":"SKIP","floor":27},{"not_picked":["Storm","Leap"],"picked":"Conserve Battery","floor":28},{"not_picked":["Ball Lightning+1","Biased Cognition"],"picked":"Self Repair+1","floor":30},{"not_picked":["Lockon","Redo"],"picked":"Reinforced Body","floor":31},{"not_picked":["Machine Learning","Reboot"],"picked":"Electrodynamics","floor":33},{"not_picked":["Undo","Fusion+1","Stack"],"picked":"SKIP","floor":35},{"not_picked":["BootSequence+1","Heatsinks+1"],"picked":"Doom and Gloom+1","floor":36},{"not_picked":["Compile Driver+1","Chill+1"],"picked":"Hello World+1","floor":39},{"not_picked":["Streamline+1","Doom and Gloom+1"],"picked":"Defragment+1","floor":40},{"not_picked":["Streamline","Gash+1"],"picked":"Static Discharge+1","floor":45},{"not_picked":["All For One","Streamline+1"],"picked":"Defragment+1","floor":47}],"player_experience":284194,"relics_obtained":[{"floor":7,"key":"Pear"},{"floor":9,"key":"Mummified Hand"},{"floor":14,"key":"MawBank"},{"floor":19,"key":"Enchiridion"},{"floor":26,"key":"Boot"},{"floor":28,"key":"War Paint"},{"floor":30,"key":"WingedGreaves"},{"floor":31,"key":"Red Mask"},{"floor":36,"key":"FossilizedHelix"},{"floor":39,"key":"Bird Faced Urn"},{"floor":40,"key":"Gambling Chip"},{"floor":43,"key":"Bottled Tornado"},{"floor":47,"key":"PreservedInsect"}],"event_choices":[{"damage_healed":0,"gold_gain":0,"player_choice":"Upgraded","damage_taken":0,"max_hp_gain":0,"max_hp_loss":0,"event_name":"Upgrade Shrine","floor":2,"gold_loss":0,"cards_upgraded":["Zap"]},{"damage_healed":0,"gold_gain":175,"player_choice":"AGREE","damage_taken":0,"max_hp_gain":0,"max_hp_loss":0,"event_name":"Liars Game","floor":4,"gold_loss":0,"cards_obtained":["Doubt"]},{"damage_healed":0,"gold_gain":75,"player_choice":"Gather Gold","damage_taken":11,"max_hp_gain":0,"max_hp_loss":0,"event_name":"World of Goop","floor":11,"gold_loss":0},{"damage_healed":0,"gold_gain":0,"player_choice":"Obtained Book","damage_taken":16,"max_hp_gain":0,"max_hp_loss":0,"event_name":"Cursed Tome","floor":19,"gold_loss":0},{"damage_healed":0,"gold_gain":0,"player_choice":"Gave Potion","damage_taken":0,"relics_obtained":["Dream Catcher"],"max_hp_gain":0,"max_hp_loss":0,"event_name":"WeMeetAgain","floor":21,"gold_loss":0},{"damage_healed":0,"gold_gain":0,"player_choice":"Fought Bandits","damage_taken":0,"max_hp_gain":0,"max_hp_loss":0,"event_name":"Masked Bandits","floor":31,"gold_loss":0},{"damage_healed":0,"gold_gain":0,"player_choice":"Fight","damage_taken":0,"max_hp_gain":0,"max_hp_loss":0,"event_name":"MindBloom","floor":36,"gold_loss":0},{"cards_removed":["Leap"],"damage_healed":0,"gold_gain":0,"player_choice":"Removed Skill","damage_taken":0,"max_hp_gain":0,"max_hp_loss":0,"event_name":"Falling","floor":38,"gold_loss":0},{"damage_healed":0,"gold_gain":0,"player_choice":"Fight","damage_taken":0,"max_hp_gain":0,"max_hp_loss":0,"event_name":"Mysterious Sphere","floor":39,"gold_loss":0},{"damage_healed":0,"gold_gain":0,"player_choice":"Memory 1","damage_taken":0,"max_hp_gain":0,"max_hp_loss":0,"event_name":"SensoryStone","floor":46,"gold_loss":0}],"is_beta":false,"boss_relics":[{"not_picked":["Black Star","Fusion Hammer"],"picked":"Pandora\u0027s Box"},{"not_picked":["Eternal Feather","Coffee Dripper"],"picked":"Astrolabe"}],"items_purged_floors":[12,37,48],"is_endless":false,"potions_floor_spawned":[7,14,16,20,28,31,40],"ascension_level":6}