{"gold_per_floor":[119,136,149,169,181,216,216,226,226,226,261,261,276,292,292,292],"floor_reached":16,"playtime":1256,"items_purged":[],"score":116,"play_id":"10dd453c-6214-4dd9-a4d5-a76e0e1d9030","local_time":"20190823131426","is_ascension_mode":false,"campfire_choices":[{"floor":7,"key":"REST"},{"floor":12,"key":"REST"},{"data":"Infernal Blade","floor":15,"key":"SMITH"}],"neow_cost":"NONE","seed_source_timestamp":6737361397383,"circlet_count":0,"master_deck":["Strike_R","Strike_R","Strike_R","Strike_R","Strike_R+1","Defend_R","Defend_R","Defend_R","Defend_R","Bash","Infernal Blade+1","Iron Wave","Corruption+1","Body Slam+1","Rage","Disarm","Reaper","Cleave","Shrug It Off"],"relics":["Burning Blood","Smiling Mask","Whetstone","Sundial","Anchor"],"potions_floor_usage":[16,16],"damage_taken":[{"damage":10,"enemies":"Small Slimes","floor":1,"turns":3},{"damage":1,"enemies":"Cultist","floor":2,"turns":3},{"damage":5,"enemies":"2 Louse","floor":3,"turns":2},{"damage":11,"enemies":"Blue Slaver","floor":4,"turns":4},{"damage":3,"enemies":"2 Fungi Beasts","floor":5,"turns":5},{"damage":38,"enemies":"Gremlin Nob","floor":6,"turns":6},{"damage":12,"enemies":"Red Slaver","floor":8,"turns":3},{"damage":36,"enemies":"3 Sentries","floor":11,"turns":8},{"damage":5,"enemies":"Large Slime","floor":13,"turns":7},{"damage":5,"enemies":"Blue Slaver","floor":14,"turns":4},{"damage":93,"enemies":"Slime Boss","floor":16,"turns":16}],"seed_played":"-2190565461055818064","potions_obtained":[{"floor":3,"key":"Dexterity Potion"},{"floor":4,"key":"Strength Potion"},{"floor":6,"key":"Poison Potion"}],"is_trial":false,"path_per_floor":["M","M","M","M","M","E","R","M","T","?","E","R","M","M","R","B"],"character_chosen":"IRONCLAD","items_purchased":[],"campfire_rested":2,"item_purchase_floors":[],"current_hp_per_floor":[76,80,80,75,78,46,70,64,64,64,46,70,75,79,79,0],"gold":292,"neow_bonus":"RANDOM_COMMON_RELIC","is_prod":false,"is_daily":false,"chose_seed":false,"campfire_upgraded":1,"win_rate":0,"timestamp":1566562466,"path_taken":["M","M","M","M","M","E","R","M","T","?","E","R","?","M","R","BOSS"],"build_version":"2019-07-17","purchased_purges":0,"victory":false,"max_hp_per_floor":[80,80,80,80,80,80,80,80,80,80,80,80,80,80,80,80],"card_choices":[{"not_picked":["Flex","Pummel"],"picked":"Infernal Blade","floor":1},{"not_picked":["Armaments","Entrench"],"picked":"Iron Wave","floor":2},{"not_picked":["Carnage","Armaments"],"picked":"Corruption","floor":3},{"not_picked":["Wild Strike","Warcry"],"picked":"Body Slam","floor":4},{"not_picked":["Body Slam","Clash"],"picked":"Rage","floor":5},{"not_picked":["Infernal Blade","Heavy Blade"],"picked":"Disarm","floor":6},{"not_picked":["Armaments","Cleave"],"picked":"Reaper","floor":8},{"not_picked":["Heavy Blade","Wild Strike"],"picked":"Cleave","floor":11},{"not_picked":["Bloodletting","Sword Boomerang"],"picked":"Shrug It Off","floor":13},{"not_picked":["Sword Boomerang","Warcry","Entrench"],"picked":"SKIP","floor":14}],"player_experience":38336,"relics_obtained":[{"floor":6,"key":"Whetstone"},{"floor":9,"key":"Sundial"},{"floor":11,"key":"Anchor"}],"event_choices":[{"damage_healed":0,"gold_gain":0,"player_choice":"Forge","damage_taken":0,"max_hp_gain":0,"max_hp_loss":0,"event_name":"Accursed Blacksmith","floor":10,"gold_loss":0,"cards_upgraded":["Corruption"]}],"is_beta":false,"boss_relics":[],"items_purged_floors":[],"is_endless":false,"potions_floor_spawned":[3,4,6,11,13,14],"killed_by":"Slime Boss","ascension_level":0}