{"gold_per_floor":[112,287,134,153,153,153,188,188,188,207,207,224,243,254,254,349,349,367,282,282,295,309,309,334,346,370,381,232,252,282,207,207,305,305,322,332,351,361,8,8,8,108,108,140,154,171,171,189,189,189],"floor_reached":50,"playtime":4247,"items_purged":["Doubt","Sword Boomerang"],"score":518,"play_id":"eef06f42-f924-4e63-b13a-14c624892ba4","local_time":"20190917121235","is_ascension_mode":false,"campfire_choices":[{"data":"Spot Weakness","floor":6.0,"key":"SMITH"},{"floor":8.0,"key":"REST"},{"data":"Corruption","floor":15.0,"key":"SMITH"},{"data":"Headbutt","floor":23.0,"key":"SMITH"},{"floor":32.0,"key":"REST"},{"data":"Reaper","floor":40.0,"key":"SMITH"},{"data":"1","floor":49,"key":"LIFT"}],"neow_cost":"NONE","seed_source_timestamp":0,"circlet_count":0,"master_deck":["Strike_R","Strike_R","Strike_R","Strike_R","Strike_R+1","Defend_R+1","Defend_R+1","Defend_R","Bash","Corruption+1","Feel No Pain+1","Spot Weakness+1","Reaper+1","Armaments","Armaments","Headbutt+1","Reaper","Pommel Strike+1","Seeing Red+1","Sever Soul+1","Heavy Blade","Infernal Blade","Feel No Pain","Dropkick","Shockwave","Infernal Blade","Demon Form","Battle Trance+1","Armaments+1","Spot Weakness+1","Impervious"],"special_seed":0,"relics":["Burning Blood","Vajra","War Paint","Pear","Mark of Pain","Paper Frog","Red Skull","Pen Nib","Happy Flower","Black Star","Shuriken","Girya","Self Forming Clay","Whetstone","Letter Opener"],"potions_floor_usage":[45,45,45,45,45,50],"damage_taken":[{"damage":2.0,"enemies":"Small Slimes","floor":1.0,"turns":4.0},{"damage":14.0,"enemies":"Jaw Worm","floor":4.0,"turns":4.0},{"damage":42.0,"enemies":"3 Sentries","floor":7.0,"turns":9.0},{"damage":10.0,"enemies":"2 Louse","floor":10.0,"turns":3.0},{"damage":13.0,"enemies":"Exordium Wildlife","floor":12.0,"turns":5.0},{"damage":1.0,"enemies":"Exordium Thugs","floor":13.0,"turns":5.0},{"damage":14.0,"enemies":"3 Louse","floor":14.0,"turns":3.0},{"damage":51.0,"enemies":"Slime Boss","floor":16.0,"turns":13.0},{"damage":19.0,"enemies":"Chosen","floor":18.0,"turns":7.0},{"damage":17.0,"enemies":"Shell Parasite","floor":21.0,"turns":4.0},{"damage":28.0,"enemies":"3 Cultists","floor":22.0,"turns":6.0},{"damage":63.0,"enemies":"Slavers","floor":24.0,"turns":7.0},{"damage":8.0,"enemies":"Centurion and Healer","floor":25.0,"turns":6.0},{"damage":30.0,"enemies":"Snake Plant","floor":27.0,"turns":5.0},{"damage":13.0,"enemies":"Shelled Parasite and Fungi","floor":29.0,"turns":4.0},{"damage":37.0,"enemies":"Gremlin Leader","floor":30.0,"turns":4.0},{"damage":77.0,"enemies":"Collector","floor":33.0,"turns":10.0},{"damage":28.0,"enemies":"3 Darklings","floor":35.0,"turns":6.0},{"damage":0.0,"enemies":"3 Shapes","floor":36.0,"turns":5.0},{"damage":39.0,"enemies":"Writhing Mass","floor":37.0,"turns":7.0},{"damage":21.0,"enemies":"Maw","floor":38.0,"turns":7.0},{"damage":31.0,"enemies":"Mind Bloom Boss Battle","floor":42.0,"turns":7.0},{"damage":82.0,"enemies":"Nemesis","floor":44.0,"turns":9.0},{"damage":7,"enemies":"Jaw Worm Horde","floor":45,"turns":3},{"damage":9,"enemies":"3 Darklings","floor":46,"turns":3},{"damage":52,"enemies":"Writhing Mass","floor":48,"turns":6},{"damage":72,"enemies":"Donu and Deca","floor":50,"turns":5}],"seed_played":"-4895764731726730586","potions_obtained":[{"floor":1.0,"key":"BloodPotion"},{"floor":10.0,"key":"Dexterity Potion"},{"floor":13.0,"key":"Explosive Potion"},{"floor":16.0,"key":"SpeedPotion"},{"floor":18.0,"key":"Swift Potion"},{"floor":24.0,"key":"FearPotion"},{"floor":25.0,"key":"Block Potion"},{"floor":29.0,"key":"Explosive Potion"},{"floor":37.0,"key":"Regen Potion"},{"floor":38.0,"key":"EntropicBrew"},{"floor":44,"key":"PowerPotion"},{"floor":46,"key":"Energy Potion"}],"is_trial":false,"path_per_floor":["M","?","$","M","?","R","E","R","T","M","?","M","M","M","R","B",null,"M","?","?","M","M","R","E","M","T","M","$","M","E","?","R","B",null,"M","M","M","M","$","R","?","?","T","E","M","M","$","M","R","B"],"character_chosen":"IRONCLAD","items_purchased":["Feel No Pain","Feel No Pain","Dropkick","Shuriken"],"campfire_rested":2,"item_purchase_floors":[3,28,28,39],"current_hp_per_floor":[80,80,80,72,72,72,36,60,70,76,76,79,90,82,82,46,90,77,77,77,71,73,73,76,90,90,70,70,73,42,42,69,18,90,90,90,82,67,67,67,67,76,76,22,44,90,90,44,44,0],"gold":189,"neow_bonus":"RANDOM_COMMON_RELIC","is_prod":false,"is_daily":false,"chose_seed":false,"campfire_upgraded":4,"win_rate":0.0,"timestamp":1568736755,"path_taken":["M","?","$","M","?","R","E","R","T","M","?","M","?","M","R","BOSS","M","?","?","M","?","R","E","M","T","M","$","M","E","?","R","BOSS","M","M","M","M","$","R","?","?","T","E","M","M","$","M","R","BOSS"],"build_version":"2019-07-17","purchased_purges":2,"victory":false,"max_hp_per_floor":[80,80,80,80,80,80,80,80,90,90,90,90,90,90,90,90,90,90,90,90,90,90,90,90,90,90,90,90,90,90,90,90,90,90,90,90,90,90,90,90,90,90,90,90,90,90,90,90,90,90],"card_choices":[{"not_picked":["Anger","Twin Strike"],"picked":"Corruption","floor":1.0},{"not_picked":["True Grit","Perfected Strike"],"picked":"Spot Weakness","floor":4.0},{"not_picked":["Rampage","Fire Breathing"],"picked":"Reaper","floor":7.0},{"not_picked":["Warcry","Clothesline"],"picked":"Armaments","floor":10.0},{"not_picked":["Sword Boomerang","Feel No Pain"],"picked":"Armaments","floor":12.0},{"not_picked":["Metallicize","Thunderclap"],"picked":"Headbutt","floor":13.0},{"not_picked":["Body Slam","Searing Blow"],"picked":"Sword Boomerang","floor":14.0},{"not_picked":["Impervious","Limit Break"],"picked":"Reaper","floor":16.0},{"not_picked":["Clothesline+1","Cleave"],"picked":"Pommel Strike","floor":18.0},{"not_picked":["True Grit","Flex"],"picked":"Seeing Red+1","floor":21.0},{"not_picked":["Headbutt","Clothesline"],"picked":"Sever Soul+1","floor":22.0},{"not_picked":["Carnage","Perfected Strike"],"picked":"Corruption","floor":24.0},{"not_picked":["Sword Boomerang","Anger"],"picked":"Heavy Blade","floor":25.0},{"not_picked":["Barricade","Body Slam"],"picked":"Infernal Blade","floor":27.0},{"not_picked":["Hemokinesis","Twin Strike"],"picked":"Shockwave","floor":29.0},{"not_picked":["Clash+1","Rupture"],"picked":"Infernal Blade","floor":30.0},{"not_picked":["Immolate","Double Tap"],"picked":"Demon Form","floor":33.0},{"not_picked":["Perfected Strike","Rampage","Clash+1"],"picked":"SKIP","floor":35.0},{"not_picked":["Seeing Red","Body Slam+1"],"picked":"Battle Trance+1","floor":36.0},{"not_picked":["Burning Pact+1","Sever Soul"],"picked":"Armaments+1","floor":37.0},{"not_picked":["Heavy Blade+1","Clash","Burning Pact+1"],"picked":"SKIP","floor":38.0},{"not_picked":["Disarm+1","True Grit"],"picked":"Spot Weakness+1","floor":44},{"not_picked":["Wild Strike","Sever Soul","Whirlwind"],"picked":"SKIP","floor":45},{"not_picked":["Cleave","Evolve"],"picked":"Impervious","floor":46},{"not_picked":["Flame Barrier","Uppercut+1","True Grit+1"],"picked":"SKIP","floor":48}],"player_experience":41792,"relics_obtained":[{"floor":7.0,"key":"War Paint"},{"floor":9.0,"key":"Pear"},{"floor":24.0,"key":"Red Skull"},{"floor":26.0,"key":"Pen Nib"},{"floor":30.0,"key":"Happy Flower"},{"floor":42.0,"key":"Girya"},{"floor":43.0,"key":"Self Forming Clay"},{"floor":44,"key":"Whetstone"},{"floor":44,"key":"Letter Opener"}],"event_choices":[{"damage_healed":0.0,"max_hp_gain":0.0,"max_hp_loss":0.0,"gold_gain":175.0,"event_name":"Liars Game","player_choice":"AGREE","floor":2.0,"gold_loss":0.0,"damage_taken":0.0,"cards_obtained":["Doubt"]},{"damage_healed":0.0,"max_hp_gain":0.0,"max_hp_loss":0.0,"gold_gain":0.0,"event_name":"The Cleric","player_choice":"Leave","floor":5.0,"gold_loss":0.0,"damage_taken":0.0},{"damage_healed":0.0,"max_hp_gain":0.0,"max_hp_loss":0.0,"gold_gain":0.0,"event_name":"Golden Wing","player_choice":"Ignored","floor":11.0,"gold_loss":0.0,"damage_taken":0.0},{"damage_healed":0.0,"max_hp_gain":0.0,"max_hp_loss":0.0,"gold_gain":0.0,"event_name":"Addict","player_choice":"Obtained Relic","floor":19.0,"gold_loss":85.0,"damage_taken":0.0,"relics_obtained":["Paper Frog"]},{"damage_healed":0.0,"max_hp_gain":0.0,"max_hp_loss":0.0,"gold_gain":0.0,"event_name":"Upgrade Shrine","player_choice":"Upgraded","floor":20.0,"gold_loss":0.0,"damage_taken":0.0,"cards_upgraded":["Feel No Pain"]},{"cards_removed":["Corruption"],"damage_healed":0.0,"max_hp_gain":0.0,"max_hp_loss":0.0,"gold_gain":0.0,"event_name":"Beggar","player_choice":"Gave Gold","floor":31.0,"gold_loss":75.0,"damage_taken":0.0},{"cards_removed":["Defend_R"],"damage_healed":0.0,"max_hp_gain":0.0,"max_hp_loss":0.0,"gold_gain":0.0,"event_name":"Falling","player_choice":"Removed Skill","floor":41.0,"gold_loss":0.0,"damage_taken":0.0},{"damage_healed":0.0,"max_hp_gain":0.0,"max_hp_loss":0.0,"gold_gain":0.0,"event_name":"MindBloom","player_choice":"Fight","floor":42.0,"gold_loss":0.0,"damage_taken":0.0}],"is_beta":false,"boss_relics":[{"not_picked":["Black Blood","White Beast Statue"],"picked":"Mark of Pain"},{"not_picked":["Empty Cage","Fusion Hammer"],"picked":"Black Star"}],"items_purged_floors":[3,39],"is_endless":false,"potions_floor_spawned":[1,10,13,16,18,24,25,29,33,37,38,44,46],"killed_by":"Donu and Deca","ascension_level":0}