{"gold_per_floor":[118,132,151,170,185,185,202,214,266,266,280,280,307,317,317,415,415,431,431,421,440,458,458,468,393,472,298,298,313,328,328,328,423,423,442,442,454,454,465,465,485,485,485,505,521,521,143,153,153,153],"floor_reached":50,"playtime":3425,"items_purged":["Strike_R","Strike_R"],"score":531,"play_id":"7537b136-c8e6-4a0d-ad7a-a2ff0ce5b2f8","local_time":"20180925130557","is_ascension_mode":false,"campfire_choices":[{"floor":6,"key":"REST"},{"data":"Flame Barrier","floor":10,"key":"SMITH"},{"data":"Anger","floor":12,"key":"SMITH"},{"data":"Iron Wave","floor":15,"key":"SMITH"},{"floor":23,"key":"REST"},{"data":"Ghostly","floor":28,"key":"SMITH"},{"data":"Ghostly","floor":32,"key":"SMITH"},{"data":"Ghostly","floor":40,"key":"SMITH"},{"data":"Ghostly","floor":42,"key":"SMITH"},{"data":"Shrug It Off","floor":46,"key":"SMITH"},{"data":"Warcry","floor":49,"key":"SMITH"}],"neow_cost":"PERCENT_DAMAGE","seed_source_timestamp":791289785326335,"circlet_count":0,"master_deck":["Strike_R","Strike_R","Defend_R","Defend_R","Defend_R","Defend_R","Bash","Anger+1","Flame Barrier+1","Warcry+1","Shockwave","Shrug It Off","Shockwave","Feel No Pain","Warcry","Clothesline","Iron Wave+1","Barricade","Heavy Blade","Ghostly+1","Ghostly+1","Ghostly+1","Ghostly+1","Ghostly+1","Anger+1","Flex+1","Shrug It Off","Entrench+1","Shrug It Off+1","Spot Weakness","Warcry","Shrug It Off","Reaper","True Grit","Shrug It Off","Headbutt","Headbutt+1","Armaments+1","Disarm+1","Impervious","Pommel Strike+1"],"relics":["Burning Blood","Boot","Pen Nib","Sozu","Letter Opener","Mark of Pain","Ice Cream","ClockworkSouvenir"],"potions_floor_usage":[13,13,13,50],"damage_taken":[{"damage":12,"enemies":"Small Slimes","floor":1,"turns":4},{"damage":2,"enemies":"2 Louse","floor":2,"turns":3},{"damage":2,"enemies":"Jaw Worm","floor":3,"turns":3},{"damage":11,"enemies":"Large Slime","floor":4,"turns":6},{"damage":24,"enemies":"Exordium Wildlife","floor":5,"turns":5},{"damage":10,"enemies":"Looter","floor":7,"turns":3},{"damage":9,"enemies":"Lots of Slimes","floor":8,"turns":6},{"damage":7,"enemies":"Large Slime","floor":11,"turns":8},{"damage":18,"enemies":"3 Sentries","floor":13,"turns":7},{"damage":0,"enemies":"3 Louse","floor":14,"turns":3},{"damage":48,"enemies":"Hexaghost","floor":16,"turns":11},{"damage":22,"enemies":"Spheric Guardian","floor":18,"turns":6},{"damage":16,"enemies":"2 Thieves","floor":20,"turns":4},{"damage":13,"enemies":"3 Cultists","floor":21,"turns":8},{"damage":10,"enemies":"Snake Plant","floor":22,"turns":4},{"damage":15,"enemies":"Shelled Parasite and Fungi","floor":24,"turns":7},{"damage":4,"enemies":"3 Cultists","floor":29,"turns":6},{"damage":3,"enemies":"Snecko","floor":30,"turns":5},{"damage":36,"enemies":"Automaton","floor":33,"turns":13},{"damage":9,"enemies":"3 Shapes","floor":35,"turns":12},{"damage":0,"enemies":"3 Darklings","floor":37,"turns":10},{"damage":0,"enemies":"Maw","floor":39,"turns":12},{"damage":11,"enemies":"Spire Growth","floor":41,"turns":7},{"damage":15,"enemies":"Transient","floor":44,"turns":5},{"damage":5,"enemies":"3 Darklings","floor":45,"turns":8},{"damage":0,"enemies":"Maw","floor":48,"turns":10},{"damage":82,"enemies":"Donu and Deca","floor":50,"turns":9}],"seed_played":"1451255197671331921","potions_obtained":[{"floor":4,"key":"Ancient Potion"},{"floor":7,"key":"LiquidBronze"},{"floor":8,"key":"Swift Potion"},{"floor":11,"key":"EssenceOfSteel"},{"floor":13,"key":"FairyPotion"},{"floor":14,"key":"Weak Potion"}],"is_trial":false,"path_per_floor":["M","M","M","M","M","R","M","M","T","R","M","R","E","M","R","B",null,"M","?","M","M","M","R","M","?","T","$","R","M","M","?","R","B",null,"M","?","M","?","M","R","M","R","T","M","M","R","$","M","R"],"character_chosen":"IRONCLAD","items_purchased":["Shrug It Off","Spot Weakness","Impervious","ClockworkSouvenir"],"campfire_rested":2,"item_purchase_floors":[27,27,47,47],"current_hp_per_floor":[63,67,71,66,48,76,72,69,69,69,68,68,56,62,62,20,96,80,48,38,31,27,41,32,32,32,32,32,34,37,37,37,7,48,45,45,48,48,48,48,43,43,43,34,45,45,45,48,48,0],"gold":153,"neow_bonus":"TWENTY_PERCENT_HP_BONUS","is_prod":false,"is_daily":false,"chose_seed":false,"campfire_upgraded":9,"win_rate":0.0,"timestamp":1537895157,"path_taken":["M","M","M","M","M","R","M","M","T","R","M","R","E","M","R","BOSS","M","?","M","M","M","R","M","?","T","$","R","M","M","?","R","BOSS","M","?","M","?","M","R","M","R","T","M","M","R","?","M","R","BOSS"],"build_version":"2018-09-20","purchased_purges":2,"victory":false,"max_hp_per_floor":[96,96,96,96,96,96,96,96,96,96,96,96,96,96,96,96,96,96,48,48,48,48,48,48,48,48,48,48,48,48,48,48,48,48,48,48,48,48,48,48,48,48,48,48,48,48,48,48,48,48],"card_choices":[{"not_picked":["Twin Strike","True Grit"],"picked":"Anger","floor":1},{"not_picked":["Iron Wave","Flex"],"picked":"Flame Barrier","floor":2},{"not_picked":["Juggernaut","Bloodletting"],"picked":"Warcry","floor":3},{"not_picked":["Clothesline","Wild Strike"],"picked":"Shockwave","floor":4},{"not_picked":["Anger","Uppercut"],"picked":"Shrug It Off","floor":5},{"not_picked":["True Grit","Corruption"],"picked":"Shockwave","floor":7},{"not_picked":["Reckless Charge","Armaments"],"picked":"Feel No Pain","floor":8},{"not_picked":["Clash","Hemokinesis"],"picked":"Warcry","floor":11},{"not_picked":["Twin Strike","Infernal Blade"],"picked":"Clothesline","floor":13},{"not_picked":["Bloodletting","Warcry"],"picked":"Iron Wave","floor":14},{"not_picked":["Juggernaut","Bludgeon"],"picked":"Barricade","floor":16},{"not_picked":["Rampage","Hemokinesis+1"],"picked":"Heavy Blade","floor":18},{"not_picked":["Sword Boomerang","Rampage+1"],"picked":"Anger+1","floor":20},{"not_picked":["Twin Strike","Corruption"],"picked":"Flex+1","floor":21},{"not_picked":["Bloodletting","Wild Strike"],"picked":"Shrug It Off","floor":22},{"not_picked":["Shockwave","Feel No Pain+1"],"picked":"Entrench+1","floor":24},{"not_picked":["Thunderclap","Perfected Strike+1"],"picked":"Warcry","floor":29},{"not_picked":["Iron Wave","Brutality"],"picked":"Shrug It Off","floor":30},{"not_picked":["Brutality","Bludgeon"],"picked":"Reaper","floor":33},{"not_picked":["Power Through+1","Corruption+1"],"picked":"True Grit","floor":35},{"not_picked":["Power Through+1","Clash+1"],"picked":"Shrug It Off","floor":37},{"not_picked":["Wild Strike+1","Whirlwind+1"],"picked":"Headbutt+1","floor":39},{"not_picked":["Rage+1","Dual Wield+1"],"picked":"Armaments+1","floor":41},{"not_picked":["Hemokinesis","Power Through"],"picked":"Disarm+1","floor":44},{"not_picked":["Perfected Strike","Dual Wield+1","Cleave+1"],"picked":"SKIP","floor":45},{"not_picked":["Immolate","Rupture"],"picked":"Pommel Strike+1","floor":48}],"player_experience":28852,"relics_obtained":[{"floor":9,"key":"Boot"},{"floor":13,"key":"Pen Nib"},{"floor":26,"key":"Letter Opener"},{"floor":43,"key":"Ice Cream"}],"event_choices":[{"event_name":"Ghosts","player_choice":"Became a Ghost","floor":19,"damage_taken":0},{"event_name":"Beggar","player_choice":"Gave Gold","floor":25,"damage_taken":0},{"event_name":"Accursed Blacksmith","player_choice":"Forge","floor":31,"damage_taken":0},{"event_name":"Tomb of Lord Red Mask","player_choice":"Ignored","floor":36,"damage_taken":0},{"event_name":"Match and Keep!","player_choice":"1 cards matched","floor":38,"damage_taken":0}],"is_beta":false,"boss_relics":[{"not_picked":["Philosopher\u0027s Stone","Lizard Tail"],"picked":"Sozu"},{"not_picked":["Orrery","Empty Cage"],"picked":"Mark of Pain"}],"items_purged_floors":[27,47],"is_endless":false,"potions_floor_spawned":[4,7,8,11,13,14,21,22,33,39,41],"killed_by":"Donu and Deca","ascension_level":0}