{"gold_per_floor":[18,37,56,56,76,107,107,140,140,152,173,173,98,109,109,204,204,223,223,204,220,237,255,265,265,265,165,165,165,179,195,195,297,297,310,322,67,47,57,57,69,69,69,69,82,100,114,127,127,127],"floor_reached":51,"playtime":4760,"items_purged":["Strike_G","Strike_G"],"score":619,"play_id":"b894b7ac-3b37-4b9d-90ec-b568691c9753","local_time":"20180926174529","is_ascension_mode":false,"campfire_choices":[{"floor":7.0,"key":"REST"},{"floor":12.0,"key":"REST"},{"floor":15.0,"key":"REST"},{"floor":25.0,"key":"REST"},{"floor":29.0,"key":"REST"},{"data":"Burst","floor":32.0,"key":"SMITH"},{"floor":40,"key":"REST"},{"floor":42,"key":"REST"},{"floor":44,"key":"DIG"},{"floor":49,"key":"DIG"}],"neow_cost":"NO_GOLD","seed_source_timestamp":0,"circlet_count":0,"master_deck":["Defend_G+1","Defend_G+1","Defend_G+1","Defend_G+1","Strike_G+1","Strike_G+1","Survivor","Neutralize","Infinite Blades","Crippling Poison","Dagger Throw","Backflip","Infinite Blades","After Image","PiercingWail","Noxious Fumes","Infinite Blades","Burst+1","Sucker Punch+1","Backflip","Quick Slash+1","Endless Agony","Footwork","PiercingWail","After Image","Heel Hook","Backflip","Footwork+1","PiercingWail","Backstab+1","Footwork+1","Adrenaline"],"special_seed":0,"relics":["Ring of the Snake","Happy Flower","Pantograph","StoneCalendar","Odd Mushroom","Eternal Feather","Gambling Chip","Dodecahedron","Orrery","Shuriken","Shovel","Mango","Dream Catcher"],"potions_floor_usage":[46,47,50,50],"damage_taken":[{"damage":1.0,"enemies":"Cultist","floor":1.0,"turns":5.0},{"damage":13.0,"enemies":"Jaw Worm","floor":2.0,"turns":4.0},{"damage":0.0,"enemies":"2 Louse","floor":3.0,"turns":3.0},{"damage":5.0,"enemies":"Large Slime","floor":5.0,"turns":8.0},{"damage":27.0,"enemies":"3 Sentries","floor":6.0,"turns":9.0},{"damage":13.0,"enemies":"Lagavulin","floor":8.0,"turns":8.0},{"damage":12.0,"enemies":"Exordium Thugs","floor":10.0,"turns":5.0},{"damage":5.0,"enemies":"The Mushroom Lair","floor":11.0,"turns":4.0},{"damage":0.0,"enemies":"2 Fungi Beasts","floor":14.0,"turns":4.0},{"damage":6.0,"enemies":"Hexaghost","floor":16.0,"turns":10.0},{"damage":12.0,"enemies":"Shell Parasite","floor":18.0,"turns":7.0},{"damage":14.0,"enemies":"2 Thieves","floor":20.0,"turns":4.0},{"damage":16.0,"enemies":"Snake Plant","floor":21.0,"turns":7.0},{"damage":15.0,"enemies":"Centurion and Healer","floor":22.0,"turns":7.0},{"damage":1.0,"enemies":"Snecko","floor":23.0,"turns":7.0},{"damage":4.0,"enemies":"Snake Plant","floor":24.0,"turns":7.0},{"damage":6.0,"enemies":"Shelled Parasite and Fungi","floor":30.0,"turns":6.0},{"damage":18.0,"enemies":"Chosen and Byrds","floor":31.0,"turns":6.0},{"damage":15.0,"enemies":"Automaton","floor":33.0,"turns":11.0},{"damage":0.0,"enemies":"Orb Walker","floor":35.0,"turns":5.0},{"damage":12.0,"enemies":"3 Shapes","floor":36.0,"turns":4.0},{"damage":54.0,"enemies":"Transient","floor":39.0,"turns":5.0},{"damage":39,"enemies":"Reptomancer","floor":41,"turns":10},{"damage":8,"enemies":"4 Shapes","floor":45,"turns":6},{"damage":2,"enemies":"Transient","floor":46,"turns":5},{"damage":30,"enemies":"Reptomancer","floor":47,"turns":7},{"damage":14,"enemies":"Sphere and 2 Shapes","floor":48,"turns":7},{"damage":20,"enemies":"Donu and Deca","floor":50,"turns":10}],"seed_played":"5103263060205973068","potions_obtained":[{"floor":1.0,"key":"Energy Potion"},{"floor":4.0,"key":"EssenceOfSteel"},{"floor":4.0,"key":"PowerPotion"},{"floor":14.0,"key":"GhostInAJar"},{"floor":16.0,"key":"Explosive Potion"},{"floor":21.0,"key":"Dexterity Potion"},{"floor":24.0,"key":"Energy Potion"},{"floor":30.0,"key":"EssenceOfSteel"},{"floor":36.0,"key":"FairyPotion"},{"floor":38.0,"key":"SpeedPotion"},{"floor":45,"key":"LiquidBronze"},{"floor":46,"key":"Regen Potion"},{"floor":47,"key":"EssenceOfSteel"}],"is_trial":false,"path_per_floor":["M","M","M","?","M","E","R","E","T","M","?","R","$","M","R","B",null,"M","?","M","M","M","M","M","R","T","$","?","R","M","M","R","B",null,"M","M","$","?","M","R","M","R","T","R","M","M","M","M","R","B"],"character_chosen":"THE_SILENT","items_purchased":["Shuriken"],"campfire_rested":7,"item_purchase_floors":[37],"current_hp_per_floor":[69,56,56,56,51,24,45,32,32,20,15,36,36,36,57,64,70,58,58,44,28,13,12,8,41,41,41,41,70,64,46,58,55,70,70,58,58,58,4,43,4,43,43,75,67,65,50,36,54,59],"gold":127,"neow_bonus":"REMOVE_TWO","is_prod":false,"is_daily":false,"chose_seed":false,"campfire_upgraded":1,"win_rate":0,"timestamp":1537998329,"path_taken":["M","M","M","?","M","E","R","E","T","M","?","R","$","M","R","BOSS","M","?","M","M","?","M","M","R","T","$","?","R","M","?","R","BOSS","M","M","$","?","M","R","M","R","T","R","M","M","M","M","R","BOSS"],"build_version":"2018-09-20","purchased_purges":2,"victory":true,"max_hp_per_floor":[70,70,70,70,70,70,70,70,70,70,70,70,70,70,70,70,70,70,70,70,70,70,70,70,70,70,70,70,70,70,70,70,70,70,70,70,70,70,70,70,70,70,70,84,84,84,84,84,84,84],"card_choices":[{"not_picked":["Blade Dance","Deflect"],"picked":"Infinite Blades","floor":1.0},{"not_picked":["Blade Dance","Poisoned Stab"],"picked":"Crippling Poison","floor":2.0},{"not_picked":["Catalyst","Quick Slash"],"picked":"Dagger Throw","floor":3.0},{"not_picked":["All Out Attack","Acrobatics"],"picked":"Backflip","floor":5.0},{"not_picked":["Endless Agony","Riddle With Holes"],"picked":"Infinite Blades","floor":6.0},{"not_picked":["Malaise","Quick Slash"],"picked":"After Image","floor":8.0},{"not_picked":["Outmaneuver","Distraction"],"picked":"PiercingWail","floor":10.0},{"not_picked":["Dagger Spray","Finisher"],"picked":"Noxious Fumes","floor":11.0},{"not_picked":["Reflex","All Out Attack"],"picked":"Infinite Blades","floor":14.0},{"not_picked":["Wraith Form v2","Tools of the Trade"],"picked":"Burst","floor":16.0},{"not_picked":["Blade Dance","Outmaneuver"],"picked":"Sucker Punch+1","floor":18.0},{"not_picked":["Blade Dance","Calculated Gamble"],"picked":"Backflip","floor":20.0},{"not_picked":["Prepared","Poisoned Stab+1"],"picked":"Quick Slash+1","floor":21.0},{"not_picked":["Bullet Time","Backflip"],"picked":"Endless Agony","floor":22.0},{"not_picked":["Prepared+1","Masterful Stab","Outmaneuver"],"picked":"SKIP","floor":23.0},{"not_picked":["Acrobatics","Poisoned Stab+1"],"picked":"Footwork","floor":24.0},{"not_picked":["Dodge and Roll","Deflect"],"picked":"PiercingWail","floor":30.0},{"not_picked":["Flying Knee","Eviscerate+1","Acrobatics"],"picked":"SKIP","floor":31.0},{"not_picked":["Die Die Die","Glass Knife"],"picked":"After Image","floor":33.0},{"not_picked":["Sucker Punch+1","Skewer"],"picked":"Heel Hook","floor":34.0},{"not_picked":["Outmaneuver","Flechettes"],"picked":"Backflip","floor":34.0},{"not_picked":["Predator","Dagger Spray"],"picked":"Footwork+1","floor":34.0},{"not_picked":["Dagger Spray+1","Sucker Punch+1"],"picked":"PiercingWail","floor":34.0},{"not_picked":["Dagger Spray","Distraction+1"],"picked":"Backstab+1","floor":34.0},{"not_picked":["Deflect+1","Acrobatics","Backflip"],"picked":"SKIP","floor":35.0},{"not_picked":["Outmaneuver","Backflip+1","PiercingWail"],"picked":"SKIP","floor":36.0},{"not_picked":["Skewer+1","Sucker Punch"],"picked":"Footwork+1","floor":39.0},{"not_picked":["Tactician","Finisher"],"picked":"Adrenaline","floor":41},{"not_picked":["Distraction+1","Quick Slash+1","Dagger Throw"],"picked":"SKIP","floor":45},{"not_picked":["Heel Hook","Crippling Poison+1","Leg Sweep"],"picked":"SKIP","floor":46},{"not_picked":["Acrobatics+1","Tools of the Trade","Eviscerate"],"picked":"SKIP","floor":47},{"not_picked":["Masterful Stab+1","Slice","Endless Agony+1"],"picked":"SKIP","floor":48}],"player_experience":58477,"relics_obtained":[{"floor":6.0,"key":"Happy Flower"},{"floor":8.0,"key":"Pantograph"},{"floor":9.0,"key":"StoneCalendar"},{"floor":11.0,"key":"Odd Mushroom"},{"floor":26.0,"key":"Dodecahedron"},{"floor":43,"key":"Shovel"},{"floor":44,"key":"Mango"},{"floor":49,"key":"Dream Catcher"}],"event_choices":[{"event_name":"The Lab","player_choice":"Got Potions","floor":4.0,"damage_taken":0.0},{"event_name":"Mushrooms","player_choice":"Fought Mushrooms","floor":11.0,"damage_taken":0.0},{"event_name":"WeMeetAgain","player_choice":"Potion","floor":19.0,"damage_taken":0.0},{"event_name":"Back to Basics","player_choice":"Simplicity","floor":28.0,"damage_taken":0.0},{"event_name":"The Woman in Blue","player_choice":"Bought 1 Potion","floor":38.0,"damage_taken":0.0}],"is_beta":false,"boss_relics":[{"not_picked":["Snecko Eye","Black Star"],"picked":"Eternal Feather"},{"not_picked":["Calling Bell","HoveringKite"],"picked":"Orrery"}],"items_purged_floors":[13,27],"is_endless":false,"potions_floor_spawned":[1,14,16,21,23,24,30,36,45,46,47],"ascension_level":0}