{"gold_per_floor":[115,128,138,158,158,192,192,192,217,237,247,258,277,277,277,277],"floor_reached":16,"playtime":1363,"items_purged":[],"score":106,"play_id":"f8958d91-c3f3-4f4f-b25b-ccf69b4b5868","local_time":"20190917123638","is_ascension_mode":false,"campfire_choices":[{"floor":7.0,"key":"REST"},{"floor":15,"key":"REST"}],"neow_cost":"NONE","seed_source_timestamp":0,"circlet_count":0,"master_deck":["Strike_R","Strike_R","Strike_R","Strike_R","Strike_R","Defend_R","Defend_R","Defend_R","Defend_R","Bash","Spot Weakness","Disarm","Armaments","Reaper"],"special_seed":0,"relics":["Burning Blood","Anchor","Strawberry","Lantern"],"potions_floor_usage":[11,13,13],"damage_taken":[{"damage":11.0,"enemies":"Small Slimes","floor":1.0,"turns":3.0},{"damage":6.0,"enemies":"Jaw Worm","floor":2.0,"turns":3.0},{"damage":6.0,"enemies":"Cultist","floor":3.0,"turns":3.0},{"damage":16.0,"enemies":"Blue Slaver","floor":4.0,"turns":4.0},{"damage":37.0,"enemies":"Lagavulin","floor":6.0,"turns":7.0},{"damage":27,"enemies":"Large Slime","floor":10,"turns":13},{"damage":43,"enemies":"Gremlin Gang","floor":11,"turns":12},{"damage":3,"enemies":"Looter","floor":12,"turns":3},{"damage":31,"enemies":"Exordium Thugs","floor":13,"turns":6},{"damage":45,"enemies":"The Guardian","floor":16,"turns":10}],"seed_played":"4444497968551276169","potions_obtained":[{"floor":1.0,"key":"Energy Potion"},{"floor":2.0,"key":"Regen Potion"},{"floor":6.0,"key":"Regen Potion"},{"floor":12,"key":"FearPotion"}],"is_trial":false,"path_per_floor":["M","M","M","M","$","E","R","?","T","M","M","M","M","?","R","B"],"character_chosen":"IRONCLAD","items_purchased":[],"campfire_rested":2,"item_purchase_floors":[],"current_hp_per_floor":[75,75,75,65,65,39,63,70,70,49,26,29,12,12,38,0],"gold":277,"neow_bonus":"THREE_SMALL_POTIONS","is_prod":false,"is_daily":false,"chose_seed":false,"campfire_upgraded":0,"win_rate":0.0,"timestamp":1568738198,"path_taken":["M","M","M","M","$","E","R","?","T","M","M","M","M","?","R","BOSS"],"build_version":"2019-07-17","purchased_purges":0,"victory":false,"max_hp_per_floor":[80,80,80,80,80,80,80,87,87,87,87,87,87,87,87,87],"card_choices":[{"not_picked":["Disarm","Armaments"],"picked":"Spot Weakness","floor":1.0},{"not_picked":["Entrench","Intimidate"],"picked":"Disarm","floor":2.0},{"not_picked":["Pommel Strike","Evolve"],"picked":"Armaments","floor":3.0},{"not_picked":["Infernal Blade","True Grit","Clash"],"picked":"SKIP","floor":4.0},{"not_picked":["Sword Boomerang","Rage","Clash"],"picked":"SKIP","floor":6.0},{"not_picked":["Headbutt","Warcry","Pommel Strike"],"picked":"SKIP","floor":10},{"not_picked":["Wild Strike","Disarm","Cleave"],"picked":"SKIP","floor":11},{"not_picked":["Heavy Blade","Thunderclap"],"picked":"Reaper","floor":12},{"not_picked":["Clash","Warcry","Sword Boomerang"],"picked":"SKIP","floor":13}],"player_experience":46039,"relics_obtained":[{"floor":6.0,"key":"Anchor"},{"floor":9,"key":"Lantern"}],"event_choices":[{"damage_healed":0.0,"max_hp_gain":0.0,"max_hp_loss":0.0,"gold_gain":0.0,"event_name":"Big Fish","player_choice":"Box","floor":8.0,"gold_loss":0.0,"damage_taken":0.0,"relics_obtained":["Strawberry"],"cards_obtained":["Regret"]},{"cards_removed":["Regret"],"damage_healed":0,"gold_gain":0,"player_choice":"Removed Curses","damage_taken":0,"max_hp_gain":0,"max_hp_loss":0,"event_name":"Fountain of Cleansing","floor":14,"gold_loss":0}],"is_beta":false,"boss_relics":[],"items_purged_floors":[],"is_endless":false,"potions_floor_spawned":[1,2,6,12],"killed_by":"The Guardian","ascension_level":0}