{"gold_per_floor":[116,116,128,53,53,53,53,78,155,155,189,216,241,88,88,184,184,198,214,214,214,239,264,264,293,366,400,425,456,95,105,105,200,200,218,168,268,268,280,308,335,363,386,719,744,769,800,469,469,469,469,469,110,142,142],"floor_reached":56,"playtime":1462,"items_purged":["Masterful Stab","Deadly Poison+1","Deflect","Shrug It Off","Inflame"],"score":2239,"play_id":"0b97a18b-333c-4cea-92df-33c7bee4f990","local_time":"20190827173312","daily_mods":["SealedDeck","Red Cards","Colorless Cards","Flight","DeadlyEvents","Elite Swarm","Lethality","Night Terrors","Terminal"],"is_ascension_mode":false,"campfire_choices":[{"data":"Deep Breath","floor":6.0,"key":"SMITH"},{"data":"Well Laid Plans","floor":7.0,"key":"SMITH"},{"data":"Panacea","floor":10.0,"key":"SMITH"},{"data":"Flash of Steel","floor":15.0,"key":"SMITH"},{"data":"Apotheosis","floor":24.0,"key":"SMITH"},{"floor":32.0,"key":"RECALL"},{"floor":49.0,"key":"DIG"},{"floor":52,"key":"DIG"}],"neow_cost":"","seed_source_timestamp":0,"circlet_count":0,"master_deck":["Panacea+1","Backflip+1","Deep Breath+1","Flash of Steel+1","Well Laid Plans+1","Escape Plan","Malaise+1","After Image","Grand Finale","Well Laid Plans+1","Apotheosis+1","Barricade"],"special_seed":0,"relics":["Ring of the Snake","PreservedInsect","Pear","Question Card","Pantograph","Boot","Unceasing Top","Bag of Preparation","Runic Dome","Matryoshka","Smiling Mask","The Courier","Regal Pillow","Paper Crane","Gambling Chip","Pen Nib","Oddly Smooth Stone","Orichalcum","Sundial","Coffee Dripper","Shovel","Omamori","Bottled Tornado","Shuriken","Dream Catcher","Old Coin","Bottled Flame","Dodecahedron","Ancient Tea Set","OrangePellets","Art of War","Blood Vial","Letter Opener","Centennial Puzzle","Ornamental Fan","War Paint"],"potions_floor_usage":[],"damage_taken":[{"damage":0.0,"enemies":"2 Louse","floor":1.0,"turns":1.0},{"damage":0.0,"enemies":"Cultist","floor":3.0,"turns":2.0},{"damage":0.0,"enemies":"Gremlin Nob","floor":8.0,"turns":3.0},{"damage":0.0,"enemies":"Lagavulin","floor":11.0,"turns":2.0},{"damage":0.0,"enemies":"Gremlin Nob","floor":12.0,"turns":1.0},{"damage":0.0,"enemies":"3 Sentries","floor":13.0,"turns":1.0},{"damage":0.0,"enemies":"The Guardian","floor":16.0,"turns":6.0},{"damage":0.0,"enemies":"Chosen","floor":18.0,"turns":1.0},{"damage":0.0,"enemies":"Spheric Guardian","floor":19.0,"turns":1.0},{"damage":0.0,"enemies":"Book of Stabbing","floor":22.0,"turns":1.0},{"damage":0.0,"enemies":"Slavers","floor":23.0,"turns":2.0},{"damage":0.0,"enemies":"Gremlin Leader","floor":25.0,"turns":2.0},{"damage":0.0,"enemies":"Slavers","floor":27.0,"turns":1.0},{"damage":0.0,"enemies":"Gremlin Leader","floor":28.0,"turns":2.0},{"damage":0.0,"enemies":"Book of Stabbing","floor":29.0,"turns":2.0},{"damage":0.0,"enemies":"Snecko","floor":31.0,"turns":2.0},{"damage":0.0,"enemies":"Champ","floor":33.0,"turns":1.0},{"damage":0.0,"enemies":"Orb Walker","floor":35.0,"turns":1.0},{"damage":0.0,"enemies":"Mind Bloom Boss Battle","floor":37.0,"turns":1.0},{"damage":0.0,"enemies":"3 Shapes","floor":39.0,"turns":1.0},{"damage":0.0,"enemies":"Nemesis","floor":40.0,"turns":1.0},{"damage":0.0,"enemies":"Reptomancer","floor":41.0,"turns":1.0},{"damage":0.0,"enemies":"Nemesis","floor":42.0,"turns":1.0},{"damage":0.0,"enemies":"Reptomancer","floor":44.0,"turns":1.0},{"damage":0.0,"enemies":"Giant Head","floor":45.0,"turns":1.0},{"damage":0.0,"enemies":"Reptomancer","floor":46.0,"turns":1.0},{"damage":0.0,"enemies":"Giant Head","floor":47.0,"turns":1.0},{"damage":0,"enemies":"Awakened One","floor":50,"turns":2},{"damage":0,"enemies":"Shield and Spear","floor":54,"turns":1},{"damage":0,"enemies":"The Heart","floor":55,"turns":3}],"seed_played":"-5647595741893389340","potions_obtained":[{"floor":3.0,"key":"Ancient Potion"},{"floor":8.0,"key":"SteroidPotion"},{"floor":16.0,"key":"FearPotion"},{"floor":19.0,"key":"GhostInAJar"},{"floor":23.0,"key":"GamblersBrew"},{"floor":31.0,"key":"GhostInAJar"}],"is_trial":true,"path_per_floor":["M","?","M","$","?","R","R","E","T","R","E","E","E","$","R","B",null,"M","M","?","?","E","E","R","E","T","E","E","E","$","M","R","B",null,"M","$","?","?","M","E","E","E","T","E","E","E","E","$","R","B",null,"R","$","E","B",null],"character_chosen":"THE_SILENT","items_purchased":["Bag of Preparation","Orichalcum","Sundial","OrangePellets","Art of War","Centennial Puzzle","Ornamental Fan"],"campfire_rested":0,"item_purchase_floors":[14,30,30,48,48,53,53],"current_hp_per_floor":[1,1,1,1,1,1,1,10,9,8,7,6,5,4,3,2,1,1,1,1,1,1,1,1,1,1,1,1,1,1,1,1,1,1,1,1,1,1,1,1,1,1,1,1,1,1,1,1,1,1,1,1,1,1,1],"gold":142,"neow_bonus":"","is_prod":false,"is_daily":false,"chose_seed":false,"campfire_upgraded":5,"win_rate":0,"timestamp":1566898392,"path_taken":["M","?","?","$","?","R","R","E","T","R","?","E","E","$","R","BOSS","M","M","?","?","?","E","R","E","T","E","E","E","$","M","R","BOSS","M","$","?","?","?","E","E","E","T","E","E","E","E","$","R","BOSS","R","$","E","BOSS"],"build_version":"2019-07-17","purchased_purges":5,"victory":true,"max_hp_per_floor":[1,1,1,1,1,1,1,10,9,8,7,6,5,4,3,2,1,1,1,1,1,1,1,1,1,1,1,1,1,1,1,1,1,1,1,1,1,1,1,1,1,1,1,1,1,1,1,1,1,1,1,1,1,1,1],"card_choices":[{"not_picked":["Backflip","Dodge and Roll"],"picked":"Well Laid Plans","floor":1.0},{"not_picked":["Havoc","Corruption"],"picked":"Escape Plan","floor":3.0},{"not_picked":["Violence","Magnetism","Phantasmal Killer"],"picked":"SKIP","floor":8.0},{"not_picked":["Offering","The Bomb","Transmutation","Tools of the Trade"],"picked":"SKIP","floor":11.0},{"not_picked":["Impervious","Panache","Immolate"],"picked":"Malaise","floor":12.0},{"not_picked":["Master of Strategy","Tools of the Trade","Sadistic Nature"],"picked":"After Image","floor":13.0},{"not_picked":["Night Terror","Phantasmal Killer","Transmutation"],"picked":"Grand Finale","floor":16.0},{"not_picked":["Pommel Strike+1","Choke","Dagger Spray","Clothesline"],"picked":"SKIP","floor":18.0},{"not_picked":["Cleave+1","Flex","Intimidate","Cloak And Dagger+1"],"picked":"SKIP","floor":19.0},{"not_picked":["Fiend Fire","Limit Break","Secret Technique"],"picked":"Apotheosis","floor":22.0},{"not_picked":["Secret Weapon","Grand Finale","Brutality","Double Tap"],"picked":"SKIP","floor":23.0},{"not_picked":["Secret Weapon","Grand Finale","Brutality","Double Tap"],"picked":"SKIP","floor":23.0},{"not_picked":["Doppelganger","Storm of Steel","Metamorphosis","Double Tap"],"picked":"SKIP","floor":25.0},{"not_picked":["Malaise","Exhume","Grand Finale","Wraith Form v2"],"picked":"SKIP","floor":27.0},{"not_picked":["Panache","Exhume","Apotheosis","Berserk"],"picked":"SKIP","floor":28.0},{"not_picked":["Wraith Form v2","Secret Weapon","Barricade","Reaper"],"picked":"SKIP","floor":29.0},{"not_picked":["All Out Attack","Flame Barrier+1","Distraction+1","Dagger Throw"],"picked":"SKIP","floor":31.0},{"not_picked":["Iron Wave+1","Dark Shackles+1","Good Instincts","Dagger Spray+1"],"picked":"SKIP","floor":35.0},{"not_picked":["Iron Wave+1","Dark Shackles+1","Good Instincts","Dagger Spray+1"],"picked":"SKIP","floor":35.0},{"not_picked":["Blade Dance+1","Cloak And Dagger","Havoc","Reckless Charge+1"],"picked":"SKIP","floor":39.0},{"not_picked":["Panache","Phantasmal Killer","Violence","Impervious"],"picked":"SKIP","floor":40.0},{"not_picked":["Berserk","Dark Embrace","Secret Technique"],"picked":"Barricade","floor":41.0},{"not_picked":["Corpse Explosion","Secret Technique","Feed","Apotheosis"],"picked":"SKIP","floor":42.0},{"not_picked":["Wraith Form v2","Fiend Fire","Malaise","Violence"],"picked":"SKIP","floor":44.0},{"not_picked":["Dark Embrace","HandOfGreed","Violence","A Thousand Cuts"],"picked":"SKIP","floor":45.0},{"not_picked":["Storm of Steel","Apotheosis","Mayhem","Wraith Form v2"],"picked":"SKIP","floor":46.0},{"not_picked":["Violence","Corpse Explosion","Bludgeon","Wraith Form v2"],"picked":"SKIP","floor":47.0},{"not_picked":["Burst","Unload","Master of Strategy","Envenom"],"picked":"SKIP","floor":54}],"player_experience":887357,"relics_obtained":[{"floor":8.0,"key":"Pear"},{"floor":9.0,"key":"Question Card"},{"floor":11.0,"key":"Pantograph"},{"floor":12.0,"key":"Boot"},{"floor":13.0,"key":"Unceasing Top"},{"floor":22.0,"key":"Matryoshka"},{"floor":23.0,"key":"Smiling Mask"},{"floor":25.0,"key":"The Courier"},{"floor":26.0,"key":"Regal Pillow"},{"floor":26.0,"key":"Paper Crane"},{"floor":27.0,"key":"Gambling Chip"},{"floor":28.0,"key":"Pen Nib"},{"floor":29.0,"key":"Oddly Smooth Stone"},{"floor":37.0,"key":"Shovel"},{"floor":40.0,"key":"Omamori"},{"floor":41.0,"key":"Bottled Tornado"},{"floor":42.0,"key":"Shuriken"},{"floor":43.0,"key":"Dream Catcher"},{"floor":44.0,"key":"Old Coin"},{"floor":45.0,"key":"Bottled Flame"},{"floor":46.0,"key":"Dodecahedron"},{"floor":47.0,"key":"Ancient Tea Set"},{"floor":49.0,"key":"Blood Vial"},{"floor":52,"key":"Letter Opener"},{"floor":54,"key":"War Paint"}],"event_choices":[{"cards_removed":["Deflect"],"damage_healed":0.0,"max_hp_gain":0.0,"max_hp_loss":0.0,"gold_gain":0.0,"event_name":"WeMeetAgain","player_choice":"Gave Card","floor":2.0,"gold_loss":0.0,"damage_taken":0.0,"relics_obtained":["PreservedInsect"]},{"damage_healed":0.0,"max_hp_gain":0.0,"max_hp_loss":0.0,"gold_gain":0.0,"event_name":"Living Wall","player_choice":"Grow","floor":5.0,"gold_loss":0.0,"damage_taken":0.0,"cards_upgraded":["Deadly Poison"]},{"damage_healed":0.0,"max_hp_gain":0.0,"max_hp_loss":0.0,"gold_gain":0.0,"event_name":"Cursed Tome","player_choice":"Ignored","floor":20.0,"gold_loss":0.0,"damage_taken":0.0},{"damage_healed":0.0,"max_hp_gain":0.0,"max_hp_loss":0.0,"gold_gain":0.0,"event_name":"Duplicator","player_choice":"Copied","floor":21.0,"gold_loss":0.0,"damage_taken":0.0,"cards_obtained":["Well Laid Plans"]},{"damage_healed":0.0,"max_hp_gain":0.0,"max_hp_loss":0.0,"gold_gain":0.0,"event_name":"MindBloom","player_choice":"Fight","floor":37.0,"gold_loss":0.0,"damage_taken":0.0},{"damage_healed":0.0,"max_hp_gain":0.0,"max_hp_loss":0.0,"gold_gain":0.0,"event_name":"SensoryStone","player_choice":"Memory 1","floor":38.0,"gold_loss":0.0,"damage_taken":0.0}],"is_beta":false,"boss_relics":[{"not_picked":["Ectoplasm","Runic Pyramid"],"picked":"Runic Dome"},{"not_picked":["Lizard Tail","Cursed Key"],"picked":"Coffee Dripper"}],"items_purged_floors":[4,30,36,48,53],"is_endless":false,"potions_floor_spawned":[3,8,16,19,23,29,31,37,39,42,45,46,47,54],"ascension_level":0}