{"gold_per_floor":[110,122,140,153,153,153,166,166,192,204,243,255,284,306,318,435,447,474,152,169,182,201,201,232,232,232,243,76,76,103,116,116,214,214,227,14,34,0,16,16,28,44,44,44,44,44,64,84,84,84,84,84,34,64,64],"floor_reached":56,"playtime":3818,"items_purged":["Defend_B","Strike_B","Defend_B","Defend_B"],"score":1145,"play_id":"6423d4b5-19ef-48e4-9efa-00a4dfd0400f","local_time":"20190906203004","is_ascension_mode":false,"campfire_choices":[{"data":"Sunder","floor":6,"key":"SMITH"},{"data":"Turbo","floor":8,"key":"SMITH"},{"data":"Zap","floor":12,"key":"SMITH"},{"data":"Defragment","floor":15,"key":"SMITH"},{"data":"Coolheaded","floor":23,"key":"SMITH"},{"floor":25,"key":"RECALL"},{"data":"Coolheaded","floor":29,"key":"SMITH"},{"data":"Blizzard","floor":32,"key":"SMITH"},{"data":"Defragment","floor":40,"key":"SMITH"},{"data":"Strike_B","floor":44,"key":"PURGE"},{"data":"Strike_B","floor":49,"key":"PURGE"},{"data":"Injury","floor":52,"key":"PURGE"}],"neow_cost":"NONE","seed_source_timestamp":205765045463505,"circlet_count":0,"master_deck":["Strike_B","Defend_B","Zap+1","Dualcast+1","Cold Snap","Conserve Battery","Sunder+1","Turbo+1","Rebound","BootSequence","Purity","Glacier","Defragment+1","Rainbow+1","Hologram","Panache","Skim+1","Coolheaded+1","Fission","Coolheaded+1","Blizzard+1","Cold Snap","Sunder","Echo Form","Defragment+1","Self Repair+1","Coolheaded+1","Loop+1","Reprogram+1","Deep Breath+1","Seek+1","Hologram+1","Glacier+1"],"relics":["Velvet Choker","Smiling Mask","MawBank","PreservedInsect","Eternal Feather","Membership Card","Regal Pillow","Peace Pipe","Bag of Preparation","Toxic Egg 2","Cursed Key","Mercury Hourglass","Red Mask","War Paint"],"potions_floor_usage":[11,31,48,50],"damage_taken":[{"damage":1,"enemies":"2 Louse","floor":1,"turns":2},{"damage":0,"enemies":"Cultist","floor":2,"turns":4},{"damage":0,"enemies":"Small Slimes","floor":3,"turns":3},{"damage":0,"enemies":"3 Louse","floor":4,"turns":4},{"damage":5,"enemies":"Looter","floor":7,"turns":3},{"damage":31,"enemies":"Lagavulin","floor":11,"turns":5},{"damage":0,"enemies":"Large Slime","floor":13,"turns":4},{"damage":0,"enemies":"Blue Slaver","floor":14,"turns":2},{"damage":6,"enemies":"Slime Boss","floor":16,"turns":11},{"damage":2,"enemies":"Shell Parasite","floor":18,"turns":5},{"damage":11,"enemies":"3 Byrds","floor":20,"turns":4},{"damage":0,"enemies":"Snecko","floor":21,"turns":6},{"damage":9,"enemies":"Shelled Parasite and Fungi","floor":22,"turns":6},{"damage":9,"enemies":"Slavers","floor":24,"turns":5},{"damage":9,"enemies":"Snake Plant","floor":27,"turns":4},{"damage":4,"enemies":"Gremlin Leader","floor":30,"turns":8},{"damage":6,"enemies":"Cultist and Chosen","floor":31,"turns":6},{"damage":10,"enemies":"Champ","floor":33,"turns":14},{"damage":0,"enemies":"3 Shapes","floor":35,"turns":5},{"damage":19,"enemies":"3 Darklings","floor":37,"turns":5},{"damage":15,"enemies":"Jaw Worm Horde","floor":39,"turns":5},{"damage":0,"enemies":"4 Shapes","floor":41,"turns":5},{"damage":0,"enemies":"Writhing Mass","floor":42,"turns":7},{"damage":0,"enemies":"Spire Growth","floor":47,"turns":6},{"damage":32,"enemies":"3 Darklings","floor":48,"turns":5},{"damage":33,"enemies":"Awakened One","floor":50,"turns":18},{"damage":22,"enemies":"Shield and Spear","floor":54,"turns":9},{"damage":71,"enemies":"The Heart","floor":55,"turns":15}],"seed_played":"8157908083691777562","potions_obtained":[{"floor":2,"key":"Explosive Potion"},{"floor":3,"key":"AttackPotion"},{"floor":13,"key":"Poison Potion"},{"floor":14,"key":"SteroidPotion"},{"floor":21,"key":"Ancient Potion"},{"floor":22,"key":"Energy Potion"},{"floor":24,"key":"Swift Potion"},{"floor":33,"key":"Explosive Potion"},{"floor":39,"key":"Swift Potion"},{"floor":54,"key":"Ancient Potion"}],"is_trial":false,"path_per_floor":["M","M","M","M","?","R","M","R","T","?","E","R","M","M","R","B",null,"M","$","M","M","M","R","E","R","T","M","$","R","E","M","R","B",null,"M","$","M","?","M","R","M","M","T","R","?","?","M","M","R","B",null,"R","$","E","B",null],"character_chosen":"DEFECT","items_purchased":["Membership Card","Panache","Blizzard","Bag of Preparation","Defragment","Mercury Hourglass"],"campfire_rested":0,"item_purchase_floors":[19,19,28,28,36,36],"current_hp_per_floor":[74,74,74,74,67,67,62,62,62,62,31,31,31,31,31,25,75,73,73,62,62,53,65,56,68,68,59,59,74,70,64,75,65,75,75,75,56,56,51,69,75,75,75,75,75,75,75,43,64,31,75,75,75,73,12],"gold":64,"neow_bonus":"BOSS_RELIC","is_prod":false,"is_daily":false,"chose_seed":false,"campfire_upgraded":8,"win_rate":0,"timestamp":1567798204,"path_taken":["M","M","M","M","?","R","M","R","T","?","E","R","?","M","R","BOSS","M","$","M","M","M","R","E","R","T","M","$","R","E","M","R","BOSS","M","$","M","?","M","R","M","M","T","R","?","?","M","M","R","BOSS","R","$","E","BOSS"],"build_version":"2019-07-17","purchased_purges":4,"victory":true,"max_hp_per_floor":[75,75,75,75,75,75,75,75,75,75,75,75,75,75,75,75,75,75,75,75,75,75,75,75,75,75,75,75,75,75,75,75,75,75,75,75,75,75,75,75,75,75,75,75,75,75,75,75,75,75,75,75,75,75,75],"card_choices":[{"not_picked":["Gash","Chill"],"picked":"Cold Snap","floor":1},{"not_picked":["Consume","Go for the Eyes"],"picked":"Conserve Battery","floor":2},{"not_picked":["Storm","Steam"],"picked":"Sunder","floor":3},{"not_picked":["Streamline","Self Repair"],"picked":"Turbo","floor":4},{"not_picked":["BootSequence","Steam"],"picked":"Rebound","floor":7},{"not_picked":["Genetic Algorithm","Barrage"],"picked":"Glacier","floor":11},{"not_picked":["Auto Shields","Fusion","Gash"],"picked":"SKIP","floor":13},{"not_picked":["Streamline","Reprogram"],"picked":"Defragment","floor":14},{"not_picked":["Seek","Multi-Cast"],"picked":"Rainbow","floor":16},{"not_picked":["Barrage","Genetic Algorithm"],"picked":"Hologram","floor":18},{"not_picked":["Reprogram","Blizzard+1"],"picked":"Skim+1","floor":20},{"not_picked":["Barrage","Lockon","Force Field"],"picked":"SKIP","floor":21},{"not_picked":["Steam","Compile Driver"],"picked":"Coolheaded","floor":22},{"not_picked":["Chaos","Leap"],"picked":"Fission","floor":24},{"not_picked":["Streamline","Genetic Algorithm"],"picked":"Coolheaded","floor":27},{"not_picked":["Sweeping Beam+1","Lockon"],"picked":"Cold Snap","floor":30},{"not_picked":["Turbo+1","Lockon"],"picked":"Sunder","floor":31},{"not_picked":["Fission+1","Seek+1"],"picked":"Echo Form","floor":33},{"not_picked":["Gash+1","Ball Lightning","Rebound"],"picked":"SKIP","floor":35},{"not_picked":["Hologram+1","Darkness+1"],"picked":"Self Repair+1","floor":37},{"not_picked":["Steam+1","Go for the Eyes+1"],"picked":"Coolheaded+1","floor":39},{"not_picked":["FTL+1","Redo+1"],"picked":"Loop+1","floor":41},{"not_picked":["Redo+1","Compile Driver+1"],"picked":"Reprogram+1","floor":42},{"not_picked":["Dramatic Entrance","Impatience+1"],"picked":"Deep Breath+1","floor":45},{"not_picked":["Rebound","Conserve Battery+1"],"picked":"Seek+1","floor":47},{"not_picked":["Conserve Battery+1","Beam Cell+1"],"picked":"Hologram+1","floor":48},{"not_picked":["Streamline","Rip and Tear+1"],"picked":"Glacier+1","floor":54}],"player_experience":73193,"relics_obtained":[{"floor":9,"key":"MawBank"},{"floor":11,"key":"PreservedInsect"},{"floor":24,"key":"Regal Pillow"},{"floor":26,"key":"Peace Pipe"},{"floor":30,"key":"Toxic Egg 2"},{"floor":54,"key":"War Paint"}],"event_choices":[{"damage_healed":0,"gold_gain":0,"player_choice":"Success","damage_taken":7,"relics_obtained":["Smiling Mask"],"max_hp_gain":0,"max_hp_loss":0,"event_name":"Scrap Ooze","floor":5,"gold_loss":0},{"damage_healed":0,"gold_gain":0,"player_choice":"2 cards matched","damage_taken":0,"max_hp_gain":0,"max_hp_loss":0,"event_name":"Match and Keep!","floor":10,"gold_loss":0,"cards_obtained":["BootSequence","Purity"]},{"damage_healed":0,"gold_gain":0,"player_choice":"Paid","damage_taken":0,"relics_obtained":["Red Mask"],"max_hp_gain":0,"max_hp_loss":0,"event_name":"Tomb of Lord Red Mask","floor":38,"gold_loss":34},{"damage_healed":0,"gold_gain":0,"player_choice":"Memory 1","damage_taken":0,"max_hp_gain":0,"max_hp_loss":0,"event_name":"SensoryStone","floor":45,"gold_loss":0},{"damage_healed":0,"gold_gain":0,"player_choice":"Got Potions","damage_taken":0,"max_hp_gain":0,"max_hp_loss":0,"event_name":"Lab","floor":46,"gold_loss":0}],"is_beta":false,"boss_relics":[{"not_picked":["Nuclear Battery","Philosopher\u0027s Stone"],"picked":"Eternal Feather"},{"not_picked":["Orrery","Runic Dome"],"picked":"Cursed Key"}],"items_purged_floors":[19,28,36,53],"is_endless":false,"potions_floor_spawned":[2,3,13,14,21,22,24,33,35,39,54],"ascension_level":0}