{"gold_per_floor":[115,125,125,147,159,171,223,235,328,340,7,28,41,216,216,216],"floor_reached":16,"playtime":2482,"items_purged":[],"score":100,"play_id":"45c87f19-f25f-4af9-b6a4-388070a269c4","local_time":"20190902195104","is_ascension_mode":false,"campfire_choices":[{"data":"Skewer","floor":6,"key":"SMITH"},{"data":"Envenom","floor":8,"key":"SMITH"},{"data":"Poisoned Stab","floor":10,"key":"SMITH"},{"floor":15,"key":"REST"}],"neow_cost":"NONE","seed_source_timestamp":86733433293000,"circlet_count":0,"master_deck":["Strike_G","Strike_G","Strike_G","Strike_G","Strike_G","Defend_G","Defend_G","Defend_G","Defend_G","Defend_G","Survivor","Neutralize","Impatience","Skewer+1","Poisoned Stab+1","Regret","Backflip","Injury","Envenom+1","The Bomb","Acrobatics","Escape Plan","Doubt"],"relics":["Ring of the Snake","MawBank","Golden Idol","Sundial","Bottled Tornado","Blood Vial"],"potions_floor_usage":[13],"damage_taken":[{"damage":6,"enemies":"Cultist","floor":1,"turns":4},{"damage":2,"enemies":"2 Louse","floor":2,"turns":5},{"damage":1,"enemies":"Jaw Worm","floor":4,"turns":4},{"damage":21,"enemies":"3 Sentries","floor":7,"turns":12},{"damage":8,"enemies":"Large Slime","floor":12,"turns":6},{"damage":19,"enemies":"Exordium Wildlife","floor":13,"turns":5},{"damage":41,"enemies":"Hexaghost","floor":16,"turns":9}],"seed_played":"4653854975713204446","potions_obtained":[{"floor":4,"key":"SpeedPotion"},{"floor":7,"key":"Weak Potion"},{"floor":13,"key":"Energy Potion"}],"is_trial":false,"path_per_floor":["M","M","?","M","?","R","E","R","T","R","$","M","M","?","R","B"],"character_chosen":"THE_SILENT","items_purchased":["The Bomb","Blood Vial"],"campfire_rested":1,"item_purchase_floors":[11,11],"current_hp_per_floor":[64,62,62,61,61,61,40,40,40,40,40,34,17,17,38,0],"gold":216,"neow_bonus":"RANDOM_COLORLESS","is_prod":false,"is_daily":false,"chose_seed":false,"campfire_upgraded":3,"win_rate":0.0,"timestamp":1567471864,"path_taken":["M","?","?","M","?","R","E","R","T","R","$","M","M","?","R","BOSS"],"build_version":"2019-07-17","purchased_purges":0,"victory":false,"max_hp_per_floor":[70,70,70,70,70,70,70,70,70,70,70,70,70,70,70,70],"card_choices":[{"not_picked":["Prepared","Masterful Stab"],"picked":"Skewer","floor":1},{"not_picked":["Distraction","Acrobatics"],"picked":"Poisoned Stab","floor":2},{"not_picked":["Bullet Time","Quick Slash"],"picked":"Backflip","floor":4},{"not_picked":["Endless Agony","PiercingWail"],"picked":"Envenom","floor":7},{"not_picked":["Dagger Throw","Prepared"],"picked":"Acrobatics","floor":12},{"not_picked":["Caltrops","Flying Knee"],"picked":"Escape Plan","floor":13}],"player_experience":102940,"relics_obtained":[{"floor":7,"key":"Sundial"},{"floor":9,"key":"Bottled Tornado"}],"event_choices":[{"damage_healed":0,"gold_gain":0,"player_choice":"Box","damage_taken":0,"relics_obtained":["MawBank"],"max_hp_gain":0,"max_hp_loss":0,"event_name":"Big Fish","floor":3,"gold_loss":0,"cards_obtained":["Regret"]},{"damage_healed":0,"gold_gain":0,"player_choice":"Take Wound","damage_taken":0,"relics_obtained":["Golden Idol"],"max_hp_gain":0,"max_hp_loss":0,"event_name":"Golden Idol","floor":5,"gold_loss":0,"cards_obtained":["Injury"]},{"damage_healed":0,"gold_gain":175,"player_choice":"AGREE","damage_taken":0,"max_hp_gain":0,"max_hp_loss":0,"event_name":"Liars Game","floor":14,"gold_loss":0,"cards_obtained":["Doubt"]}],"is_beta":false,"boss_relics":[],"items_purged_floors":[],"is_endless":false,"potions_floor_spawned":[4,7,13],"killed_by":"Hexaghost","ascension_level":0}