{"gold_per_floor":[215,229,229,8,21,21,21,48,48,48,76,96,96,106,106,205,205,219,494,17,35,50,50,75,75,129,129,158,174,203,217,217,320,320,336,25,38,58,21,53,53,87,87,119,119,219,0,15,15,15],"floor_reached":51,"playtime":3256,"items_purged":["Regret"],"score":1139,"play_id":"045edf54-d24d-457a-b5c7-fba5cc14b721","local_time":"20190911203639","is_ascension_mode":true,"campfire_choices":[{"data":"Noxious Fumes","floor":6,"key":"SMITH"},{"data":"Noxious Fumes","floor":10,"key":"SMITH"},{"floor":13,"key":"REST"},{"data":"Dagger Spray","floor":15,"key":"SMITH"},{"data":"Apotheosis","floor":23,"key":"SMITH"},{"floor":25,"key":"REST"},{"data":"Footwork","floor":27,"key":"SMITH"},{"floor":32,"key":"REST"},{"floor":41,"key":"REST"},{"data":"Footwork","floor":45,"key":"SMITH"},{"floor":49,"key":"REST"}],"neow_cost":"NONE","seed_source_timestamp":10602278148100,"circlet_count":0,"master_deck":["Strike_G","Strike_G","Strike_G","Strike_G","Defend_G","Defend_G","Defend_G","Defend_G","Defend_G","Survivor","Neutralize","Bouncing Flask","Noxious Fumes+1","Noxious Fumes+1","Backflip","Dagger Spray+1","Dagger Throw","Deadly Poison","Bullet Time","Deflect","Footwork+1","Apotheosis+1","Dodge and Roll","Footwork+1","Backflip","Dash+1","Backstab","Corpse Explosion","PiercingWail","Escape Plan","Dodge and Roll+1","Bane","Leg Sweep+1","Crippling Poison+1"],"relics":["Ring of the Snake","Oddly Smooth Stone","Potion Belt","Darkstone Periapt","The Courier","Odd Mushroom","Velvet Choker","Meat on the Bone","Vajra","Ancient Tea Set","Bronze Scales","Boot","Sozu","Gambling Chip","Lantern","Pen Nib","Bottled Flame","Shuriken","Ice Cream","Red Mask"],"potions_floor_usage":[12,16,24,33,40],"damage_taken":[{"damage":7,"enemies":"Small Slimes","floor":1,"turns":6},{"damage":2,"enemies":"2 Louse","floor":2,"turns":3},{"damage":0,"enemies":"Jaw Worm","floor":5,"turns":5},{"damage":3,"enemies":"Lagavulin","floor":8,"turns":7},{"damage":13,"enemies":"Gremlin Nob","floor":11,"turns":5},{"damage":4,"enemies":"The Mushroom Lair","floor":12,"turns":3},{"damage":6,"enemies":"Lots of Slimes","floor":14,"turns":2},{"damage":29,"enemies":"Slime Boss","floor":16,"turns":9},{"damage":0,"enemies":"Chosen","floor":18,"turns":5},{"damage":0,"enemies":"3 Byrds","floor":21,"turns":4},{"damage":5,"enemies":"Sentry and Sphere","floor":22,"turns":5},{"damage":14,"enemies":"Slavers","floor":24,"turns":6},{"damage":11,"enemies":"Book of Stabbing","floor":28,"turns":8},{"damage":7,"enemies":"Snake Plant","floor":29,"turns":4},{"damage":40,"enemies":"Slavers","floor":30,"turns":5},{"damage":0,"enemies":"Shelled Parasite and Fungi","floor":31,"turns":6},{"damage":31,"enemies":"Automaton","floor":33,"turns":9},{"damage":9,"enemies":"3 Darklings","floor":35,"turns":4},{"damage":1,"enemies":"3 Shapes","floor":37,"turns":4},{"damage":1,"enemies":"Sphere and 2 Shapes","floor":38,"turns":5},{"damage":18,"enemies":"Reptomancer","floor":40,"turns":6},{"damage":3,"enemies":"Giant Head","floor":42,"turns":9},{"damage":14,"enemies":"Nemesis","floor":44,"turns":7},{"damage":0,"enemies":"Mind Bloom Boss Battle","floor":46,"turns":7},{"damage":6,"enemies":"4 Shapes","floor":48,"turns":5},{"damage":9,"enemies":"Awakened One","floor":50,"turns":15}],"seed_played":"-407811813264189917","potions_obtained":[{"floor":1,"key":"SkillPotion"},{"floor":5,"key":"SteroidPotion"},{"floor":14,"key":"SkillPotion"},{"floor":22,"key":"Swift Potion"},{"floor":29,"key":"PowerPotion"},{"floor":31,"key":"SteroidPotion"}],"is_trial":false,"path_per_floor":["M","M","?","$","M","R","$","E","T","R","E","?","R","M","R","B",null,"M","?","$","M","M","R","E","R","T","R","E","M","E","M","R","B",null,"M","$","M","M","$","E","R","E","T","E","R","?","?","M","R","B",null],"character_chosen":"THE_SILENT","items_purchased":["Oddly Smooth Stone","Noxious Fumes","Footwork","Apotheosis","Meat on the Bone","Dodge and Roll","Gambling Chip","Escape Plan","Bane"],"campfire_rested":5,"item_purchase_floors":[4,4,20,20,20,20,36,36,39],"current_hp_per_floor":[56,54,47,47,47,47,47,44,44,44,31,27,48,42,42,13,56,56,62,62,62,57,57,43,65,65,65,54,47,19,31,53,34,66,57,57,56,55,55,49,71,68,68,54,54,54,54,48,70,61],"gold":15,"neow_bonus":"HUNDRED_GOLD","is_prod":false,"is_daily":false,"chose_seed":false,"campfire_upgraded":6,"win_rate":0,"timestamp":1568259399,"path_taken":["M","M","?","$","M","R","$","E","T","R","E","?","R","M","R","BOSS","M","?","$","M","M","R","E","R","T","R","E","?","E","M","R","BOSS","M","$","M","M","$","E","R","E","T","E","R","?","?","M","R","BOSS"],"build_version":"2019-07-17","purchased_purges":1,"victory":true,"max_hp_per_floor":[70,70,70,70,70,70,70,70,70,70,70,70,70,70,70,70,70,70,76,76,76,76,76,76,76,76,76,76,76,76,76,76,76,76,76,76,76,76,76,76,76,76,76,76,76,76,76,76,76,76],"card_choices":[{"not_picked":["Expertise","PiercingWail"],"picked":"Bouncing Flask","floor":1},{"not_picked":["Quick Slash","Escape Plan"],"picked":"Noxious Fumes","floor":2},{"not_picked":["Underhanded Strike","Dagger Throw"],"picked":"Backflip","floor":5},{"not_picked":["Acrobatics","Bouncing Flask"],"picked":"Dagger Spray","floor":8},{"not_picked":["Bouncing Flask","Outmaneuver"],"picked":"Dagger Throw","floor":11},{"not_picked":["Noxious Fumes","Caltrops"],"picked":"Deadly Poison","floor":12},{"not_picked":["Caltrops","Slice","Setup"],"picked":"SKIP","floor":14},{"not_picked":["Wraith Form v2","Malaise"],"picked":"Bullet Time","floor":16},{"not_picked":["Reflex","Heel Hook"],"picked":"Deflect","floor":18},{"not_picked":["Acrobatics","Accuracy","Finisher+1"],"picked":"SKIP","floor":21},{"not_picked":["Sucker Punch","Deflect","Flying Knee"],"picked":"SKIP","floor":22},{"not_picked":["Dash","Backflip"],"picked":"Footwork","floor":24},{"not_picked":["Calculated Gamble","Glass Knife"],"picked":"Backflip","floor":28},{"not_picked":["Flechettes","Sucker Punch","Finisher+1"],"picked":"SKIP","floor":29},{"not_picked":["Dodge and Roll+1","Venomology"],"picked":"Dash+1","floor":30},{"not_picked":["Backflip+1","Bouncing Flask+1"],"picked":"Backstab","floor":31},{"not_picked":["Storm of Steel","Die Die Die"],"picked":"Corpse Explosion","floor":33},{"not_picked":["Blade Dance+1","Poisoned Stab"],"picked":"PiercingWail","floor":35},{"not_picked":["Caltrops","PiercingWail","Flechettes"],"picked":"SKIP","floor":37},{"not_picked":["Escape Plan+1","Accuracy"],"picked":"Dodge and Roll+1","floor":38},{"not_picked":["PiercingWail+1","Predator"],"picked":"Leg Sweep+1","floor":40},{"not_picked":["A Thousand Cuts","Choke+1","Dagger Throw"],"picked":"SKIP","floor":42},{"not_picked":["Dagger Throw","Escape Plan","Choke"],"picked":"SKIP","floor":44},{"not_picked":["Setup","Quick Slash"],"picked":"Crippling Poison+1","floor":46},{"not_picked":["Poisoned Stab","Predator+1","Slice"],"picked":"SKIP","floor":48}],"player_experience":314295,"relics_obtained":[{"floor":8,"key":"Potion Belt"},{"floor":9,"key":"Darkstone Periapt"},{"floor":11,"key":"The Courier"},{"floor":12,"key":"Odd Mushroom"},{"floor":24,"key":"Vajra"},{"floor":26,"key":"Ancient Tea Set"},{"floor":28,"key":"Bronze Scales"},{"floor":30,"key":"Boot"},{"floor":40,"key":"Lantern"},{"floor":42,"key":"Pen Nib"},{"floor":43,"key":"Bottled Flame"},{"floor":44,"key":"Shuriken"},{"floor":46,"key":"Ice Cream"}],"event_choices":[{"cards_removed":["Strike_G"],"damage_healed":0,"gold_gain":0,"player_choice":"Card Removal","damage_taken":7,"max_hp_gain":0,"max_hp_loss":0,"event_name":"Golden Wing","floor":3,"gold_loss":0},{"damage_healed":0,"gold_gain":0,"player_choice":"Fought Mushrooms","damage_taken":0,"max_hp_gain":0,"max_hp_loss":0,"event_name":"Mushrooms","floor":12,"gold_loss":0},{"damage_healed":0,"gold_gain":275,"player_choice":"Desecrate","damage_taken":0,"max_hp_gain":0,"max_hp_loss":0,"event_name":"Golden Shrine","floor":19,"gold_loss":0,"cards_obtained":["Regret"]},{"damage_healed":0,"gold_gain":0,"player_choice":"Fight","damage_taken":0,"max_hp_gain":0,"max_hp_loss":0,"event_name":"MindBloom","floor":46,"gold_loss":0},{"damage_healed":0,"gold_gain":0,"player_choice":"Paid","damage_taken":0,"relics_obtained":["Red Mask"],"max_hp_gain":0,"max_hp_loss":0,"event_name":"Tomb of Lord Red Mask","floor":47,"gold_loss":219}],"is_beta":false,"boss_relics":[{"not_picked":["Astrolabe","Coffee Dripper"],"picked":"Velvet Choker"},{"not_picked":["HoveringKite","WristBlade"],"picked":"Sozu"}],"items_purged_floors":[20],"is_endless":false,"potions_floor_spawned":[1,5,14,22,29,31,35,38,44,46],"ascension_level":9}