{"gold_per_floor":[111,111,127,52,24,24,49,49,49,49,65,82,7,7,7,82,82,95,145,145,160,177,177,207,224,251,281,141,141,141,173,173,249,249,268,314,414,414,139,169,169,195,231,255,279,321,353,382,394,406,418,430,442,102,137,137],"floor_reached":57,"playtime":2409,"items_purged":["Strike_G","Predator","Deadly Poison+1"],"score":3622,"play_id":"2e2fda8a-05c1-4605-b44a-dff9fafb6c1d","local_time":"20190822122428","is_ascension_mode":true,"campfire_choices":[{"data":"Neutralize","floor":6.0,"key":"SMITH"},{"data":"Acrobatics","floor":8.0,"key":"SMITH"},{"data":"Tactician","floor":10.0,"key":"SMITH"},{"floor":15.0,"key":"REST"},{"floor":23.0,"key":"RECALL"},{"data":"Eviscerate","floor":30.0,"key":"SMITH"},{"data":"Backflip","floor":32.0,"key":"SMITH"},{"data":"Terror","floor":41.0,"key":"SMITH"},{"data":"After Image","floor":49.0,"key":"SMITH"},{"floor":53,"key":"REST"}],"neow_cost":"NONE","seed_source_timestamp":613623496963000,"circlet_count":0,"master_deck":["AscendersBane","Survivor+1","Neutralize+1","Tactician+1","Terror+1","Backflip+1","Acrobatics+1","After Image+1","Eviscerate+1"],"special_seed":0,"relics":["Sozu","Odd Mushroom","Paper Crane","Bag of Preparation","Pandora\u0027s Box","Mercury Hourglass","War Paint","Juzu Bracelet","Black Star","Torii","Gambling Chip","Bottled Lightning","Orichalcum","Bottled Flame","MawBank","Anchor","Vajra","Ancient Tea Set","Dream Catcher","ClockworkSouvenir","Centennial Puzzle","Letter Opener"],"potions_floor_usage":[],"damage_taken":[{"damage":0.0,"enemies":"2 Louse","floor":1.0,"turns":2.0},{"damage":10.0,"enemies":"Jaw Worm","floor":3.0,"turns":7.0},{"damage":31.0,"enemies":"The Mushroom Lair","floor":7.0,"turns":8.0},{"damage":0.0,"enemies":"Cultist","floor":11.0,"turns":3.0},{"damage":2.0,"enemies":"Large Slime","floor":12.0,"turns":7.0},{"damage":16.0,"enemies":"Slime Boss","floor":16.0,"turns":9.0},{"damage":0.0,"enemies":"Shell Parasite","floor":18.0,"turns":3.0},{"damage":0.0,"enemies":"Chosen","floor":21.0,"turns":2.0},{"damage":0.0,"enemies":"Snecko","floor":22.0,"turns":2.0},{"damage":0.0,"enemies":"Slavers","floor":24.0,"turns":2.0},{"damage":0.0,"enemies":"3 Cultists","floor":25.0,"turns":2.0},{"damage":0.0,"enemies":"Book of Stabbing","floor":27.0,"turns":3.0},{"damage":0.0,"enemies":"Gremlin Leader","floor":31.0,"turns":1.0},{"damage":0.0,"enemies":"Champ","floor":33.0,"turns":1.0},{"damage":0.0,"enemies":"3 Darklings","floor":35.0,"turns":1.0},{"damage":0.0,"enemies":"2 Orb Walkers","floor":36.0,"turns":1.0},{"damage":0.0,"enemies":"Mind Bloom Boss Battle","floor":37.0,"turns":1.0},{"damage":0.0,"enemies":"Giant Head","floor":40.0,"turns":1.0},{"damage":0.0,"enemies":"Reptomancer","floor":42.0,"turns":1.0},{"damage":0.0,"enemies":"3 Shapes","floor":44.0,"turns":1.0},{"damage":0.0,"enemies":"Jaw Worm Horde","floor":45.0,"turns":1.0},{"damage":0.0,"enemies":"Giant Head","floor":46.0,"turns":1.0},{"damage":1.0,"enemies":"Transient","floor":47.0,"turns":6.0},{"damage":0.0,"enemies":"Writhing Mass","floor":48.0,"turns":1.0},{"damage":0.0,"enemies":"Donu and Deca","floor":50.0,"turns":3.0},{"damage":0,"enemies":"Time Eater","floor":51,"turns":9},{"damage":0,"enemies":"Shield and Spear","floor":55,"turns":1},{"damage":24,"enemies":"The Heart","floor":56,"turns":7}],"seed_played":"-1487880064614302228","potions_obtained":[],"is_trial":false,"path_per_floor":["M","?","M","?","$","R","?","R","T","R","M","M","$","?","R","B",null,"M","?","?","M","M","R","E","M","T","E","$","?","R","E","R","B",null,"M","?","?","?","$","E","R","E","T","M","M","E","M","M","R","B","B",null,"R","$","E","B",null],"character_chosen":"THE_SILENT","items_purchased":["Backflip","Eviscerate","Bottled Lightning","ClockworkSouvenir"],"campfire_rested":2,"item_purchase_floors":[5,28,39,54],"current_hp_per_floor":[59,52,42,42,42,42,11,11,11,11,11,9,9,9,28,12,53,53,53,35,35,35,35,35,35,35,35,35,35,35,35,35,35,62,62,62,62,62,62,62,62,62,62,62,62,62,61,61,61,61,61,69,71,71,71,47],"gold":137,"neow_bonus":"BOSS_RELIC","is_prod":false,"is_daily":false,"chose_seed":false,"campfire_upgraded":7,"win_rate":0,"timestamp":1566447868,"path_taken":["M","?","M","?","$","R","?","R","T","R","?","M","?","?","R","BOSS","M","?","?","M","?","R","E","M","T","E","$","?","R","E","R","BOSS","M","?","?","?","$","E","R","E","T","M","M","E","M","M","R","BOSS","BOSS","R","$","E","BOSS"],"build_version":"2019-07-17","purchased_purges":3,"victory":true,"max_hp_per_floor":[66,66,66,66,66,66,66,66,66,66,66,66,66,66,66,66,66,66,66,71,71,71,71,71,71,71,71,71,71,71,71,71,71,71,71,71,71,71,71,71,71,71,71,71,71,71,71,71,71,71,71,71,71,71,71,71],"card_choices":[{"not_picked":["Accuracy","Backflip"],"picked":"Tactician","floor":1.0},{"not_picked":["PiercingWail","Setup"],"picked":"Terror","floor":3.0},{"not_picked":["Underhanded Strike","Flying Knee"],"picked":"Acrobatics","floor":7.0},{"not_picked":["Accuracy","Cloak And Dagger"],"picked":"Deadly Poison","floor":11.0},{"not_picked":["Dagger Throw","Expertise"],"picked":"Predator","floor":12.0},{"not_picked":["Bullet Time","Doppelganger"],"picked":"After Image","floor":16.0},{"not_picked":["Backflip+1","Setup","Outmaneuver"],"picked":"SKIP","floor":18.0},{"not_picked":["Flying Knee","Poisoned Stab","Dash+1"],"picked":"SKIP","floor":21.0},{"not_picked":["Outmaneuver","Prepared+1","Deadly Poison"],"picked":"SKIP","floor":22.0},{"not_picked":["Dagger Spray","Sucker Punch+1","Poisoned Stab"],"picked":"SKIP","floor":24.0},{"not_picked":["Deadly Poison","Setup","Expertise"],"picked":"SKIP","floor":25.0},{"not_picked":["Burst","Backflip","Predator"],"picked":"SKIP","floor":27.0},{"not_picked":["Deadly Poison","Deflect","Skewer"],"picked":"SKIP","floor":31.0},{"not_picked":["Finisher","Flying Knee","Prepared+1"],"picked":"SKIP","floor":35.0},{"not_picked":["Crippling Poison","Bouncing Flask","Flechettes"],"picked":"SKIP","floor":40.0},{"not_picked":["Outmaneuver","Finisher","Caltrops"],"picked":"SKIP","floor":42.0},{"not_picked":["Riddle With Holes","Accuracy","Tactician"],"picked":"SKIP","floor":44.0},{"not_picked":["Accuracy+1","Bane","Underhanded Strike"],"picked":"SKIP","floor":45.0},{"not_picked":["Calculated Gamble","Acrobatics","Tactician"],"picked":"SKIP","floor":46.0},{"not_picked":["Calculated Gamble","Acrobatics","Tactician"],"picked":"SKIP","floor":46.0},{"not_picked":["Dagger Throw","Outmaneuver+1","Underhanded Strike"],"picked":"SKIP","floor":47.0},{"not_picked":["Outmaneuver","Dagger Throw","Deadly Poison"],"picked":"SKIP","floor":48.0},{"not_picked":["Night Terror","PiercingWail+1","Deflect"],"picked":"SKIP","floor":55}],"player_experience":865453,"relics_obtained":[{"floor":7.0,"key":"Odd Mushroom"},{"floor":9.0,"key":"Paper Crane"},{"floor":24.0,"key":"Mercury Hourglass"},{"floor":27.0,"key":"War Paint"},{"floor":31.0,"key":"Juzu Bracelet"},{"floor":36.0,"key":"Torii"},{"floor":37.0,"key":"Gambling Chip"},{"floor":40.0,"key":"Orichalcum"},{"floor":40.0,"key":"Bottled Flame"},{"floor":42.0,"key":"MawBank"},{"floor":42.0,"key":"Anchor"},{"floor":43.0,"key":"Vajra"},{"floor":46.0,"key":"Ancient Tea Set"},{"floor":46.0,"key":"Dream Catcher"},{"floor":55,"key":"Centennial Puzzle"},{"floor":55,"key":"Letter Opener"}],"event_choices":[{"cards_removed":["Strike_G"],"damage_healed":0.0,"max_hp_gain":0.0,"max_hp_loss":0.0,"gold_gain":0.0,"event_name":"Golden Wing","player_choice":"Card Removal","floor":2.0,"gold_loss":0.0,"damage_taken":7.0},{"cards_removed":["Strike_G"],"damage_healed":0.0,"max_hp_gain":0.0,"max_hp_loss":0.0,"gold_gain":0.0,"event_name":"The Cleric","player_choice":"Card Removal","floor":4.0,"gold_loss":75.0,"damage_taken":0.0},{"damage_healed":0.0,"max_hp_gain":0.0,"max_hp_loss":0.0,"gold_gain":0.0,"event_name":"Mushrooms","player_choice":"Fought Mushrooms","floor":7.0,"gold_loss":0.0,"damage_taken":0.0},{"damage_healed":0.0,"max_hp_gain":0.0,"max_hp_loss":0.0,"gold_gain":0.0,"event_name":"Dead Adventurer","player_choice":"Searched \u00271\u0027 times","floor":14.0,"gold_loss":0.0,"damage_taken":0.0,"relics_obtained":["Bag of Preparation"]},{"damage_healed":0.0,"max_hp_gain":0.0,"max_hp_loss":0.0,"gold_gain":50.0,"event_name":"Nest","player_choice":"Stole From Cult","floor":19.0,"gold_loss":0.0,"damage_taken":0.0},{"damage_healed":0.0,"max_hp_gain":5.0,"max_hp_loss":0.0,"gold_gain":0.0,"event_name":"Forgotten Altar","player_choice":"Shed Blood","floor":20.0,"gold_loss":0.0,"damage_taken":23.0},{"damage_healed":0.0,"max_hp_gain":0.0,"max_hp_loss":0.0,"gold_gain":0.0,"event_name":"Vampires","player_choice":"Ignored","floor":29.0,"gold_loss":0.0,"damage_taken":0.0},{"damage_healed":0.0,"max_hp_gain":0.0,"max_hp_loss":0.0,"gold_gain":0.0,"event_name":"Mysterious Sphere","player_choice":"Fight","floor":36.0,"gold_loss":0.0,"damage_taken":0.0},{"damage_healed":0.0,"max_hp_gain":0.0,"max_hp_loss":0.0,"gold_gain":0.0,"event_name":"MindBloom","player_choice":"Fight","floor":37.0,"gold_loss":0.0,"damage_taken":0.0},{"damage_healed":0.0,"max_hp_gain":0.0,"max_hp_loss":0.0,"gold_gain":0.0,"event_name":"Tomb of Lord Red Mask","player_choice":"Ignored","floor":38.0,"gold_loss":0.0,"damage_taken":0.0}],"is_beta":false,"boss_relics":[{"not_picked":["Calling Bell","Astrolabe"],"picked":"Pandora\u0027s Box"},{"not_picked":["Runic Pyramid","Lizard Tail"],"picked":"Black Star"}],"items_purged_floors":[13,28,54],"is_endless":false,"potions_floor_spawned":[1,7,12,21,24,27,35,36,42,47,48,55],"ascension_level":20}