{"gold_per_floor":[110,123,123,141,159,159,171,190,190,190,290,290,50,70,70,170,170,187,187,204,204,216,245,245,51,51,0,0,15,15,15,15,115,115,135,60,74,74,74,74],"floor_reached":40,"playtime":2196,"items_purged":["Dropkick"],"score":396,"play_id":"3f9feaf6-f77b-4cc9-b09f-2c57ac036871","local_time":"20190816201738","is_ascension_mode":false,"campfire_choices":[{"data":"Anger","floor":6,"key":"SMITH"},{"data":"1","floor":12,"key":"LIFT"},{"data":"2","floor":15,"key":"LIFT"},{"data":"3","floor":24,"key":"LIFT"},{"floor":28,"key":"REST"},{"data":"Double Tap","floor":32,"key":"SMITH"}],"neow_cost":"NONE","seed_source_timestamp":38506664314199,"circlet_count":0,"master_deck":["Strike_R","Strike_R","Strike_R","Strike_R","Defend_R+1","Defend_R","Defend_R","Defend_R+1","Bash","Double Tap+1","Anger+1","Headbutt","Pommel Strike","Metallicize","Warcry","Iron Wave","Ghostly Armor+1","Limit Break+1","Spot Weakness+1","Sword Boomerang+1","Sword Boomerang","Infernal Blade+1","Anger","Sword Boomerang+1","Thunderclap+1","Apotheosis+1"],"relics":["Burning Blood","Toxic Egg 2","Girya","Bottled Lightning","Eternal Feather","War Paint","Toy Ornithopter","Bottled Tornado","White Beast Statue"],"potions_floor_usage":[16,16,22,33,33,40,40,40],"damage_taken":[{"damage":12,"enemies":"Small Slimes","floor":1,"turns":4},{"damage":1,"enemies":"Cultist","floor":2,"turns":3},{"damage":7,"enemies":"2 Louse","floor":4,"turns":3},{"damage":11,"enemies":"Lots of Slimes","floor":5,"turns":5},{"damage":10,"enemies":"2 Fungi Beasts","floor":7,"turns":3},{"damage":5,"enemies":"Looter","floor":8,"turns":2},{"damage":8,"enemies":"Lots of Slimes","floor":14,"turns":4},{"damage":57,"enemies":"The Guardian","floor":16,"turns":11},{"damage":5,"enemies":"Chosen","floor":18,"turns":5},{"damage":24,"enemies":"Shell Parasite","floor":20,"turns":5},{"damage":22,"enemies":"Shelled Parasite and Fungi","floor":22,"turns":4},{"damage":33,"enemies":"Book of Stabbing","floor":23,"turns":4},{"damage":16,"enemies":"Centurion and Healer","floor":29,"turns":5},{"damage":77,"enemies":"Automaton","floor":33,"turns":8},{"damage":6,"enemies":"Orb Walker","floor":35,"turns":3},{"damage":20,"enemies":"3 Darklings","floor":37,"turns":3},{"damage":83,"enemies":"Awakened One","floor":40,"turns":6}],"seed_played":"-3144160581087027675","potions_obtained":[{"floor":2,"key":"Ancient Potion"},{"floor":3,"key":"Block Potion"},{"floor":3,"key":"Weak Potion"},{"floor":5,"key":"PowerPotion"},{"floor":16,"key":"GamblersBrew"},{"floor":23,"key":"Poison Potion"},{"floor":29,"key":"Poison Potion"},{"floor":35,"key":"EssenceOfSteel"},{"floor":37,"key":"AttackPotion"}],"is_trial":false,"path_per_floor":["M","M","?","M","M","R","M","M","T","?","?","R","$","M","R","B",null,"M","?","M","?","M","E","R","$","T","?","R","M","$","?","R","B",null,"M","$","M","?","?","B"],"character_chosen":"IRONCLAD","items_purchased":["Bottled Lightning","Toy Ornithopter"],"campfire_rested":1,"item_purchase_floors":[13,25],"current_hp_per_floor":[74,79,79,78,73,73,69,70,70,63,63,63,63,61,61,10,80,80,80,62,62,46,19,31,31,31,31,67,57,57,57,69,8,80,80,80,66,66,66,0],"gold":74,"neow_bonus":"ONE_RANDOM_RARE_CARD","is_prod":false,"is_daily":false,"chose_seed":false,"campfire_upgraded":2,"win_rate":0.0,"timestamp":1565983058,"path_taken":["M","M","?","?","M","R","?","M","T","?","?","R","$","M","R","BOSS","M","?","?","?","?","E","R","$","T","?","R","M","$","?","R","BOSS","M","?","M","?","?","BOSS"],"build_version":"2019-07-17","purchased_purges":1,"victory":false,"max_hp_per_floor":[80,80,80,80,80,80,80,80,80,80,80,80,80,80,80,80,80,80,80,80,80,80,80,80,80,80,80,80,80,80,80,80,80,80,80,80,80,80,80,80],"card_choices":[{"not_picked":["Twin Strike","Body Slam"],"picked":"Anger","floor":1},{"not_picked":["Second Wind","Heavy Blade"],"picked":"Headbutt","floor":2},{"not_picked":["Power Through","Flex"],"picked":"Pommel Strike","floor":4},{"not_picked":["Heavy Blade","Rupture"],"picked":"Metallicize","floor":5},{"not_picked":["Dual Wield","Twin Strike"],"picked":"Warcry","floor":7},{"not_picked":["Rampage","Thunderclap"],"picked":"Iron Wave","floor":8},{"not_picked":["Burning Pact+1","Twin Strike"],"picked":"Ghostly Armor+1","floor":14},{"not_picked":["Reaper","Dark Embrace"],"picked":"Limit Break+1","floor":16},{"not_picked":["Shrug It Off+1","Reckless Charge"],"picked":"Spot Weakness+1","floor":18},{"not_picked":["Reckless Charge","True Grit+1"],"picked":"Sword Boomerang+1","floor":20},{"not_picked":["Carnage+1","Rupture+1"],"picked":"Sword Boomerang","floor":22},{"not_picked":["Armaments+1","Warcry+1"],"picked":"Infernal Blade+1","floor":23},{"not_picked":["Armaments+1","Rupture"],"picked":"Anger","floor":29},{"not_picked":["Headbutt","Clash"],"picked":"Sword Boomerang+1","floor":35},{"not_picked":["Sever Soul","Clash+1"],"picked":"Thunderclap+1","floor":37},{"not_picked":["Flash of Steel","Sadistic Nature"],"picked":"Apotheosis+1","floor":38}],"player_experience":23124,"relics_obtained":[{"floor":9,"key":"Toxic Egg 2"},{"floor":23,"key":"War Paint"},{"floor":26,"key":"Bottled Tornado"}],"event_choices":[{"damage_healed":0,"gold_gain":0,"player_choice":"Got Potions","damage_taken":0,"max_hp_gain":0,"max_hp_loss":0,"event_name":"Lab","floor":3,"gold_loss":0},{"damage_healed":0,"gold_gain":0,"player_choice":"Success","damage_taken":7,"relics_obtained":["Girya"],"max_hp_gain":0,"max_hp_loss":0,"event_name":"Scrap Ooze","floor":10,"gold_loss":0},{"damage_healed":0,"gold_gain":100,"player_choice":"Pray","damage_taken":0,"max_hp_gain":0,"max_hp_loss":0,"event_name":"Golden Shrine","floor":11,"gold_loss":0},{"damage_healed":0,"gold_gain":0,"cards_transformed":["Strike_R"],"player_choice":"Transformed","damage_taken":0,"max_hp_gain":0,"max_hp_loss":0,"event_name":"Transmorgrifier","floor":19,"gold_loss":0,"cards_obtained":["Dropkick"]},{"damage_healed":0,"gold_gain":0,"player_choice":"1 cards matched","damage_taken":0,"max_hp_gain":0,"max_hp_loss":0,"event_name":"Match and Keep!","floor":21,"gold_loss":0,"cards_obtained":["Purity"]},{"damage_healed":0,"gold_gain":0,"player_choice":"Paid Fearfully","damage_taken":0,"max_hp_gain":0,"max_hp_loss":0,"event_name":"Masked Bandits","floor":27,"gold_loss":51},{"cards_removed":["Purity"],"damage_healed":0,"gold_gain":0,"player_choice":"Purged","damage_taken":0,"max_hp_gain":0,"max_hp_loss":0,"event_name":"Purifier","floor":31,"gold_loss":0},{"damage_healed":0,"gold_gain":0,"player_choice":"Memory 1","damage_taken":0,"max_hp_gain":0,"max_hp_loss":0,"event_name":"SensoryStone","floor":38,"gold_loss":0},{"damage_healed":0,"gold_gain":0,"player_choice":"Took Portal","damage_taken":0,"max_hp_gain":0,"max_hp_loss":0,"event_name":"SecretPortal","floor":39,"gold_loss":0}],"is_beta":false,"boss_relics":[{"not_picked":["Orrery","Empty Cage"],"picked":"Eternal Feather"},{"not_picked":["Tiny House","Mark of Pain"],"picked":"White Beast Statue"}],"items_purged_floors":[36],"is_endless":false,"potions_floor_spawned":[2,5,14,16,23,29,35,37],"killed_by":"Awakened One","ascension_level":0}