{"gold_per_floor":[110,110,121,138,154,180,180,191,191,207,226,176,195,210,210,210],"floor_reached":16,"playtime":714,"items_purged":[],"score":108,"play_id":"4e38815a-bc1d-4a50-9b92-74ceaf05dd56","local_time":"20190910190253","is_ascension_mode":false,"campfire_choices":[{"data":"Perfected Strike","floor":7,"key":"SMITH"},{"data":"Infernal Blade","floor":15,"key":"SMITH"}],"neow_cost":"","seed_source_timestamp":119235457462666,"circlet_count":0,"master_deck":["Strike_R","Strike_R","Strike_R","Strike_R","Strike_R","Defend_R","Defend_R","Defend_R","Defend_R","Thunderclap","Perfected Strike+1","Clothesline","Warcry","Burning Pact","Pommel Strike","Headbutt","Infernal Blade+1","Impervious"],"relics":["Burning Blood","Dream Catcher","Dodecahedron"],"potions_floor_usage":[6,6,14],"damage_taken":[{"damage":3,"enemies":"2 Louse","floor":1,"turns":4},{"damage":0,"enemies":"Small Slimes","floor":3,"turns":3},{"damage":1,"enemies":"Jaw Worm","floor":4,"turns":3},{"damage":23,"enemies":"Exordium Thugs","floor":5,"turns":6},{"damage":31,"enemies":"3 Sentries","floor":6,"turns":7},{"damage":7,"enemies":"Exordium Wildlife","floor":8,"turns":2},{"damage":9,"enemies":"Blue Slaver","floor":10,"turns":3},{"damage":16,"enemies":"Lots of Slimes","floor":11,"turns":4},{"damage":5,"enemies":"Looter","floor":13,"turns":3},{"damage":3,"enemies":"Exordium Thugs","floor":14,"turns":2},{"damage":38,"enemies":"The Guardian","floor":16,"turns":9}],"seed_played":"-8127876956244981745","potions_obtained":[{"floor":4,"key":"Strength Potion"},{"floor":5,"key":"Fruit Juice"},{"floor":11,"key":"SkillPotion"}],"is_trial":false,"path_per_floor":["M","?","M","M","M","E","R","M","T","M","M","?","M","M","R","B"],"character_chosen":"IRONCLAD","items_purchased":[],"campfire_rested":0,"item_purchase_floors":[],"current_hp_per_floor":[80,85,85,85,68,48,48,47,47,44,34,34,35,38,38,0],"gold":210,"neow_bonus":"","is_prod":false,"is_daily":false,"chose_seed":false,"campfire_upgraded":2,"win_rate":0.0,"timestamp":1568138573,"path_taken":["M","?","M","M","M","E","R","M","T","M","M","?","M","M","R","BOSS"],"build_version":"2019-09-09v2","purchased_purges":0,"victory":false,"max_hp_per_floor":[80,85,85,85,85,90,90,90,90,90,90,90,90,90,90,90],"card_choices":[{"not_picked":["Headbutt","Sword Boomerang"],"picked":"Thunderclap","floor":1},{"not_picked":["Twin Strike","Anger"],"picked":"Perfected Strike","floor":3},{"not_picked":["Sever Soul","Iron Wave"],"picked":"Clothesline","floor":4},{"not_picked":["Second Wind","Hemokinesis"],"picked":"Warcry","floor":5},{"not_picked":["Ghostly Armor","Body Slam"],"picked":"Burning Pact","floor":6},{"not_picked":["Twin Strike","Burning Pact","Searing Blow"],"picked":"SKIP","floor":8},{"not_picked":["Carnage","Warcry"],"picked":"Pommel Strike","floor":10},{"not_picked":["Anger","Feel No Pain"],"picked":"Headbutt","floor":11},{"not_picked":["Shrug It Off","Entrench"],"picked":"Infernal Blade","floor":13},{"not_picked":["Uppercut","Body Slam"],"picked":"Impervious","floor":14}],"player_experience":0,"relics_obtained":[{"floor":6,"key":"Dream Catcher"},{"floor":9,"key":"Dodecahedron"}],"event_choices":[{"damage_healed":0,"gold_gain":0,"player_choice":"Donut","damage_taken":0,"max_hp_gain":5,"max_hp_loss":0,"event_name":"Big Fish","floor":2,"gold_loss":0},{"cards_removed":["Bash"],"damage_healed":0,"gold_gain":0,"player_choice":"Card Removal","damage_taken":0,"max_hp_gain":0,"max_hp_loss":0,"event_name":"The Cleric","floor":12,"gold_loss":50}],"is_beta":true,"boss_relics":[],"items_purged_floors":[],"is_endless":false,"potions_floor_spawned":[4,5,11],"killed_by":"The Guardian","ascension_level":0}