{"gold_per_floor":[116,126,139,155,35,62,62,394,472,472,485,485,139,139,139,238,238,258,268,16,16,36,68,68,87,87,47,63,63,63,78,78,179,179,196,209,209,219,249,249,277,287,341,341,341,341,27,27,27,27],"floor_reached":51,"playtime":2473,"items_purged":["Strike_B","Strike_B"],"score":1083,"play_id":"a62e4f0b-5079-48fe-b909-74fd0d2f5d55","local_time":"20190917193158","is_ascension_mode":true,"campfire_choices":[{"data":"Sunder","floor":7.0,"key":"SMITH"},{"data":"Zap","floor":12.0,"key":"SMITH"},{"data":"Streamline","floor":15.0,"key":"SMITH"},{"floor":24.0,"key":"REST"},{"data":"Capacitor","floor":30.0,"key":"SMITH"},{"data":"Glacier","floor":32.0,"key":"SMITH"},{"floor":40.0,"key":"REST"},{"floor":44,"key":"REST"},{"data":"Biased Cognition","floor":46,"key":"SMITH"},{"data":"Capacitor","floor":49,"key":"SMITH"}],"neow_cost":"NONE","seed_source_timestamp":0,"circlet_count":0,"master_deck":["AscendersBane","Strike_B","Defend_B","Defend_B","Defend_B","Defend_B","Zap+1","Dualcast","Sunder+1","Undo","Buffer+1","Leap","Streamline+1","Gash","Steam","Electrodynamics","Capacitor+1","Defragment+1","Apotheosis","White Noise","Consume","Stack","Coolheaded","Glacier+1","Biased Cognition+1","White Noise","Aggregate+1","Streamline+1","Conserve Battery+1","Reinforced Body+1","Mayhem","Capacitor+1"],"special_seed":0,"relics":["Cracked Core","Dream Catcher","Potion Belt","Old Coin","Pantograph","Sling","GremlinMask","Snecko Eye","Orichalcum","Shuriken","Philosopher\u0027s Stone","Tiny Chest","Juzu Bracelet","Omamori","Symbiotic Virus"],"potions_floor_usage":[50,50,50,50],"damage_taken":[{"damage":1.0,"enemies":"Cultist","floor":1.0,"turns":4.0},{"damage":0.0,"enemies":"2 Louse","floor":2.0,"turns":1.0},{"damage":0.0,"enemies":"Small Slimes","floor":3.0,"turns":2.0},{"damage":7.0,"enemies":"2 Fungi Beasts","floor":4.0,"turns":3.0},{"damage":20.0,"enemies":"Gremlin Nob","floor":6.0,"turns":4.0},{"damage":14.0,"enemies":"Lagavulin","floor":8.0,"turns":7.0},{"damage":5.0,"enemies":"Gremlin Gang","floor":11.0,"turns":5.0},{"damage":26.0,"enemies":"Slime Boss","floor":16.0,"turns":10.0},{"damage":1.0,"enemies":"3 Byrds","floor":18.0,"turns":2.0},{"damage":0.0,"enemies":"Shell Parasite","floor":19.0,"turns":4.0},{"damage":9.0,"enemies":"Centurion and Healer","floor":22.0,"turns":7.0},{"damage":34.0,"enemies":"Book of Stabbing","floor":23.0,"turns":4.0},{"damage":16.0,"enemies":"Snake Plant","floor":25.0,"turns":5.0},{"damage":1.0,"enemies":"Cultist and Chosen","floor":28.0,"turns":5.0},{"damage":0.0,"enemies":"Chosen and Byrds","floor":31.0,"turns":4.0},{"damage":35.0,"enemies":"Collector","floor":33.0,"turns":9.0},{"damage":2.0,"enemies":"3 Darklings","floor":35.0,"turns":3.0},{"damage":4.0,"enemies":"3 Shapes","floor":36.0,"turns":3.0},{"damage":12.0,"enemies":"Maw","floor":38.0,"turns":9.0},{"damage":14.0,"enemies":"Reptomancer","floor":41.0,"turns":7.0},{"damage":15,"enemies":"Writhing Mass","floor":42,"turns":6},{"damage":48,"enemies":"Donu and Deca","floor":50,"turns":7}],"seed_played":"8640475720889625593","potions_obtained":[{"floor":2.0,"key":"SteroidPotion"},{"floor":3.0,"key":"Poison Potion"},{"floor":4.0,"key":"FearPotion"},{"floor":11.0,"key":"SkillPotion"},{"floor":16.0,"key":"Ancient Potion"},{"floor":25.0,"key":"Swift Potion"},{"floor":33.0,"key":"Dexterity Potion"},{"floor":36.0,"key":"EssenceOfSteel"},{"floor":37.0,"key":"AttackPotion"},{"floor":37.0,"key":"FearPotion"},{"floor":41.0,"key":"Dexterity Potion"},{"floor":42,"key":"Regen Potion"}],"is_trial":false,"path_per_floor":["M","M","M","M","$","E","R","E","T","?","M","R","$","?","R","B",null,"M","M","$","?","M","E","R","M","T","?","M","?","R","M","R","B",null,"M","M","?","M","?","R","E","M","T","R","?","R","$","?","R","B",null],"character_chosen":"DEFECT","items_purchased":["Streamline","Steam","Sling","Defragment","Apotheosis","Symbiotic Virus","Capacitor"],"campfire_rested":3,"item_purchase_floors":[5,13,13,20,20,47,47],"current_hp_per_floor":[67,67,67,60,60,40,40,26,26,26,21,21,21,21,21,20,61,60,60,60,46,37,3,27,11,11,11,10,80,80,80,80,45,71,69,65,65,53,53,77,63,48,48,72,72,72,72,72,72,46],"gold":27,"neow_bonus":"RANDOM_COMMON_RELIC","is_prod":false,"is_daily":false,"chose_seed":false,"campfire_upgraded":7,"win_rate":0,"timestamp":1568773918,"path_taken":["M","M","?","M","$","E","R","E","T","?","?","R","$","?","R","BOSS","M","M","?","?","M","E","R","M","T","?","?","?","R","?","R","BOSS","M","M","?","?","?","R","E","M","T","R","?","R","$","?","R","BOSS"],"build_version":"2019-07-17","purchased_purges":2,"victory":true,"max_hp_per_floor":[75,75,75,75,75,75,75,75,75,75,75,75,75,75,75,75,75,75,75,75,80,80,80,80,80,80,80,80,80,80,80,80,80,80,80,80,80,80,80,80,80,80,80,80,80,80,80,80,80,80],"card_choices":[{"not_picked":["Sweeping Beam","Darkness"],"picked":"Sunder","floor":1.0},{"not_picked":["Gash","Cold Snap"],"picked":"Undo","floor":2.0},{"not_picked":["Hologram","Coolheaded"],"picked":"Buffer","floor":3.0},{"not_picked":["Stack","Static Discharge"],"picked":"Leap","floor":4.0},{"not_picked":["Stack","Darkness","Fusion"],"picked":"SKIP","floor":6.0},{"not_picked":["Compile Driver","Leap"],"picked":"FTL","floor":8.0},{"not_picked":["Aggregate","Melter"],"picked":"Gash","floor":11.0},{"not_picked":["Core Surge","Thunder Strike"],"picked":"Electrodynamics","floor":16.0},{"not_picked":["Consume","Go for the Eyes"],"picked":"Capacitor","floor":18.0},{"not_picked":["Beam Cell","Loop","Rip and Tear+1"],"picked":"SKIP","floor":19.0},{"not_picked":["Recycle","Barrage+1"],"picked":"White Noise","floor":22.0},{"not_picked":["Steam","Blizzard"],"picked":"Consume","floor":23.0},{"not_picked":["Compile Driver+1","Lockon+1"],"picked":"Stack","floor":24.0},{"not_picked":["Redo+1","Barrage"],"picked":"Coolheaded","floor":25.0},{"not_picked":["Redo","Coolheaded","Leap"],"picked":"SKIP","floor":28.0},{"not_picked":["Stack","Machine Learning"],"picked":"Glacier","floor":31.0},{"not_picked":["Reboot","Seek"],"picked":"Biased Cognition","floor":33.0},{"not_picked":["Compile Driver+1","Hello World"],"picked":"White Noise","floor":35.0},{"not_picked":["Turbo+1","Chill"],"picked":"Aggregate+1","floor":36.0},{"not_picked":["Rebound","Hologram+1"],"picked":"Streamline+1","floor":38.0},{"not_picked":["Cold Snap","Barrage"],"picked":"Conserve Battery+1","floor":40.0},{"not_picked":["Redo","Gash","Coolheaded+1"],"picked":"SKIP","floor":41.0},{"not_picked":["Gash","Recycle"],"picked":"Reinforced Body+1","floor":42},{"not_picked":["Discovery","Finesse"],"picked":"Mayhem","floor":45}],"player_experience":327750,"relics_obtained":[{"floor":6.0,"key":"Potion Belt"},{"floor":8.0,"key":"Old Coin"},{"floor":9.0,"key":"Pantograph"},{"floor":23.0,"key":"Orichalcum"},{"floor":26.0,"key":"Shuriken"},{"floor":41.0,"key":"Juzu Bracelet"},{"floor":43,"key":"Omamori"}],"event_choices":[{"damage_healed":0.0,"max_hp_gain":0.0,"max_hp_loss":0.0,"gold_gain":0.0,"event_name":"Upgrade Shrine","player_choice":"Upgraded","floor":10.0,"gold_loss":0.0,"damage_taken":0.0,"cards_upgraded":["Buffer"]},{"damage_healed":0.0,"max_hp_gain":0.0,"max_hp_loss":0.0,"gold_gain":0.0,"event_name":"FaceTrader","player_choice":"Trade","floor":14.0,"gold_loss":0.0,"damage_taken":0.0,"relics_obtained":["GremlinMask"]},{"damage_healed":0.0,"max_hp_gain":5.0,"max_hp_loss":0.0,"gold_gain":0.0,"event_name":"Forgotten Altar","player_choice":"Shed Blood","floor":21.0,"gold_loss":0.0,"damage_taken":19.0},{"damage_healed":0.0,"max_hp_gain":0.0,"max_hp_loss":0.0,"gold_gain":0.0,"event_name":"Designer","player_choice":"Upgrade","floor":27.0,"gold_loss":40.0,"damage_taken":0.0,"cards_upgraded":["Defragment"]},{"cards_removed":["FTL"],"damage_healed":70.0,"max_hp_gain":0.0,"max_hp_loss":0.0,"gold_gain":0.0,"event_name":"Bonfire Elementals","player_choice":"Offered Uncommon","floor":29.0,"gold_loss":0.0,"damage_taken":0.0},{"damage_healed":0.0,"max_hp_gain":0.0,"max_hp_loss":0.0,"gold_gain":0.0,"event_name":"Lab","player_choice":"Got Potions","floor":37.0,"gold_loss":0.0,"damage_taken":0.0},{"damage_healed":0.0,"max_hp_gain":0.0,"max_hp_loss":0.0,"gold_gain":0.0,"event_name":"WeMeetAgain","player_choice":"Gave Potion","floor":39.0,"gold_loss":0.0,"damage_taken":0.0,"relics_obtained":["Tiny Chest"]},{"damage_healed":0,"gold_gain":0,"player_choice":"Memory 1","damage_taken":0,"max_hp_gain":0,"max_hp_loss":0,"event_name":"SensoryStone","floor":45,"gold_loss":0},{"cards_removed":["Strike_B"],"damage_healed":0,"gold_gain":0,"player_choice":"Removed Attack","damage_taken":0,"max_hp_gain":0,"max_hp_loss":0,"event_name":"Falling","floor":48,"gold_loss":0}],"is_beta":false,"boss_relics":[{"not_picked":["White Beast Statue","Astrolabe"],"picked":"Snecko Eye"},{"not_picked":["Calling Bell","Busted Crown"],"picked":"Philosopher\u0027s Stone"}],"items_purged_floors":[5,13],"is_endless":false,"potions_floor_spawned":[2,3,4,11,16,25,33,36,41,42],"ascension_level":10}