{"gold_per_floor":[18,18,18,18,18,18,33,66,66,141,154,182,63,88,88,178,178,191,191,191,91,111,111,154,154,154,188,188,213,256,276,276,365,365,386,405,116,137,153,197,210,243,243,243,304,154,154,170,170,170,170,170,170,91,135,135],"floor_reached":57,"playtime":1730,"items_purged":["Strike_G","Defend_G","Heel Hook","Defend_G"],"score":3436,"play_id":"4cfd7f01-dbc6-4e36-b6ff-222c045f48c8","local_time":"20190918002628","is_ascension_mode":true,"campfire_choices":[{"data":"All Out Attack","floor":6.0,"key":"SMITH"},{"data":"Noxious Fumes","floor":15.0,"key":"SMITH"},{"data":"Neutralize","floor":23.0,"key":"SMITH"},{"data":"Well Laid Plans","floor":25.0,"key":"SMITH"},{"floor":32.0,"key":"RECALL"},{"data":"Prepared","floor":44,"key":"SMITH"},{"data":"Backflip","floor":49,"key":"SMITH"},{"data":"Grand Finale","floor":53,"key":"SMITH"}],"neow_cost":"NO_GOLD","seed_source_timestamp":353824535002000,"circlet_count":0,"master_deck":["AscendersBane","Defend_G","Survivor","Neutralize+1","Well Laid Plans+1","Adrenaline","Crippling Poison","Tactician+1","Escape Plan","Noxious Fumes+1","Grand Finale+1","Terror+1","Calculated Gamble+1","Acrobatics+1","Acrobatics+1","CurseOfTheBell","Backflip+1","Prepared+1","Reflex+1"],"special_seed":0,"relics":["Ring of the Snake","Golden Idol","Art of War","Gambling Chip","Odd Mushroom","Astrolabe","Paper Crane","Bag of Preparation","Dodecahedron","Calling Bell","MealTicket","Pantograph","Mango","Medical Kit","Happy Flower","Shuriken","Anchor","Prayer Wheel","Blue Candle"],"potions_floor_usage":[50,56,56],"damage_taken":[{"damage":7.0,"enemies":"2 Louse","floor":1.0,"turns":3.0},{"damage":4.0,"enemies":"Small Slimes","floor":7.0,"turns":4.0},{"damage":18.0,"enemies":"3 Sentries","floor":8.0,"turns":9.0},{"damage":0.0,"enemies":"Jaw Worm","floor":11.0,"turns":4.0},{"damage":0.0,"enemies":"The Mushroom Lair","floor":12.0,"turns":3.0},{"damage":0.0,"enemies":"Blue Slaver","floor":14.0,"turns":3.0},{"damage":16.0,"enemies":"The Guardian","floor":16.0,"turns":13.0},{"damage":0.0,"enemies":"Chosen","floor":18.0,"turns":2.0},{"damage":0.0,"enemies":"Shell Parasite","floor":22.0,"turns":1.0},{"damage":0.0,"enemies":"Book of Stabbing","floor":24.0,"turns":2.0},{"damage":0.0,"enemies":"Slavers","floor":27.0,"turns":1.0},{"damage":0.0,"enemies":"3 Cultists","floor":29.0,"turns":1.0},{"damage":0.0,"enemies":"Book of Stabbing","floor":30.0,"turns":2.0},{"damage":0.0,"enemies":"Centurion and Healer","floor":31.0,"turns":1.0},{"damage":0.0,"enemies":"Champ","floor":33.0,"turns":1.0},{"damage":0.0,"enemies":"Orb Walker","floor":35.0,"turns":1.0},{"damage":0.0,"enemies":"3 Shapes","floor":36.0,"turns":1.0},{"damage":0.0,"enemies":"Maw","floor":38.0,"turns":1.0},{"damage":0.0,"enemies":"Writhing Mass","floor":39.0,"turns":2.0},{"damage":0.0,"enemies":"Reptomancer","floor":40.0,"turns":1.0},{"damage":0.0,"enemies":"Sphere and 2 Shapes","floor":41.0,"turns":1.0},{"damage":0,"enemies":"Nemesis","floor":42,"turns":1},{"damage":0,"enemies":"2 Orb Walkers","floor":45,"turns":1},{"damage":0,"enemies":"Maw","floor":48,"turns":1},{"damage":0,"enemies":"Time Eater","floor":50,"turns":3},{"damage":0,"enemies":"Donu and Deca","floor":51,"turns":1},{"damage":0,"enemies":"Shield and Spear","floor":55,"turns":1},{"damage":2,"enemies":"The Heart","floor":56,"turns":5}],"seed_played":"5939854041293229675","potions_obtained":[{"floor":1.0,"key":"EssenceOfSteel"},{"floor":12.0,"key":"EssenceOfSteel"},{"floor":18.0,"key":"SkillPotion"},{"floor":24.0,"key":"Dexterity Potion"},{"floor":38.0,"key":"PowerPotion"}],"is_trial":false,"path_per_floor":["M","?","?","?","$","R","M","E","T","?","M","?","$","M","R","B",null,"M","$","?","$","M","R","E","R","T","E","?","M","E","M","R","B",null,"M","M","$","M","M","E","M","E","T","R","?","$","?","M","R","B","B",null,"R","$","E","B",null],"character_chosen":"THE_SILENT","items_purchased":["Noxious Fumes","Medical Kit","GhostInAJar"],"campfire_rested":0,"item_purchase_floors":[13,37,54],"current_hp_per_floor":[52,52,57,57,57,57,53,35,35,24,24,24,24,24,24,8,51,51,51,51,51,51,51,51,51,51,51,51,51,51,51,51,51,76,76,76,79,79,79,79,79,79,79,79,79,79,79,79,79,79,79,79,79,79,79,77],"gold":135,"neow_bonus":"TRANSFORM_TWO_CARDS","is_prod":false,"is_daily":false,"chose_seed":false,"campfire_upgraded":7,"win_rate":0,"timestamp":1568737588,"path_taken":["M","?","?","?","$","R","M","E","T","?","?","?","$","M","R","BOSS","M","$","?","$","?","R","E","R","T","E","?","M","E","M","R","BOSS","M","M","$","M","M","E","M","E","T","R","?","$","?","?","R","BOSS","BOSS","R","$","E","BOSS"],"build_version":"2019-09-16v2","purchased_purges":4,"victory":true,"max_hp_per_floor":[66,60,65,65,65,65,65,65,65,65,65,65,65,65,65,65,65,65,65,65,65,65,65,65,65,65,65,65,65,65,65,65,65,79,79,79,79,79,79,79,79,79,79,79,79,79,79,79,79,79,79,79,79,79,79,79],"card_choices":[{"not_picked":["Escape Plan","Slice"],"picked":"All Out Attack","floor":1.0},{"not_picked":["Slice","Deflect"],"picked":"Crippling Poison","floor":7.0},{"not_picked":["Adrenaline","Flying Knee"],"picked":"Tactician","floor":8.0},{"not_picked":["Bane","Masterful Stab","Reflex"],"picked":"SKIP","floor":11.0},{"not_picked":["Bane","Masterful Stab","Reflex"],"picked":"SKIP","floor":11.0},{"not_picked":["Dagger Throw","Underhanded Strike"],"picked":"Escape Plan","floor":12.0},{"not_picked":["Bane","Crippling Poison","Deflect"],"picked":"SKIP","floor":14.0},{"not_picked":["Adrenaline","Unload"],"picked":"Grand Finale","floor":16.0},{"not_picked":["Bouncing Flask+1","Cloak And Dagger","Deflect"],"picked":"SKIP","floor":18.0},{"not_picked":["Terror","Cloak And Dagger+1","Finisher"],"picked":"SKIP","floor":22.0},{"not_picked":["Riddle With Holes","PiercingWail","Leg Sweep"],"picked":"SKIP","floor":24.0},{"not_picked":["Poisoned Stab","Phantasmal Killer","Infinite Blades"],"picked":"SKIP","floor":27.0},{"not_picked":["Cloak And Dagger","Underhanded Strike","Choke"],"picked":"SKIP","floor":29.0},{"not_picked":["Dagger Spray","Poisoned Stab","Masterful Stab"],"picked":"SKIP","floor":30.0},{"not_picked":["Bane","Calculated Gamble+1","Noxious Fumes"],"picked":"SKIP","floor":31.0},{"not_picked":["Concentrate","Eviscerate+1","Bane+1"],"picked":"SKIP","floor":35.0},{"not_picked":["Noxious Fumes","A Thousand Cuts"],"picked":"Backflip","floor":36.0},{"not_picked":["Blade Dance+1","Underhanded Strike"],"picked":"Prepared","floor":38.0},{"not_picked":["Flying Knee+1","Dagger Throw","Bullet Time"],"picked":"SKIP","floor":39.0},{"not_picked":["Eviscerate+1","Poisoned Stab","Flechettes"],"picked":"SKIP","floor":40.0},{"not_picked":["Prepared","Setup","Backstab"],"picked":"SKIP","floor":41.0},{"not_picked":["Masterful Stab","Setup+1","PiercingWail+1"],"picked":"SKIP","floor":42},{"not_picked":["Tools of the Trade","Deflect"],"picked":"Reflex+1","floor":48},{"not_picked":["Caltrops","Underhanded Strike","Bane"],"picked":"SKIP","floor":48},{"not_picked":["Blur","Doppelganger","Backflip"],"picked":"SKIP","floor":55}],"player_experience":983253,"relics_obtained":[{"floor":8.0,"key":"Art of War"},{"floor":9.0,"key":"Gambling Chip"},{"floor":12.0,"key":"Odd Mushroom"},{"floor":24.0,"key":"Paper Crane"},{"floor":27.0,"key":"Bag of Preparation"},{"floor":30.0,"key":"Dodecahedron"},{"floor":34.0,"key":"MealTicket"},{"floor":34.0,"key":"Pantograph"},{"floor":34.0,"key":"Mango"},{"floor":40.0,"key":"Happy Flower"},{"floor":42,"key":"Shuriken"},{"floor":43,"key":"Anchor"},{"floor":45,"key":"Prayer Wheel"},{"floor":55,"key":"Blue Candle"}],"event_choices":[{"damage_healed":0.0,"max_hp_gain":0.0,"max_hp_loss":6.0,"gold_gain":0.0,"event_name":"Golden Idol","player_choice":"Lose Max HP","floor":2.0,"gold_loss":0.0,"damage_taken":0.0,"relics_obtained":["Golden Idol"]},{"damage_healed":0.0,"max_hp_gain":5.0,"max_hp_loss":0.0,"gold_gain":0.0,"event_name":"Big Fish","player_choice":"Donut","floor":3.0,"gold_loss":0.0,"damage_taken":0.0},{"damage_healed":0.0,"max_hp_gain":0.0,"max_hp_loss":0.0,"gold_gain":0.0,"cards_transformed":["Strike_G"],"event_name":"Living Wall","player_choice":"Change","floor":4.0,"gold_loss":0.0,"damage_taken":0.0,"cards_obtained":["Adrenaline"]},{"damage_healed":0.0,"max_hp_gain":0.0,"max_hp_loss":0.0,"gold_gain":75.0,"event_name":"World of Goop","player_choice":"Gather Gold","floor":10.0,"gold_loss":0.0,"damage_taken":11.0},{"damage_healed":0.0,"max_hp_gain":0.0,"max_hp_loss":0.0,"gold_gain":0.0,"event_name":"Mushrooms","player_choice":"Fought Mushrooms","floor":12.0,"gold_loss":0.0,"damage_taken":0.0},{"damage_healed":0.0,"max_hp_gain":0.0,"max_hp_loss":0.0,"gold_gain":0.0,"event_name":"Accursed Blacksmith","player_choice":"Forge","floor":20.0,"gold_loss":0.0,"damage_taken":0.0,"cards_upgraded":["Tactician"]},{"damage_healed":0.0,"max_hp_gain":0.0,"max_hp_loss":0.0,"gold_gain":0.0,"event_name":"Duplicator","player_choice":"Copied","floor":28.0,"gold_loss":0.0,"damage_taken":0.0,"cards_obtained":["Acrobatics"]},{"damage_healed":0,"gold_gain":0,"player_choice":"Fight","damage_taken":0,"max_hp_gain":0,"max_hp_loss":0,"event_name":"Mysterious Sphere","floor":45,"gold_loss":0},{"cards_removed":["Defend_G"],"damage_healed":0,"gold_gain":0,"player_choice":"Purged","damage_taken":0,"max_hp_gain":0,"max_hp_loss":0,"event_name":"Purifier","floor":47,"gold_loss":0}],"is_beta":true,"boss_relics":[{"not_picked":["HoveringKite","Snecko Eye"],"picked":"Astrolabe"},{"not_picked":["Fusion Hammer","Sozu"],"picked":"Calling Bell"}],"items_purged_floors":[13,21,37,46],"is_endless":false,"potions_floor_spawned":[1,12,18,24,27,29,31,38,39,40,48,55],"ascension_level":20}