{"gold_per_floor":[215,232,248,260,260,294,294,359,359,359,370,381,395,414,414,515,515,528,543,543,543,553,553],"floor_reached":23,"playtime":1660,"items_purged":[],"score":197,"play_id":"ac6bfd01-7a6e-45c4-be7c-40105080a89e","local_time":"20190917130428","is_ascension_mode":false,"campfire_choices":[{"data":"Heavy Blade","floor":7,"key":"SMITH"},{"floor":10,"key":"REST"},{"floor":15,"key":"REST"}],"neow_cost":"NONE","seed_source_timestamp":90558265104585,"circlet_count":0,"master_deck":["Strike_R","Strike_R","Strike_R","Strike_R","Strike_R","Defend_R","Defend_R+1","Defend_R","Defend_R+1","Bash","Iron Wave","Iron Wave","Heavy Blade+1","Headbutt","Heavy Blade","Infernal Blade","Blood for Blood","Reaper","Feel No Pain","Double Tap","Flex+1","Spot Weakness","Iron Wave"],"relics":["Burning Blood","Sundial","War Paint","Potion Belt","Gremlin Horn","Busted Crown"],"potions_floor_usage":[8,16,16,23],"damage_taken":[{"damage":4,"enemies":"Cultist","floor":1,"turns":4},{"damage":6,"enemies":"2 Louse","floor":2,"turns":2},{"damage":5,"enemies":"Jaw Worm","floor":3,"turns":4},{"damage":8,"enemies":"Blue Slaver","floor":4,"turns":5},{"damage":31,"enemies":"3 Sentries","floor":6,"turns":8},{"damage":50,"enemies":"Lagavulin Event","floor":8,"turns":7},{"damage":2,"enemies":"Looter","floor":11,"turns":4},{"damage":15,"enemies":"3 Louse","floor":12,"turns":4},{"damage":7,"enemies":"2 Fungi Beasts","floor":13,"turns":2},{"damage":10,"enemies":"Looter","floor":14,"turns":3},{"damage":55,"enemies":"Hexaghost","floor":16,"turns":14},{"damage":11,"enemies":"Spheric Guardian","floor":18,"turns":4},{"damage":39,"enemies":"Shell Parasite","floor":19,"turns":7},{"damage":19,"enemies":"Cultist and Chosen","floor":22,"turns":6},{"damage":25,"enemies":"Sentry and Sphere","floor":23,"turns":3}],"seed_played":"615020460297109423","potions_obtained":[{"floor":1,"key":"AttackPotion"},{"floor":2,"key":"BloodPotion"},{"floor":13,"key":"Ancient Potion"},{"floor":14,"key":"SkillPotion"},{"floor":16,"key":"GamblersBrew"}],"is_trial":false,"path_per_floor":["M","M","M","M","T","E","R","?","T","R","M","M","M","M","R","B",null,"M","M","?","?","M","M"],"character_chosen":"IRONCLAD","items_purchased":[],"campfire_rested":2,"item_purchase_floors":[],"current_hp_per_floor":[80,80,80,78,78,53,53,9,9,33,37,28,27,27,51,22,80,75,42,42,27,22,0],"gold":553,"neow_bonus":"HUNDRED_GOLD","is_prod":false,"is_daily":false,"chose_seed":false,"campfire_upgraded":1,"win_rate":0.0,"timestamp":1568739868,"path_taken":["M","M","M","M","?","E","R","?","T","R","M","M","M","M","R","BOSS","M","M","?","?","M","M"],"build_version":"2019-07-17","purchased_purges":0,"victory":false,"max_hp_per_floor":[80,80,80,80,80,80,80,80,80,80,80,80,80,80,80,80,80,80,80,80,85,85,85],"card_choices":[{"not_picked":["Flame Barrier","Perfected Strike","Thunderclap"],"picked":"SKIP","floor":1},{"not_picked":["Hemokinesis","Warcry"],"picked":"Iron Wave","floor":2},{"not_picked":["Juggernaut","Flex"],"picked":"Iron Wave","floor":3},{"not_picked":["Clash","Clothesline"],"picked":"Heavy Blade","floor":4},{"not_picked":["Evolve","Burning Pact"],"picked":"Headbutt","floor":6},{"not_picked":["Clothesline","Cleave"],"picked":"Heavy Blade","floor":8},{"not_picked":["Fire Breathing","Rupture"],"picked":"Infernal Blade","floor":11},{"not_picked":["Twin Strike","Clash"],"picked":"Blood for Blood","floor":12},{"not_picked":["Heavy Blade","Battle Trance"],"picked":"Reaper","floor":13},{"not_picked":["Cleave","Flex"],"picked":"Feel No Pain","floor":14},{"not_picked":["Berserk","Brutality"],"picked":"Double Tap","floor":16},{"not_picked":[],"picked":"Flex+1","floor":18},{"not_picked":["Power Through"],"picked":"SKIP","floor":19},{"not_picked":[],"picked":"Iron Wave","floor":22}],"player_experience":47402,"relics_obtained":[{"floor":5,"key":"Sundial"},{"floor":6,"key":"War Paint"},{"floor":8,"key":"Potion Belt"},{"floor":9,"key":"Gremlin Horn"}],"event_choices":[{"damage_healed":0,"gold_gain":0,"player_choice":"Searched \u00272\u0027 times","damage_taken":0,"max_hp_gain":0,"max_hp_loss":0,"event_name":"Dead Adventurer","floor":8,"gold_loss":0},{"damage_healed":0,"gold_gain":0,"player_choice":"Read","damage_taken":0,"max_hp_gain":0,"max_hp_loss":0,"event_name":"The Library","floor":20,"gold_loss":0,"cards_obtained":["Spot Weakness"]},{"damage_healed":0,"gold_gain":0,"player_choice":"Shed Blood","damage_taken":20,"max_hp_gain":5,"max_hp_loss":0,"event_name":"Forgotten Altar","floor":21,"gold_loss":0}],"is_beta":false,"boss_relics":[{"not_picked":["Coffee Dripper","Empty Cage"],"picked":"Busted Crown"}],"items_purged_floors":[],"is_endless":false,"potions_floor_spawned":[1,2,13,14,16],"killed_by":"Sentry and Sphere","ascension_level":0}