{"gold_per_floor":[115,131,148,161,161,188,202,202,229,240,165,165,178,192,192,290,290,309,293,36,36,36,36,55,55,81,95,105,119,119,119,119,215,215,228,19,34,0,0,0],"floor_reached":40,"playtime":3769,"items_purged":["Defend_B","Defend_B"],"score":417,"play_id":"696a4254-c380-487b-8286-0b9e03ad8e7c","local_time":"20180925211805","is_ascension_mode":false,"campfire_choices":[{"floor":8,"key":"REST"},{"data":"Glacier","floor":12,"key":"SMITH"},{"data":"Capacitor","floor":15,"key":"SMITH"},{"data":"Capacitor","floor":23,"key":"SMITH"},{"data":"Consume","floor":25,"key":"SMITH"},{"floor":32,"key":"REST"}],"neow_cost":"","seed_source_timestamp":815497973862732,"circlet_count":0,"master_deck":["Strike_B","Strike_B","Strike_B","Zap","Dualcast","Compile Driver","Glacier+1","Go for the Eyes","Conserve Battery","Consume+1","FTL","Conserve Battery+1","Hologram","Cold Snap","Capacitor+1","Biased Cognition","Reinforced Body+1","Capacitor+1","Ghostly+1","Ghostly","Ghostly","Ghostly","Ghostly","Cold Snap","Coolheaded","Creative AI","FTL","Apotheosis","Barrage+1"],"relics":["Cracked Core","Lantern","Bag of Marbles","Nuclear Battery","Bronze Scales","War Paint","Enchiridion","MutagenicStrength","Empty Cage","Red Mask"],"potions_floor_usage":[16,18,33,33],"damage_taken":[{"damage":1,"enemies":"Cultist","floor":1,"turns":3},{"damage":1,"enemies":"Jaw Worm","floor":2,"turns":3},{"damage":0,"enemies":"Small Slimes","floor":3,"turns":4},{"damage":8,"enemies":"Gremlin Gang","floor":4,"turns":6},{"damage":25,"enemies":"Gremlin Nob","floor":6,"turns":6},{"damage":3,"enemies":"Looter","floor":7,"turns":3},{"damage":0,"enemies":"2 Fungi Beasts","floor":10,"turns":3},{"damage":5,"enemies":"Exordium Thugs","floor":13,"turns":4},{"damage":0,"enemies":"Gremlin Gang","floor":14,"turns":5},{"damage":7,"enemies":"Slime Boss","floor":16,"turns":9},{"damage":5,"enemies":"Shell Parasite","floor":18,"turns":7},{"damage":4,"enemies":"2 Thieves","floor":19,"turns":5},{"damage":0,"enemies":"Snecko","floor":24,"turns":8},{"damage":0,"enemies":"Cultist and Chosen","floor":27,"turns":8},{"damage":0,"enemies":"3 Cultists","floor":28,"turns":8},{"damage":0,"enemies":"Snake Plant","floor":29,"turns":7},{"damage":25,"enemies":"Champ","floor":33,"turns":20},{"damage":0,"enemies":"3 Darklings","floor":35,"turns":5},{"damage":0,"enemies":"3 Shapes","floor":37,"turns":4},{"damage":48,"enemies":"Giant Head","floor":40,"turns":8}],"seed_played":"4100575005485734438","potions_obtained":[{"floor":1,"key":"FearPotion"},{"floor":2,"key":"FocusPotion"},{"floor":6,"key":"Block Potion"},{"floor":16,"key":"Weak Potion"},{"floor":28,"key":"Regen Potion"},{"floor":33,"key":"Explosive Potion"}],"is_trial":false,"path_per_floor":["M","M","M","M","?","E","M","R","T","M","$","R","M","M","R","B",null,"M","M","$","?","?","R","M","R","T","M","M","M","?","?","R","B",null,"M","$","M","?","$"],"character_chosen":"DEFECT","items_purchased":["Bronze Scales","Apotheosis"],"campfire_rested":2,"item_purchase_floors":[20,36],"current_hp_per_floor":[74,73,73,65,65,40,37,59,59,59,59,59,54,54,54,47,75,70,66,66,37,37,37,37,37,37,37,37,37,21,21,32,20,37,37,37,37,37,37,0],"gold":0,"neow_bonus":"","is_prod":false,"is_daily":false,"chose_seed":false,"campfire_upgraded":4,"win_rate":0.0,"timestamp":1537924685,"path_taken":["M","M","M","M","?","E","?","R","T","M","$","R","M","M","R","BOSS","M","M","$","?","?","R","M","R","T","M","?","M","?","?","R","BOSS","M","$","M","?","$","E"],"build_version":"2018-09-20","purchased_purges":2,"victory":false,"max_hp_per_floor":[75,75,75,75,75,75,75,75,75,75,75,75,75,75,75,75,75,75,75,75,37,37,37,37,37,37,37,37,37,37,37,37,37,37,37,37,37,37,37,37],"card_choices":[{"not_picked":["Fusion","Redo"],"picked":"Compile Driver","floor":1},{"not_picked":["Streamline","Chaos"],"picked":"Glacier","floor":2},{"not_picked":["Lockon","Compile Driver"],"picked":"Go for the Eyes","floor":3},{"not_picked":["Barrage","Blizzard"],"picked":"Conserve Battery","floor":4},{"not_picked":["Sweeping Beam","Cold Snap"],"picked":"FTL","floor":6},{"not_picked":["Multi-Cast","Leap"],"picked":"Conserve Battery","floor":7},{"not_picked":["Barrage","Sweeping Beam"],"picked":"Hologram","floor":10},{"not_picked":["Compile Driver","Go for the Eyes"],"picked":"Cold Snap","floor":13},{"not_picked":["Reprogram","Static Discharge"],"picked":"Capacitor","floor":14},{"not_picked":["Machine Learning","Creative AI"],"picked":"Biased Cognition","floor":16},{"not_picked":["Hello World+1","Darkness"],"picked":"Reinforced Body+1","floor":18},{"not_picked":["Conserve Battery+1","Streamline"],"picked":"Capacitor","floor":19},{"not_picked":["Steam","Coolheaded"],"picked":"Cold Snap","floor":24},{"not_picked":["Static Discharge","Stack"],"picked":"Coolheaded","floor":27},{"not_picked":["Doom and Gloom","Steam","Streamline"],"picked":"SKIP","floor":28},{"not_picked":["Doom and Gloom","Steam","Streamline"],"picked":"SKIP","floor":28},{"not_picked":["Rainbow","Stack","Sweeping Beam"],"picked":"SKIP","floor":29},{"not_picked":["Amplify","Thunder Strike"],"picked":"Creative AI","floor":33},{"not_picked":["Streamline","Barrage"],"picked":"FTL","floor":35},{"not_picked":["Rainbow","Melter"],"picked":"Barrage+1","floor":37}],"player_experience":43354,"relics_obtained":[{"floor":6,"key":"Lantern"},{"floor":9,"key":"Bag of Marbles"},{"floor":26,"key":"War Paint"},{"floor":30,"key":"Enchiridion"}],"event_choices":[{"event_name":"Transmorgrifier","player_choice":"Transform","floor":5,"damage_taken":0},{"event_name":"Ghosts","player_choice":"Became a Ghost","floor":21,"damage_taken":0},{"event_name":"The Mausoleum","player_choice":"No","floor":22,"damage_taken":0},{"event_name":"Cursed Tome","player_choice":"Obtained Book","floor":30,"damage_taken":0},{"event_name":"Drug Dealer","player_choice":"Inject Mutagens","floor":31,"damage_taken":0},{"event_name":"Tomb of Lord Red Mask","player_choice":"Paid","floor":38,"damage_taken":0}],"is_beta":false,"boss_relics":[{"not_picked":["Astrolabe","Runic Pyramid"],"picked":"Nuclear Battery"},{"not_picked":["Fusion Hammer","Orrery"],"picked":"Empty Cage"}],"items_purged_floors":[11,20],"is_endless":false,"potions_floor_spawned":[1,2,6,10,13,16,28,33],"killed_by":"Giant Head","ascension_level":0}