{"gold_per_floor":[114,129,144,159,84,114,129,29,29,29,129,159,174,189,189,289,289,304,304,179,194,44,74,89,89,89,89,89,104,104,119,119,219,219,234,249,249,264,279,279,294,309,309,309,324,339,354,369,369,369],"floor_reached":51,"playtime":3671,"items_purged":["Strike_B","Strike_B","Strike_B","Defend_B"],"score":664,"play_id":"4541ac7c-b4ac-4d36-ac4c-cc727e4c4175","local_time":"20181005104432","daily_mods":["Specialized","Colorless Cards","Night Terrors"],"is_ascension_mode":false,"campfire_choices":[{"floor":10.0,"key":"REST"},{"data":"Gash","floor":15.0,"key":"SMITH"},{"data":"FTL","floor":25.0,"key":"SMITH"},{"data":"Scrape","floor":27.0,"key":"SMITH"},{"floor":32.0,"key":"REST"},{"data":"Flash of Steel","floor":40,"key":"SMITH"},{"data":"Gash","floor":44,"key":"SMITH"},{"floor":49,"key":"REST"}],"neow_cost":"","seed_source_timestamp":0,"circlet_count":0,"master_deck":["Defend_B","Defend_B+1","Defend_B","Zap","Dualcast","Flash of Steel","Flash of Steel","Flash of Steel","Flash of Steel","Flash of Steel+1","Ball Lightning","Cold Snap","Coolheaded+1","Cold Snap","Gash+1","Chill","Glacier","Mayhem","FTL+1","Scrape+1","Machine Learning","Coolheaded","Hologram+1","Gash+1"],"special_seed":17809,"relics":["FrozenCore","Dead Branch","Dodecahedron","War Paint","Sozu","Bottled Tornado","Cables","Incense Burner","Darkstone Periapt"],"potions_floor_usage":[39,50],"damage_taken":[{"damage":2.0,"enemies":"Small Slimes","floor":1.0,"turns":3.0},{"damage":0.0,"enemies":"Cultist","floor":2.0,"turns":2.0},{"damage":6.0,"enemies":"Jaw Worm","floor":3.0,"turns":3.0},{"damage":10.0,"enemies":"3 Louse","floor":4.0,"turns":3.0},{"damage":17.0,"enemies":"Gremlin Nob","floor":6.0,"turns":4.0},{"damage":5.0,"enemies":"Blue Slaver","floor":7.0,"turns":2.0},{"damage":11.0,"enemies":"3 Sentries","floor":12.0,"turns":6.0},{"damage":5.0,"enemies":"Exordium Wildlife","floor":13.0,"turns":3.0},{"damage":0.0,"enemies":"Large Slime","floor":14.0,"turns":3.0},{"damage":13.0,"enemies":"Hexaghost","floor":16.0,"turns":10.0},{"damage":0.0,"enemies":"Shell Parasite","floor":18.0,"turns":4.0},{"damage":0.0,"enemies":"3 Byrds","floor":21.0,"turns":5.0},{"damage":21.0,"enemies":"Gremlin Leader","floor":23.0,"turns":7.0},{"damage":0.0,"enemies":"Snecko","floor":24.0,"turns":5.0},{"damage":2.0,"enemies":"Snake Plant","floor":29.0,"turns":4.0},{"damage":4.0,"enemies":"Centurion and Healer","floor":31.0,"turns":3.0},{"damage":25.0,"enemies":"Automaton","floor":33.0,"turns":8.0},{"damage":0.0,"enemies":"Orb Walker","floor":35.0,"turns":3.0},{"damage":1.0,"enemies":"3 Shapes","floor":36.0,"turns":3.0},{"damage":15,"enemies":"3 Darklings","floor":38,"turns":5},{"damage":0,"enemies":"Maw","floor":39,"turns":7},{"damage":5,"enemies":"Sphere and 2 Shapes","floor":41,"turns":5},{"damage":12,"enemies":"4 Shapes","floor":42,"turns":6},{"damage":0,"enemies":"Maw","floor":45,"turns":6},{"damage":2,"enemies":"Spire Growth","floor":46,"turns":5},{"damage":1,"enemies":"Transient","floor":47,"turns":5},{"damage":5,"enemies":"3 Darklings","floor":48,"turns":4},{"damage":26,"enemies":"Time Eater","floor":50,"turns":13}],"seed_played":"-1512193527981860122","potions_obtained":[{"floor":3.0,"key":"GamblersBrew"},{"floor":4.0,"key":"FocusPotion"},{"floor":13.0,"key":"Weak Potion"},{"floor":14.0,"key":"Energy Potion"}],"is_trial":false,"path_per_floor":["M","M","M","M","$","E","M","$","T","R","?","E","M","M","R","B",null,"M","?","$","M","$","E","M","R","T","R","?","M","T","M","R","B",null,"M","M","?","M","M","R","M","M","T","R","M","M","M","M","R","B"],"character_chosen":"DEFECT","items_purchased":[],"campfire_rested":3,"item_purchase_floors":[],"current_hp_per_floor":[73,73,67,57,57,40,35,35,35,70,70,59,54,54,54,41,70,70,57,57,57,57,36,36,36,36,36,36,34,34,30,70,45,70,70,69,69,54,54,54,49,37,37,37,37,35,34,29,65,39],"gold":369,"neow_bonus":"","is_prod":false,"is_daily":true,"chose_seed":false,"campfire_upgraded":5,"win_rate":0,"timestamp":1538750672,"path_taken":["M","M","M","M","$","E","M","$","T","R","?","E","M","M","R","BOSS","M","?","$","M","$","E","M","R","T","R","?","M","?","?","R","BOSS","M","M","?","?","?","R","M","M","T","R","?","M","M","?","R","BOSS"],"build_version":"2018-10-04","purchased_purges":4,"victory":true,"max_hp_per_floor":[75,75,75,75,75,75,75,75,75,70,70,70,70,70,70,70,70,70,75,75,75,75,75,75,75,75,75,75,75,75,75,70,70,70,70,70,70,70,70,70,70,70,70,70,70,70,70,70,65,65],"card_choices":[{"not_picked":["Rebound","Stack"],"picked":"Ball Lightning","floor":1.0},{"not_picked":["Doom and Gloom","Discovery"],"picked":"Cold Snap","floor":2.0},{"not_picked":["Recycle","Genetic Algorithm"],"picked":"Coolheaded","floor":3.0},{"not_picked":["Good Instincts","Conserve Battery"],"picked":"Cold Snap","floor":4.0},{"not_picked":["Blind","Redo"],"picked":"Gash","floor":6.0},{"not_picked":["Redo","Turbo","Barrage"],"picked":"SKIP","floor":7.0},{"not_picked":["Chrysalis","Consume","Ball Lightning"],"picked":"SKIP","floor":12.0},{"not_picked":["Undo","Barrage"],"picked":"Chill","floor":13.0},{"not_picked":["Barrage","Conserve Battery"],"picked":"Glacier","floor":14.0},{"not_picked":["The Bomb","Secret Weapon"],"picked":"Mayhem","floor":16.0},{"not_picked":["Ball Lightning","BootSequence","Turbo"],"picked":"SKIP","floor":18.0},{"not_picked":["Undo","Barrage","Ball Lightning+1"],"picked":"SKIP","floor":21.0},{"not_picked":["Swift Strike","Purity"],"picked":"FTL","floor":23.0},{"not_picked":["Conserve Battery","Go for the Eyes"],"picked":"Scrape","floor":24.0},{"not_picked":["Hello World","Barrage+1","Cold Snap"],"picked":"SKIP","floor":29.0},{"not_picked":["Steam+1","Dramatic Entrance+1","Ball Lightning+1"],"picked":"SKIP","floor":31.0},{"not_picked":["Amplify","Master of Strategy"],"picked":"Machine Learning","floor":33.0},{"not_picked":["Leap","Sweeping Beam"],"picked":"Coolheaded","floor":35.0},{"not_picked":["Streamline+1","Madness+1","Discovery"],"picked":"SKIP","floor":36},{"not_picked":["Bandage Up+1","Dramatic Entrance"],"picked":"Hologram+1","floor":38},{"not_picked":["Rebound+1","Leap+1","Ball Lightning+1"],"picked":"SKIP","floor":39},{"not_picked":["Beam Cell","Stack+1"],"picked":"Gash","floor":41},{"not_picked":["Discovery","Purity","Heatsinks+1"],"picked":"SKIP","floor":42},{"not_picked":["Enlightenment","Barrage","Rebound+1"],"picked":"SKIP","floor":45},{"not_picked":["Fusion","Stack+1","Good Instincts"],"picked":"SKIP","floor":46},{"not_picked":["Compile Driver+1","Self Repair","Steam"],"picked":"SKIP","floor":47},{"not_picked":["Violence","Gash","Cold Snap"],"picked":"SKIP","floor":48}],"player_experience":90228,"relics_obtained":[{"floor":6.0,"key":"Dead Branch"},{"floor":9.0,"key":"Dodecahedron"},{"floor":12.0,"key":"War Paint"},{"floor":23.0,"key":"Bottled Tornado"},{"floor":26.0,"key":"Cables"},{"floor":30.0,"key":"Incense Burner"},{"floor":43,"key":"Darkstone Periapt"}],"event_choices":[{"event_name":"Golden Shrine","player_choice":"Pray","floor":11.0,"damage_taken":0.0},{"event_name":"Forgotten Altar","player_choice":"Shed Blood","floor":19.0,"damage_taken":0.0},{"event_name":"Back to Basics","player_choice":"Elegance","floor":28.0,"damage_taken":0.0},{"event_name":"SensoryStone","player_choice":"Memory 1","floor":37,"damage_taken":0}],"is_beta":false,"boss_relics":[{"not_picked":["Snecko Eye","Lizard Tail"],"picked":"Sozu"},{"not_picked":["White Beast Statue","Velvet Choker"],"picked":"FrozenCore"}],"items_purged_floors":[5,8,20,22],"is_endless":false,"potions_floor_spawned":[3,4,13,14,24,33,35,38,46,47],"ascension_level":0}