{"gold_per_floor":[115,85,14,14,29,29,62,78,78,78,96,96,21,56,56,175,175,195,209,222,245,245,285,285,298,298,298,312,63,63,103,103,229,229,253,253,253,269,269,269,16,349,372,388,404,424,424,438,438,438],"floor_reached":51,"playtime":2241,"items_purged":["Strike_R","Rupture"],"score":772,"play_id":"7923d01f-ac0e-4a1b-b4ab-e2ac3764fb6e","local_time":"20190917231725","is_ascension_mode":false,"campfire_choices":[{"data":"Corruption","floor":6,"key":"SMITH"},{"data":"Heavy Blade","floor":10,"key":"SMITH"},{"data":"Heavy Blade","floor":12,"key":"SMITH"},{"data":"Metallicize","floor":15,"key":"SMITH"},{"data":"Barricade","floor":24,"key":"SMITH"},{"floor":30,"key":"REST"},{"floor":32,"key":"REST"},{"data":"Metallicize","floor":40,"key":"SMITH"},{"floor":47,"key":"REST"},{"floor":49,"key":"REST"}],"neow_cost":"PERCENT_DAMAGE","seed_source_timestamp":44418945216568,"circlet_count":0,"master_deck":["Strike_R","Strike_R","Strike_R","Strike_R","Defend_R","Defend_R","Defend_R","Defend_R","Bash","Corruption+1","Metallicize+1","Injury","Spot Weakness+1","Heavy Blade+1","Heavy Blade+1","Shrug It Off","Metallicize+1","Juggernaut","Infernal Blade","Barricade+1","Sword Boomerang+1","Metallicize+1","Sentinel","Evolve+1","Madness","Second Wind+1","Feel No Pain+1","Flame Barrier","True Grit+1","Parasite","Twin Strike","Wild Strike+1","Infernal Blade"],"relics":["Burning Blood","Du-Vu Doll","Ornamental Fan","Strawberry","Mango","Busted Crown","Anchor","Red Skull","Frozen Egg 2","Bag of Preparation","Mark of Pain"],"potions_floor_usage":[7,11,20,20,21,31,45,50,50,50],"damage_taken":[{"damage":7,"enemies":"Cultist","floor":1,"turns":5},{"damage":5,"enemies":"Small Slimes","floor":5,"turns":4},{"damage":22,"enemies":"Gremlin Nob","floor":7,"turns":5},{"damage":4,"enemies":"2 Louse","floor":8,"turns":3},{"damage":5,"enemies":"Looter","floor":11,"turns":3},{"damage":10,"enemies":"Lagavulin","floor":14,"turns":7},{"damage":57,"enemies":"Hexaghost","floor":16,"turns":10},{"damage":1,"enemies":"Chosen","floor":18,"turns":6},{"damage":18,"enemies":"3 Byrds","floor":19,"turns":5},{"damage":16,"enemies":"Snecko","floor":20,"turns":5},{"damage":18,"enemies":"3 Cultists","floor":21,"turns":4},{"damage":32,"enemies":"Book of Stabbing","floor":23,"turns":5},{"damage":4,"enemies":"Cultist and Chosen","floor":25,"turns":6},{"damage":19,"enemies":"Snake Plant","floor":28,"turns":3},{"damage":53,"enemies":"Slavers","floor":31,"turns":6},{"damage":20,"enemies":"Champ","floor":33,"turns":10},{"damage":3,"enemies":"Orb Walker","floor":35,"turns":3},{"damage":36,"enemies":"3 Darklings","floor":38,"turns":6},{"damage":22,"enemies":"Sphere and 2 Shapes","floor":44,"turns":5},{"damage":28,"enemies":"Writhing Mass","floor":45,"turns":7},{"damage":17,"enemies":"Maw","floor":46,"turns":8},{"damage":15,"enemies":"3 Darklings","floor":48,"turns":5},{"damage":44,"enemies":"Donu and Deca","floor":50,"turns":10}],"seed_played":"-8517368793563614442","potions_obtained":[{"floor":1,"key":"Swift Potion"},{"floor":2,"key":"SneckoOil"},{"floor":2,"key":"Ancient Potion"},{"floor":7,"key":"LiquidBronze"},{"floor":8,"key":"BloodPotion"},{"floor":14,"key":"SpeedPotion"},{"floor":18,"key":"Regen Potion"},{"floor":19,"key":"SkillPotion"},{"floor":23,"key":"Energy Potion"},{"floor":25,"key":"SpeedPotion"},{"floor":38,"key":"Poison Potion"},{"floor":44,"key":"Swift Potion"},{"floor":46,"key":"PowerPotion"}],"is_trial":false,"path_per_floor":["M","?","$","?","M","R","E","M","T","R","M","R","$","E","R","B",null,"M","M","M","M","$","E","R","M","T","?","M","$","R","E","R","B",null,"M","?","?","M","?","R","$","?","T","M","M","M","R","M","R","B",null],"character_chosen":"IRONCLAD","items_purchased":["Metallicize","Frozen Egg 2","Feel No Pain+1","Flame Barrier"],"campfire_rested":4,"item_purchase_floors":[3,29,41,41],"current_hp_per_floor":[55,55,55,55,56,56,40,42,49,49,71,71,71,81,81,30,101,101,89,93,81,81,55,55,57,57,57,44,44,74,27,57,43,101,101,101,101,71,71,71,71,71,71,55,33,22,52,43,73,35],"gold":438,"neow_bonus":"ONE_RARE_RELIC","is_prod":false,"is_daily":false,"chose_seed":false,"campfire_upgraded":6,"win_rate":0,"timestamp":1568758645,"path_taken":["M","?","?","?","M","R","E","M","T","R","M","R","$","E","R","BOSS","M","M","M","M","$","E","R","M","T","?","M","$","R","E","R","BOSS","M","?","?","?","?","R","$","?","T","M","M","M","R","M","R","BOSS"],"build_version":"2019-09-17","purchased_purges":2,"victory":true,"max_hp_per_floor":[80,80,80,80,80,80,80,80,87,87,87,87,87,101,101,101,101,101,101,101,101,101,101,101,101,101,101,101,101,101,101,101,101,101,101,101,101,101,101,101,101,101,101,101,101,101,101,101,101,101],"card_choices":[{"not_picked":["Rampage","Second Wind"],"picked":"Corruption","floor":1},{"not_picked":["Inflame","Flex"],"picked":"Spot Weakness","floor":5},{"not_picked":["Cleave","Wild Strike"],"picked":"Heavy Blade","floor":7},{"not_picked":["Headbutt","Searing Blow"],"picked":"Heavy Blade","floor":8},{"not_picked":["Bloodletting","Flex"],"picked":"Shrug It Off","floor":11},{"not_picked":["Clothesline","Carnage"],"picked":"Metallicize","floor":14},{"not_picked":["Bludgeon","Immolate"],"picked":"Juggernaut","floor":16},{"not_picked":["Armaments"],"picked":"SKIP","floor":18},{"not_picked":[],"picked":"Rupture","floor":19},{"not_picked":[],"picked":"Infernal Blade","floor":20},{"not_picked":["Clash"],"picked":"SKIP","floor":21},{"not_picked":[],"picked":"Barricade","floor":23},{"not_picked":[],"picked":"Sword Boomerang+1","floor":25},{"not_picked":["Searing Blow+1"],"picked":"SKIP","floor":28},{"not_picked":[],"picked":"Sentinel","floor":31},{"not_picked":[],"picked":"Evolve+1","floor":35},{"not_picked":[],"picked":"Madness","floor":36},{"not_picked":[],"picked":"Second Wind+1","floor":38},{"not_picked":[],"picked":"True Grit+1","floor":44},{"not_picked":[],"picked":"Twin Strike","floor":45},{"not_picked":[],"picked":"Wild Strike+1","floor":46},{"not_picked":[],"picked":"Infernal Blade","floor":48}],"player_experience":98523,"relics_obtained":[{"floor":7,"key":"Ornamental Fan"},{"floor":9,"key":"Strawberry"},{"floor":14,"key":"Mango"},{"floor":23,"key":"Anchor"},{"floor":26,"key":"Red Skull"},{"floor":31,"key":"Bag of Preparation"}],"event_choices":[{"damage_healed":0,"gold_gain":0,"player_choice":"Bought 2 Potions","damage_taken":0,"max_hp_gain":0,"max_hp_loss":0,"event_name":"The Woman in Blue","floor":2,"gold_loss":0},{"damage_healed":0,"gold_gain":0,"player_choice":"Take Wound","damage_taken":0,"relics_obtained":["Golden Idol"],"max_hp_gain":0,"max_hp_loss":0,"event_name":"Golden Idol","floor":4,"gold_loss":0,"cards_obtained":["Injury"]},{"damage_healed":0,"gold_gain":0,"player_choice":"Copied","damage_taken":0,"max_hp_gain":0,"max_hp_loss":0,"event_name":"Duplicator","floor":27,"gold_loss":0,"cards_obtained":["Metallicize"]},{"damage_healed":0,"gold_gain":0,"player_choice":"Memory 1","damage_taken":0,"max_hp_gain":0,"max_hp_loss":0,"event_name":"SensoryStone","floor":36,"gold_loss":0},{"damage_healed":0,"gold_gain":0,"player_choice":"Forge","damage_taken":0,"max_hp_gain":0,"max_hp_loss":0,"event_name":"Accursed Blacksmith","floor":37,"gold_loss":0,"cards_upgraded":["Spot Weakness"]},{"damage_healed":0,"gold_gain":0,"player_choice":"Ignored","damage_taken":0,"max_hp_gain":0,"max_hp_loss":0,"event_name":"Mysterious Sphere","floor":39,"gold_loss":0},{"damage_healed":0,"gold_gain":333,"player_choice":"Gave Idol","damage_taken":0,"max_hp_gain":0,"max_hp_loss":0,"event_name":"The Moai Head","floor":42,"relics_lost":["Golden Idol"],"gold_loss":0}],"is_beta":true,"boss_relics":[{"not_picked":["Fusion Hammer","Astrolabe"],"picked":"Busted Crown"},{"not_picked":["Coffee Dripper","Philosopher\u0027s Stone"],"picked":"Mark of Pain"}],"items_purged_floors":[13,41],"is_endless":false,"potions_floor_spawned":[1,7,8,14,18,19,23,25,38,44,46],"ascension_level":0}