{"gold_per_floor":[111,111,111,123,123,123,154,329,329,329,352,390,409,425,425,425],"floor_reached":16,"playtime":1002,"items_purged":[],"score":135,"play_id":"5cf505b5-cc08-4308-8516-bd95ee92ab6b","local_time":"20190816194046","is_ascension_mode":false,"campfire_choices":[{"data":"Strike_B","floor":6,"key":"SMITH"},{"floor":15,"key":"REST"}],"neow_cost":"NONE","seed_source_timestamp":37489730926611,"circlet_count":0,"master_deck":["Strike_B+1","Strike_B","Strike_B","Strike_B","Defend_B","Defend_B","Defend_B","Defend_B","Zap","Dualcast","Conserve Battery","Scrape","Injury","Tempest","Doubt","Leap","FTL","Ball Lightning","Fusion"],"relics":["Cracked Core","NeowsBlessing","Golden Idol","Pocketwatch","Unceasing Top","Letter Opener"],"potions_floor_usage":[16,16],"damage_taken":[{"damage":0,"enemies":"Cultist","floor":1,"turns":1},{"damage":0,"enemies":"Small Slimes","floor":4,"turns":1},{"damage":0,"enemies":"Lagavulin","floor":7,"turns":1},{"damage":11,"enemies":"Jaw Worm","floor":11,"turns":2},{"damage":26,"enemies":"3 Sentries","floor":12,"turns":8},{"damage":2,"enemies":"Blue Slaver","floor":13,"turns":3},{"damage":6,"enemies":"2 Fungi Beasts","floor":14,"turns":3},{"damage":58,"enemies":"Slime Boss","floor":16,"turns":9}],"seed_played":"4614092125030978745","potions_obtained":[{"floor":4,"key":"Dexterity Potion"},{"floor":11,"key":"FocusPotion"},{"floor":14,"key":"Energy Potion"}],"is_trial":false,"path_per_floor":["M","$","?","M","?","R","E","?","T","?","M","E","M","M","R","B"],"character_chosen":"DEFECT","items_purchased":[],"campfire_rested":1,"item_purchase_floors":[],"current_hp_per_floor":[75,75,75,75,75,75,75,75,75,75,64,38,36,30,52,0],"gold":425,"neow_bonus":"THREE_ENEMY_KILL","is_prod":false,"is_daily":false,"chose_seed":false,"campfire_upgraded":1,"win_rate":0.0,"timestamp":1565980846,"path_taken":["M","?","?","?","?","R","E","?","T","?","M","E","M","M","R","BOSS"],"build_version":"2019-07-17","purchased_purges":0,"victory":false,"max_hp_per_floor":[75,75,75,75,75,75,75,75,75,75,75,75,75,75,75,75],"card_choices":[{"not_picked":["Compile Driver","Blizzard"],"picked":"Conserve Battery","floor":1},{"not_picked":["Coolheaded","Cold Snap"],"picked":"Scrape","floor":4},{"not_picked":["Streamline","Hologram"],"picked":"Tempest","floor":7},{"not_picked":["Reinforced Body","Ball Lightning"],"picked":"Leap","floor":11},{"not_picked":["Consume","Glacier"],"picked":"FTL","floor":12},{"not_picked":["Doom and Gloom","Reinforced Body"],"picked":"Ball Lightning","floor":13},{"not_picked":["Double Energy","Beam Cell"],"picked":"Fusion","floor":14}],"player_experience":22122,"relics_obtained":[{"floor":7,"key":"Pocketwatch"},{"floor":9,"key":"Unceasing Top"},{"floor":12,"key":"Letter Opener"}],"event_choices":[{"damage_healed":0,"gold_gain":0,"player_choice":"Ignored","damage_taken":0,"max_hp_gain":0,"max_hp_loss":0,"event_name":"Shining Light","floor":3,"gold_loss":0},{"damage_healed":0,"gold_gain":0,"player_choice":"Take Wound","damage_taken":0,"relics_obtained":["Golden Idol"],"max_hp_gain":0,"max_hp_loss":0,"event_name":"Golden Idol","floor":5,"gold_loss":0,"cards_obtained":["Injury"]},{"damage_healed":0,"gold_gain":175,"player_choice":"AGREE","damage_taken":0,"max_hp_gain":0,"max_hp_loss":0,"event_name":"Liars Game","floor":8,"gold_loss":0,"cards_obtained":["Doubt"]},{"damage_healed":0,"gold_gain":0,"player_choice":"Leave","damage_taken":0,"max_hp_gain":0,"max_hp_loss":0,"event_name":"The Cleric","floor":10,"gold_loss":0}],"is_beta":false,"boss_relics":[],"items_purged_floors":[],"is_endless":false,"potions_floor_spawned":[4,11,14],"killed_by":"Slime Boss","ascension_level":0}