{"gold_per_floor":[112,124,134,147,160,160,191,191,191,191,222,222,252,252,252,357,357,368,383,233,233,333,333,333,333,333,352,352,363,381,281,281,383,383,393,404,206,220,273,273,284,284,284,284,302,320,170,190,190,190],"floor_reached":51,"playtime":3766,"items_purged":["Strike_G","Strike_G","Strike_G","Normality"],"score":675,"play_id":"ebd80413-0615-4c89-93b4-36b6e56dfe70","local_time":"20181003095931","is_ascension_mode":true,"campfire_choices":[{"data":"Riddle With Holes","floor":6,"key":"SMITH"},{"floor":8,"key":"REST"},{"floor":12,"key":"REST"},{"data":"Neutralize","floor":15,"key":"SMITH"},{"floor":23,"key":"REST"},{"floor":24,"key":"REST"},{"floor":25,"key":"REST"},{"data":"Envenom","floor":28,"key":"SMITH"},{"data":"Cloak And Dagger","floor":32,"key":"SMITH"},{"data":"Accuracy","floor":40,"key":"SMITH"},{"floor":42,"key":"REST"},{"floor":44,"key":"REST"},{"floor":49,"key":"REST"}],"neow_cost":"NONE","seed_source_timestamp":1471066011842354,"circlet_count":0,"master_deck":["Defend_G","Defend_G","Defend_G","Defend_G","Strike_G","Survivor","Neutralize+1","Riddle With Holes+1","Dagger Spray","Blade Dance","Quick Slash","Flechettes","Backstab","Glass Knife","Backflip","Bouncing Flask","Footwork","Necronomicurse","Injury","Envenom+1","Cloak And Dagger+1","Doppelganger","Infinite Blades","Accuracy+1","Cloak And Dagger+1","Backstab+1"],"relics":["Ring of the Snake","Ancient Tea Set","Anchor","Bag of Preparation","Pear","Cursed Key","Necronomicon","WingedGreaves","Ornamental Fan","Shuriken","WristBlade","Nunchaku","Gremlin Horn"],"potions_floor_usage":[7,7,16,16,33,45,50],"damage_taken":[{"damage":0,"enemies":"Small Slimes","floor":1,"turns":3},{"damage":11,"enemies":"Jaw Worm","floor":2,"turns":2},{"damage":0,"enemies":"2 Louse","floor":3,"turns":2},{"damage":7,"enemies":"Looter","floor":4,"turns":3},{"damage":12,"enemies":"Large Slime","floor":5,"turns":6},{"damage":26,"enemies":"Lagavulin","floor":7,"turns":4},{"damage":18,"enemies":"3 Sentries","floor":11,"turns":6},{"damage":14,"enemies":"Gremlin Nob","floor":13,"turns":3},{"damage":46,"enemies":"Slime Boss","floor":16,"turns":10},{"damage":0,"enemies":"3 Byrds","floor":18,"turns":4},{"damage":14,"enemies":"Shell Parasite","floor":19,"turns":3},{"damage":2,"enemies":"Colosseum Slavers","floor":22,"turns":4},{"damage":46,"enemies":"Colosseum Nobs","floor":22,"turns":4},{"damage":0,"enemies":"Snake Plant","floor":27,"turns":3},{"damage":0,"enemies":"Snecko","floor":29,"turns":2},{"damage":1,"enemies":"Shelled Parasite and Fungi","floor":30,"turns":3},{"damage":72,"enemies":"Champ","floor":33,"turns":9},{"damage":0,"enemies":"3 Shapes","floor":35,"turns":2},{"damage":15,"enemies":"3 Darklings","floor":36,"turns":5},{"damage":2,"enemies":"Sphere and 2 Shapes","floor":38,"turns":5},{"damage":8,"enemies":"Mysterious Sphere","floor":39,"turns":5},{"damage":27,"enemies":"Maw","floor":41,"turns":5},{"damage":13,"enemies":"Spire Growth","floor":45,"turns":3},{"damage":5,"enemies":"3 Darklings","floor":46,"turns":3},{"damage":0,"enemies":"Reptomancer","floor":48,"turns":5},{"damage":68,"enemies":"Awakened One","floor":50,"turns":8}],"seed_played":"5313513378097873405","potions_obtained":[{"floor":2,"key":"Poison Potion"},{"floor":4,"key":"FearPotion"},{"floor":5,"key":"Weak Potion"},{"floor":11,"key":"Energy Potion"},{"floor":18,"key":"Ancient Potion"},{"floor":29,"key":"AttackPotion"},{"floor":30,"key":"Fruit Juice"},{"floor":33,"key":"GamblersBrew"},{"floor":35,"key":"Fire Potion"},{"floor":48,"key":"Weak Potion"}],"is_trial":false,"path_per_floor":["M","M","M","M","M","R","E","R","T","?","E","R","E","?","R","B",null,"M","M","$","?","?","R","R","R","T","M","R","M","M","$","R","B",null,"M","M","$","M","?","R","M","R","T","R","M","M","$","M","R","B"],"character_chosen":"THE_SILENT","items_purchased":["Footwork","Infinite Blades"],"campfire_rested":8,"item_purchase_floors":[20,37],"current_hp_per_floor":[70,59,59,52,40,40,14,35,35,58,40,61,57,57,57,11,80,80,66,66,50,2,26,50,74,74,74,74,74,73,73,73,6,85,85,70,70,68,60,60,33,58,58,83,70,65,65,65,85,17],"gold":190,"neow_bonus":"TRANSFORM_CARD","is_prod":false,"is_daily":false,"chose_seed":false,"campfire_upgraded":5,"win_rate":0,"timestamp":1538575171,"path_taken":["M","M","M","M","M","R","E","R","T","?","E","R","E","?","R","BOSS","M","M","$","?","?","R","R","R","T","M","R","M","?","$","R","BOSS","M","M","$","M","?","R","M","R","T","R","?","M","$","M","R","BOSS"],"build_version":"2018-09-27","purchased_purges":4,"victory":true,"max_hp_per_floor":[70,70,70,70,70,70,70,70,70,70,70,70,80,80,80,80,80,80,80,80,80,80,80,80,80,80,80,80,80,80,80,80,85,85,85,85,85,85,85,85,85,85,85,85,85,85,85,85,85,85],"card_choices":[{"not_picked":["Outmaneuver","Sucker Punch"],"picked":"Dagger Spray","floor":1},{"not_picked":["Underhanded Strike","Calculated Gamble"],"picked":"Blade Dance","floor":2},{"not_picked":["Acrobatics","Underhanded Strike"],"picked":"Quick Slash","floor":3},{"not_picked":["Sucker Punch","Flying Knee"],"picked":"Flechettes","floor":4},{"not_picked":["Flying Knee","Bullet Time","Dagger Spray"],"picked":"SKIP","floor":5},{"not_picked":["Masterful Stab","Underhanded Strike","Prepared"],"picked":"SKIP","floor":7},{"not_picked":["Acrobatics","Flying Knee","Reflex"],"picked":"SKIP","floor":11},{"not_picked":["Acrobatics","Outmaneuver"],"picked":"Backstab","floor":13},{"not_picked":["Wraith Form v2","Night Terror"],"picked":"Glass Knife","floor":16},{"not_picked":["Accuracy","Dagger Spray"],"picked":"Backflip","floor":18},{"not_picked":["Masterful Stab","Dagger Spray"],"picked":"Bouncing Flask","floor":19},{"not_picked":["Reflex+1","PiercingWail"],"picked":"Envenom","floor":27},{"not_picked":["Backflip","PiercingWail+1"],"picked":"Cloak And Dagger","floor":29},{"not_picked":["Slice+1","PiercingWail","Deflect"],"picked":"SKIP","floor":30},{"not_picked":["Glass Knife","Storm of Steel"],"picked":"Doppelganger","floor":33},{"not_picked":["Poisoned Stab","Sucker Punch+1","Deadly Poison"],"picked":"SKIP","floor":35},{"not_picked":["Deflect","Blur","Quick Slash"],"picked":"SKIP","floor":36},{"not_picked":["Bouncing Flask","Outmaneuver","Sucker Punch"],"picked":"SKIP","floor":38},{"not_picked":["Prepared+1","PiercingWail"],"picked":"Accuracy","floor":39},{"not_picked":["Dagger Throw","Crippling Poison+1"],"picked":"Cloak And Dagger+1","floor":41},{"not_picked":["Dodge and Roll+1","Prepared+1","Leg Sweep+1"],"picked":"SKIP","floor":45},{"not_picked":["Eviscerate+1","Leg Sweep","Flying Knee+1"],"picked":"SKIP","floor":46},{"not_picked":["Distraction","Deadly Poison+1"],"picked":"Backstab+1","floor":48}],"player_experience":82091,"relics_obtained":[{"floor":7,"key":"Ancient Tea Set"},{"floor":9,"key":"Anchor"},{"floor":11,"key":"Bag of Preparation"},{"floor":13,"key":"Pear"},{"floor":21,"key":"Necronomicon"},{"floor":22,"key":"WingedGreaves"},{"floor":22,"key":"Ornamental Fan"},{"floor":26,"key":"Shuriken"},{"floor":39,"key":"Nunchaku"},{"floor":43,"key":"Gremlin Horn"}],"event_choices":[{"event_name":"Big Fish","player_choice":"Banana","floor":10,"damage_taken":0},{"event_name":"Living Wall","player_choice":"Forget","floor":14,"damage_taken":0},{"event_name":"Cursed Tome","player_choice":"Obtained Book","floor":21,"damage_taken":0},{"event_name":"Colosseum","player_choice":"Fight","floor":22,"damage_taken":0},{"event_name":"Colosseum","player_choice":"Fought Nobs","floor":22,"damage_taken":0},{"event_name":"Mysterious Sphere","player_choice":"Fight","floor":39,"damage_taken":0}],"is_beta":false,"boss_relics":[{"not_picked":["Sozu","Empty Cage"],"picked":"Cursed Key"},{"not_picked":["Runic Pyramid","Philosopher\u0027s Stone"],"picked":"WristBlade"}],"items_purged_floors":[20,31,37,47],"is_endless":false,"potions_floor_spawned":[2,4,5,11,18,29,30,33,35,36,41,48],"ascension_level":1}