{"gold_per_floor":[114,14,14,25,38,38,38,38,38,38,51,126,138,152,152,256,256,268,278,278,278,178,178,198,212,258,133,133,146,146,156,156,257,257,275,103,103,119,138,138,153,153,153,28,44,64,75,89,89,89],"floor_reached":50,"playtime":5055,"items_purged":["Strike_R","Regret","Normality","Normality"],"score":490,"play_id":"4c4abf51-fd73-40b2-a014-c6a1753464bf","local_time":"20180925001938","is_ascension_mode":false,"campfire_choices":[{"data":"Flame Barrier","floor":6,"key":"SMITH"},{"data":"Cleave","floor":8,"key":"SMITH"},{"data":"Bash","floor":10,"key":"SMITH"},{"data":"Iron Wave","floor":15,"key":"SMITH"},{"data":"Double Tap","floor":23,"key":"SMITH"},{"data":"Battle Trance","floor":28,"key":"SMITH"},{"floor":30,"key":"REST"},{"floor":32,"key":"REST"},{"floor":40,"key":"REST"},{"floor":42,"key":"REST"},{"floor":49,"key":"REST"}],"neow_cost":"NONE","seed_source_timestamp":0,"circlet_count":0,"master_deck":["Strike_R","Strike_R","Strike_R","Defend_R","Defend_R","Defend_R","Bash+1","Cleave+1","Headbutt","Pommel Strike","Flame Barrier+1","Intimidate","Iron Wave+1","Body Slam","Double Tap+1","Armaments+1","Power Through+1","Burning Pact","Headbutt","Battle Trance+1","Flex","Demon Form","Feed","Headbutt+1","Shrug It Off","Thunderclap+1","Rage+1","Disarm","Regret","Warcry","Clothesline+1","Pommel Strike","Intimidate"],"special_seed":0,"relics":["Cursed Key","Bag of Marbles","Mercury Hourglass","Empty Cage","Ancient Tea Set","Runic Cube","FossilizedHelix","Gremlin Horn"],"potions_floor_usage":[16,16,24,25,33,33,37,39,46,50],"damage_taken":[{"damage":2,"enemies":"2 Louse","floor":1,"turns":2},{"damage":12,"enemies":"Jaw Worm","floor":4,"turns":2},{"damage":0,"enemies":"Small Slimes","floor":5,"turns":1},{"damage":0,"enemies":"2 Fungi Beasts","floor":11,"turns":1},{"damage":13,"enemies":"Blue Slaver","floor":13,"turns":3},{"damage":1,"enemies":"3 Louse","floor":14,"turns":3},{"damage":2,"enemies":"Slime Boss","floor":16,"turns":6},{"damage":1,"enemies":"Chosen","floor":18,"turns":3},{"damage":3,"enemies":"3 Byrds","floor":19,"turns":1},{"damage":3,"enemies":"Centurion and Healer","floor":24,"turns":5},{"damage":0,"enemies":"Snecko","floor":25,"turns":3},{"damage":21,"enemies":"Shelled Parasite and Fungi","floor":29,"turns":6},{"damage":21,"enemies":"Cultist and Chosen","floor":31,"turns":7},{"damage":60,"enemies":"Collector","floor":33,"turns":9},{"damage":20,"enemies":"3 Shapes","floor":35,"turns":5},{"damage":8,"enemies":"Mind Bloom Boss Battle","floor":37,"turns":5},{"damage":0,"enemies":"3 Darklings","floor":38,"turns":3},{"damage":28,"enemies":"Sphere and 2 Shapes","floor":39,"turns":4},{"damage":0,"enemies":"Maw","floor":41,"turns":6},{"damage":3,"enemies":"Transient","floor":45,"turns":5},{"damage":12,"enemies":"Reptomancer","floor":46,"turns":6},{"damage":6,"enemies":"Maw","floor":47,"turns":8},{"damage":5,"enemies":"4 Shapes","floor":48,"turns":3},{"damage":96,"enemies":"Donu and Deca","floor":50,"turns":8}],"seed_played":"-6488649449513882111","potions_obtained":[{"floor":5,"key":"LiquidBronze"},{"floor":11,"key":"Ancient Potion"},{"floor":13,"key":"Strength Potion"},{"floor":18,"key":"EssenceOfSteel"},{"floor":19,"key":"SteroidPotion"},{"floor":31,"key":"Weak Potion"},{"floor":33,"key":"Weak Potion"},{"floor":37,"key":"Explosive Potion"},{"floor":38,"key":"SkillPotion"},{"floor":45,"key":"Block Potion"},{"floor":48,"key":"PowerPotion"}],"is_trial":false,"path_per_floor":["M","$","?","M","M","R","?","R","T","R","M","?","M","M","R","B",null,"M","M","?","?","$","R","M","M","T","$","R","M","R","M","R","B",null,"M","$","?","M","M","R","M","R","T","$","M","M","M","M","R"],"character_chosen":"IRONCLAD","items_purchased":["Headbutt","Shrug It Off","Warcry","SpeedPotion","Poison Potion"],"campfire_rested":5,"item_purchase_floors":[2,36,44,44,44],"current_hp_per_floor":[78,78,78,66,66,66,66,66,66,66,66,55,42,41,41,39,80,79,76,76,61,61,61,58,58,58,58,58,37,62,41,66,6,85,65,65,57,57,29,54,54,79,79,79,76,64,58,56,82,0],"gold":89,"neow_bonus":"BOSS_RELIC","is_prod":false,"is_daily":false,"chose_seed":false,"campfire_upgraded":6,"win_rate":0.0,"timestamp":1537849178,"path_taken":["M","$","?","M","M","R","?","R","T","R","M","?","M","M","R","BOSS","M","M","?","?","$","R","M","M","T","?","R","M","R","?","R","BOSS","M","$","?","M","?","R","M","R","T","?","M","M","M","M","R","BOSS"],"build_version":"2018-09-20","purchased_purges":4,"victory":false,"max_hp_per_floor":[80,80,80,80,80,80,80,80,80,80,80,80,80,80,80,80,80,80,80,80,85,85,85,85,85,85,85,85,85,85,85,85,85,85,85,85,85,85,85,85,85,85,85,85,85,85,85,88,88,88],"card_choices":[{"not_picked":["Headbutt","Sword Boomerang"],"picked":"Cleave","floor":1},{"not_picked":["Clash","Body Slam"],"picked":"Pommel Strike","floor":4},{"not_picked":["Disarm","Seeing Red"],"picked":"Flame Barrier","floor":5},{"not_picked":["Flame Barrier","Dark Embrace"],"picked":"Intimidate","floor":11},{"not_picked":["Headbutt","Sword Boomerang"],"picked":"Iron Wave","floor":13},{"not_picked":["Anger","Cleave"],"picked":"Body Slam","floor":14},{"not_picked":["Brutality","Demon Form"],"picked":"Double Tap","floor":16},{"not_picked":["Anger","Disarm"],"picked":"Armaments+1","floor":18},{"not_picked":["Intimidate","Fire Breathing"],"picked":"Power Through+1","floor":19},{"not_picked":["Perfected Strike+1","Clothesline"],"picked":"Headbutt","floor":24},{"not_picked":["Bloodletting+1","Second Wind+1"],"picked":"Battle Trance","floor":25},{"not_picked":["Heavy Blade+1","Anger+1"],"picked":"Flex","floor":29},{"not_picked":["Heavy Blade","Clothesline+1"],"picked":"Demon Form","floor":31},{"not_picked":["Bludgeon","Dark Embrace"],"picked":"Feed","floor":33},{"not_picked":["Metallicize","Clash"],"picked":"Headbutt+1","floor":35},{"not_picked":["Fire Breathing","Perfected Strike"],"picked":"Thunderclap+1","floor":37},{"not_picked":["Uppercut","Sever Soul+1"],"picked":"Rage+1","floor":38},{"not_picked":["Heavy Blade","Armaments","Twin Strike"],"picked":"SKIP","floor":39},{"not_picked":["Second Wind","True Grit"],"picked":"Disarm","floor":41},{"not_picked":["Cleave","Infernal Blade"],"picked":"Clothesline+1","floor":45},{"not_picked":["Anger","Sword Boomerang+1","Heavy Blade+1"],"picked":"SKIP","floor":46},{"not_picked":["Demon Form","Shrug It Off"],"picked":"Pommel Strike","floor":47},{"not_picked":["Thunderclap+1","Infernal Blade+1"],"picked":"Intimidate","floor":48}],"player_experience":10792,"relics_obtained":[{"floor":9,"key":"Mercury Hourglass"},{"floor":26,"key":"Ancient Tea Set"},{"floor":37,"key":"FossilizedHelix"},{"floor":43,"key":"Gremlin Horn"}],"event_choices":[{"event_name":"Big Fish","player_choice":"Box","floor":3,"damage_taken":0},{"event_name":"Liars Game","player_choice":"disagreed","floor":7,"damage_taken":0},{"event_name":"World of Goop","player_choice":"Gather Gold","floor":12,"damage_taken":0},{"event_name":"The Library","player_choice":"Read","floor":20,"damage_taken":0},{"event_name":"Forgotten Altar","player_choice":"Shed Blood","floor":21,"damage_taken":0},{"event_name":"MindBloom","player_choice":"Fight","floor":37,"damage_taken":0}],"is_beta":false,"boss_relics":[{"not_picked":["Mark of Pain","Coffee Dripper"],"picked":"Empty Cage"},{"not_picked":["Sozu","Tiny House"],"picked":"Runic Cube"}],"items_purged_floors":[2,22,27,36],"is_endless":false,"potions_floor_spawned":[5,11,13,18,19,31,33,37,38,45,48],"killed_by":"Donu and Deca","ascension_level":0}