{"gold_per_floor":[114,130,55,55,75,75,108,120,155,193,205,217,259,286,298,415,427,455,467,479,501,197,212,212,239,263,263,278,288,300,318,318,415,415,433,443,353,11,25,60,73,73,144,144,157,167,167,186,186,186],"floor_reached":51,"playtime":2798,"items_purged":["Strike_R","Pain"],"score":990,"play_id":"2ef4d248-3ab7-4290-a6aa-c0198f343dd0","local_time":"20190904180659","is_ascension_mode":true,"campfire_choices":[{"data":"Blood for Blood","floor":6.0,"key":"SMITH"},{"floor":8.0,"key":"REST"},{"data":"Limit Break","floor":12.0,"key":"SMITH"},{"floor":15.0,"key":"REST"},{"data":"Heavy Blade","floor":24.0,"key":"SMITH"},{"data":"Flame Barrier","floor":27.0,"key":"SMITH"},{"data":"Shockwave","floor":32.0,"key":"SMITH"},{"data":"Heavy Blade","floor":42,"key":"SMITH"},{"data":"Inflame","floor":44,"key":"SMITH"},{"data":"Armaments","floor":49,"key":"SMITH"}],"neow_cost":"NONE","seed_source_timestamp":0,"circlet_count":0,"master_deck":["Defend_R","Defend_R","Defend_R","Defend_R","Bash+1","Limit Break+1","Shockwave+1","Blood for Blood+1","Inflame+1","Battle Trance","Heavy Blade+1","Bludgeon","Heavy Blade+1","Bite","Bite+1","Bite","Bite","Bite+1","Pommel Strike","Flex","Armaments+1","Carnage+1","Flame Barrier+1","Iron Wave+1","Spot Weakness","Feed+1","Anger+1","Shrug It Off","Shrug It Off+1","Disarm+1","Impervious","Heavy Blade+1"],"special_seed":0,"relics":["Burning Blood","MawBank","Lantern","Pocketwatch","Centennial Puzzle","Blue Candle","Sozu","WarpedTongs","Anchor","Charon\u0027s Ashes","PreservedInsect","Mark of Pain","Whetstone","Medical Kit","WingedGreaves","Meat on the Bone"],"potions_floor_usage":[50],"damage_taken":[{"damage":15.0,"enemies":"Cultist","floor":1.0,"turns":5.0},{"damage":4.0,"enemies":"Small Slimes","floor":2.0,"turns":3.0},{"damage":8.0,"enemies":"Jaw Worm","floor":5.0,"turns":5.0},{"damage":25.0,"enemies":"Gremlin Nob","floor":7.0,"turns":4.0},{"damage":18.0,"enemies":"Lagavulin","floor":10.0,"turns":7.0},{"damage":20.0,"enemies":"3 Sentries","floor":13.0,"turns":7.0},{"damage":10.0,"enemies":"Red Slaver","floor":14.0,"turns":2.0},{"damage":8.0,"enemies":"The Guardian","floor":16.0,"turns":9.0},{"damage":19.0,"enemies":"2 Thieves","floor":18.0,"turns":3.0},{"damage":7.0,"enemies":"Chosen","floor":21.0,"turns":2.0},{"damage":7.0,"enemies":"Centurion and Healer","floor":23.0,"turns":4.0},{"damage":29.0,"enemies":"Slavers","floor":25.0,"turns":5.0},{"damage":17.0,"enemies":"Snake Plant","floor":28.0,"turns":3.0},{"damage":2.0,"enemies":"3 Cultists","floor":29.0,"turns":5.0},{"damage":2.0,"enemies":"Snecko","floor":30.0,"turns":3.0},{"damage":3.0,"enemies":"Chosen and Byrds","floor":31.0,"turns":3.0},{"damage":14.0,"enemies":"Champ","floor":33.0,"turns":7.0},{"damage":32.0,"enemies":"3 Darklings","floor":35.0,"turns":5.0},{"damage":0.0,"enemies":"Orb Walker","floor":36.0,"turns":3.0},{"damage":20,"enemies":"3 Darklings","floor":39,"turns":5},{"damage":10,"enemies":"Giant Head","floor":40,"turns":5},{"damage":11,"enemies":"Sphere and 2 Shapes","floor":41,"turns":3},{"damage":7,"enemies":"Transient","floor":45,"turns":5},{"damage":18,"enemies":"Spire Growth","floor":46,"turns":3},{"damage":3,"enemies":"Maw","floor":48,"turns":6},{"damage":44,"enemies":"Donu and Deca","floor":50,"turns":8}],"seed_played":"5177378347836074601","potions_obtained":[{"floor":1.0,"key":"Weak Potion"},{"floor":2.0,"key":"EssenceOfSteel"},{"floor":13.0,"key":"Strength Potion"},{"floor":14.0,"key":"Swift Potion"}],"is_trial":false,"path_per_floor":["M","M","$","?","M","R","E","R","T","E","?","R","E","M","R","B",null,"M","?","?","M","$","M","R","E","T","R","M","M","M","M","R","B",null,"M","M","?","$","M","E","M","R","T","R","M","M","$","M","R","B",null],"character_chosen":"IRONCLAD","items_purchased":["Anchor","Flex","Armaments","Whetstone","Medical Kit"],"campfire_rested":2,"item_purchase_floors":[22,22,22,38,38],"current_hp_per_floor":[63,65,65,49,47,47,28,52,52,40,40,40,26,22,46,44,71,58,56,56,55,55,56,56,39,39,39,30,46,56,56,56,56,56,33,44,44,44,42,46,52,52,52,52,59,48,48,57,57,38],"gold":186,"neow_bonus":"ONE_RANDOM_RARE_CARD","is_prod":false,"is_daily":false,"chose_seed":false,"campfire_upgraded":8,"win_rate":0,"timestamp":1567645619,"path_taken":["M","?","$","?","M","R","E","R","T","E","?","R","E","M","R","BOSS","M","?","?","?","$","?","R","E","T","R","M","M","M","?","R","BOSS","M","?","?","$","M","E","M","R","T","R","M","?","$","M","R","BOSS"],"build_version":"2019-07-17","purchased_purges":2,"victory":true,"max_hp_per_floor":[80,80,80,80,80,80,80,80,80,80,80,80,80,80,80,80,80,80,56,56,56,56,56,56,56,56,56,56,56,56,56,56,56,56,56,56,56,56,56,56,60,60,60,60,60,60,60,60,60,64],"card_choices":[{"not_picked":["Second Wind","Perfected Strike","Evolve"],"picked":"SKIP","floor":1.0},{"not_picked":["Perfected Strike","Seeing Red"],"picked":"Shockwave","floor":2.0},{"not_picked":["Sentinel","Warcry"],"picked":"Blood for Blood","floor":5.0},{"not_picked":["Bloodletting","Iron Wave"],"picked":"Inflame","floor":7.0},{"not_picked":["Carnage","Thunderclap"],"picked":"Battle Trance","floor":10.0},{"not_picked":["Infernal Blade","Combust"],"picked":"Heavy Blade","floor":13.0},{"not_picked":["Blood for Blood","Seeing Red"],"picked":"Pummel","floor":14.0},{"not_picked":["Dark Embrace","Barricade"],"picked":"Bludgeon","floor":16.0},{"not_picked":["Thunderclap","Perfected Strike"],"picked":"Heavy Blade","floor":18.0},{"not_picked":["Hemokinesis","Reckless Charge"],"picked":"Pommel Strike","floor":21.0},{"not_picked":["Wild Strike","Burning Pact"],"picked":"Carnage+1","floor":23.0},{"not_picked":["Rampage+1","Intimidate+1"],"picked":"Flame Barrier","floor":25.0},{"not_picked":["Havoc","True Grit","Sword Boomerang"],"picked":"SKIP","floor":28.0},{"not_picked":["Uppercut","Armaments"],"picked":"Iron Wave+1","floor":29.0},{"not_picked":["Heavy Blade","Pommel Strike","Hemokinesis"],"picked":"SKIP","floor":30.0},{"not_picked":["Shrug It Off","Iron Wave"],"picked":"Spot Weakness","floor":31.0},{"not_picked":["Barricade","Brutality"],"picked":"Feed","floor":33.0},{"not_picked":["Metallicize","Feel No Pain"],"picked":"Anger+1","floor":35.0},{"not_picked":["Flex","Combust"],"picked":"Shrug It Off","floor":36.0},{"not_picked":["Fire Breathing","Feel No Pain+1"],"picked":"Shrug It Off+1","floor":39},{"not_picked":["Thunderclap","Anger"],"picked":"Disarm+1","floor":40},{"not_picked":["Thunderclap+1","Iron Wave"],"picked":"Impervious","floor":41},{"not_picked":["Clash+1","True Grit+1","Pummel+1"],"picked":"SKIP","floor":45},{"not_picked":["Wild Strike","Flex","Carnage"],"picked":"SKIP","floor":46},{"not_picked":["Sword Boomerang","Cleave+1"],"picked":"Heavy Blade+1","floor":48}],"player_experience":281027,"relics_obtained":[{"floor":7.0,"key":"MawBank"},{"floor":9.0,"key":"Lantern"},{"floor":10.0,"key":"Pocketwatch"},{"floor":11.0,"key":"Centennial Puzzle"},{"floor":13.0,"key":"Blue Candle"},{"floor":25.0,"key":"Charon\u0027s Ashes"},{"floor":26.0,"key":"PreservedInsect"},{"floor":40,"key":"WingedGreaves"},{"floor":43,"key":"Meat on the Bone"}],"event_choices":[{"damage_healed":0.0,"max_hp_gain":0.0,"max_hp_loss":0.0,"gold_gain":0.0,"event_name":"Shining Light","player_choice":"Entered Light","floor":4.0,"gold_loss":0.0,"damage_taken":16.0,"cards_upgraded":["Strike_R","Bash"]},{"damage_healed":0.0,"max_hp_gain":0.0,"max_hp_loss":0.0,"gold_gain":0.0,"event_name":"Wheel of Change","player_choice":"Relic","floor":11.0,"gold_loss":0.0,"damage_taken":0.0},{"damage_healed":0.0,"max_hp_gain":0.0,"max_hp_loss":24.0,"gold_gain":0.0,"event_name":"Vampires","player_choice":"Became a vampire","floor":19.0,"gold_loss":0.0,"damage_taken":0.0,"cards_obtained":["Bite","Bite","Bite","Bite","Bite"]},{"damage_healed":0.0,"max_hp_gain":0.0,"max_hp_loss":0.0,"gold_gain":0.0,"event_name":"Accursed Blacksmith","player_choice":"Rummage","floor":20.0,"gold_loss":0.0,"damage_taken":0.0,"relics_obtained":["WarpedTongs"],"cards_obtained":["Pain"]},{"cards_removed":["Pummel"],"damage_healed":0.0,"max_hp_gain":0.0,"max_hp_loss":0.0,"gold_gain":0.0,"event_name":"Designer","player_choice":"Upgrade and Remove","floor":37.0,"gold_loss":90.0,"damage_taken":0.0,"cards_upgraded":["Bite"]}],"is_beta":false,"boss_relics":[{"not_picked":["Runic Pyramid","Calling Bell"],"picked":"Sozu"},{"not_picked":["Runic Cube","Fusion Hammer"],"picked":"Mark of Pain"}],"items_purged_floors":[3,22],"is_endless":false,"potions_floor_spawned":[1,2,13,14,23,28,30,31,35,36,40],"ascension_level":7}