{"gold_per_floor":[215,233,244,258,43,73,73,73,96,113,113,113,156,56,56,149,149,172,172,172,185,45,45,89,89,89,128,147,200,200,28,28,122,122,138,161,182,182,197,238,238,254,254,254,274,274,274,308,308,308],"floor_reached":50,"playtime":1770,"items_purged":["Strike_G","Strike_G"],"score":1146,"play_id":"272d5595-6388-4cbb-a23a-d3473a96f786","local_time":"20190915125222","is_ascension_mode":true,"campfire_choices":[{"data":"Deadly Poison","floor":7.0,"key":"SMITH"},{"data":"All Out Attack","floor":12.0,"key":"SMITH"},{"data":"Well Laid Plans","floor":15.0,"key":"SMITH"},{"data":"Burst","floor":23.0,"key":"SMITH"},{"floor":25.0,"key":"REST"},{"data":"Footwork","floor":30.0,"key":"SMITH"},{"floor":32.0,"key":"REST"},{"data":"Catalyst","floor":41.0,"key":"SMITH"},{"floor":44.0,"key":"REST"},{"data":"Calculated Gamble","floor":47.0,"key":"SMITH"},{"floor":49.0,"key":"RECALL"}],"neow_cost":"NONE","seed_source_timestamp":138138585540700,"circlet_count":0,"master_deck":["AscendersBane","Defend_G","Defend_G","Defend_G","Defend_G","Survivor","Neutralize+1","Infinite Blades","All Out Attack+1","Doppelganger","Deadly Poison+1","Well Laid Plans+1","Burst+1","Leg Sweep","Corpse Explosion","Footwork+1","Tactician+1","After Image","Catalyst+1","Grand Finale","Calculated Gamble+1"],"special_seed":0,"relics":["Ring of the Snake","Whetstone","Art of War","Golden Idol","Anchor","Philosopher\u0027s Stone","Mercury Hourglass","Question Card","White Beast Statue","Omamori","Membership Card","SlaversCollar","CultistMask","Frozen Egg 2","Dream Catcher","InkBottle"],"potions_floor_usage":[50,50],"damage_taken":[{"damage":9.0,"enemies":"Cultist","floor":1.0,"turns":5.0},{"damage":3.0,"enemies":"Jaw Worm","floor":2.0,"turns":6.0},{"damage":0.0,"enemies":"2 Louse","floor":3.0,"turns":2.0},{"damage":4.0,"enemies":"Looter","floor":4.0,"turns":4.0},{"damage":32.0,"enemies":"3 Sentries","floor":6.0,"turns":9.0},{"damage":0.0,"enemies":"Exordium Thugs","floor":10.0,"turns":4.0},{"damage":5.0,"enemies":"Lagavulin","floor":13.0,"turns":8.0},{"damage":13.0,"enemies":"Hexaghost","floor":16.0,"turns":9.0},{"damage":7.0,"enemies":"Shell Parasite","floor":18.0,"turns":6.0},{"damage":0.0,"enemies":"3 Byrds","floor":21.0,"turns":2.0},{"damage":21.0,"enemies":"Gremlin Leader","floor":24.0,"turns":7.0},{"damage":30.0,"enemies":"Book of Stabbing","floor":27.0,"turns":7.0},{"damage":0.0,"enemies":"Shelled Parasite and Fungi","floor":28.0,"turns":6.0},{"damage":3.0,"enemies":"Automaton","floor":33.0,"turns":12.0},{"damage":6.0,"enemies":"3 Shapes","floor":35.0,"turns":3.0},{"damage":14.0,"enemies":"Orb Walker","floor":36.0,"turns":5.0},{"damage":2.0,"enemies":"Maw","floor":37.0,"turns":7.0},{"damage":10.0,"enemies":"Transient","floor":39.0,"turns":6.0},{"damage":16.0,"enemies":"Giant Head","floor":40.0,"turns":9.0},{"damage":0.0,"enemies":"3 Darklings","floor":42.0,"turns":3.0},{"damage":7.0,"enemies":"Writhing Mass","floor":45.0,"turns":5.0},{"damage":3.0,"enemies":"Nemesis","floor":48.0,"turns":9.0},{"damage":10,"enemies":"Awakened One","floor":50,"turns":3}],"seed_played":"4819161668235331304","potions_obtained":[{"floor":1.0,"key":"Block Potion"},{"floor":2.0,"key":"Regen Potion"},{"floor":10.0,"key":"LiquidBronze"},{"floor":18.0,"key":"SkillPotion"},{"floor":27.0,"key":"GhostInAJar"},{"floor":40.0,"key":"Block Potion"},{"floor":42.0,"key":"Weak Potion"},{"floor":45.0,"key":"SkillPotion"}],"is_trial":false,"path_per_floor":["M","M","M","M","$","E","R","?","T","M","?","R","E","$","R","B",null,"M","?","?","M","$","R","E","R","T","E","M","T","R","$","R","B",null,"M","M","M","?","M","E","R","M","T","R","M","T","R","E","R","B"],"character_chosen":"THE_SILENT","items_purchased":["Deadly Poison","Well Laid Plans","Footwork","PowerPotion","Membership Card"],"campfire_rested":3,"item_purchase_floors":[5,5,22,22,31],"current_hp_per_floor":[50,47,47,43,43,26,26,19,19,19,19,19,14,14,14,1,45,38,38,38,38,38,38,17,35,35,5,5,5,5,5,23,20,50,44,30,28,28,18,2,2,2,2,20,13,13,13,10,10,0],"gold":308,"neow_bonus":"HUNDRED_GOLD","is_prod":false,"is_daily":false,"chose_seed":false,"campfire_upgraded":7,"win_rate":0,"timestamp":1568523142,"path_taken":["M","M","?","M","$","E","R","?","T","M","?","R","E","$","R","BOSS","M","?","?","M","$","R","E","R","T","E","?","?","R","$","R","BOSS","M","?","M","?","M","E","R","?","T","R","M","?","R","E","R","BOSS"],"build_version":"2019-09-12","purchased_purges":2,"victory":false,"max_hp_per_floor":[66,66,66,66,66,66,66,66,66,66,60,60,60,60,60,60,60,60,60,60,60,60,60,60,60,60,60,60,60,60,60,60,60,60,60,60,60,60,60,60,60,60,60,60,60,60,60,60,60,60],"card_choices":[{"not_picked":["Infinite Blades","Cloak And Dagger","Sucker Punch"],"picked":"SKIP","floor":1.0},{"not_picked":["Cloak And Dagger","Sucker Punch"],"picked":"Infinite Blades","floor":1.0},{"not_picked":["Acrobatics","Riddle With Holes","Deflect"],"picked":"SKIP","floor":2.0},{"not_picked":["Dodge and Roll","Catalyst"],"picked":"All Out Attack","floor":3.0},{"not_picked":["Bane","Outmaneuver"],"picked":"Doppelganger","floor":4.0},{"not_picked":["Bouncing Flask","Sucker Punch","Quick Slash"],"picked":"SKIP","floor":6.0},{"not_picked":["Dagger Throw","Bouncing Flask","Eviscerate"],"picked":"SKIP","floor":10.0},{"not_picked":["Backstab","Terror","Quick Slash"],"picked":"SKIP","floor":13.0},{"not_picked":["A Thousand Cuts","Tools of the Trade"],"picked":"Burst","floor":16.0},{"not_picked":["Terror+1","Choke","Underhanded Strike"],"picked":"SKIP","floor":18.0},{"not_picked":["Quick Slash","Dash","Dagger Throw"],"picked":"SKIP","floor":21.0},{"not_picked":["Quick Slash","Backflip"],"picked":"Tactician+1","floor":24.0},{"not_picked":["Footwork","Concentrate","Noxious Fumes","Sucker Punch"],"picked":"SKIP","floor":27.0},{"not_picked":["All Out Attack","Predator","Bouncing Flask","Flying Knee"],"picked":"SKIP","floor":28.0},{"not_picked":["Night Terror","Glass Knife","Bullet Time"],"picked":"After Image","floor":33.0},{"not_picked":["Backflip","Sucker Punch","Dagger Throw"],"picked":"Catalyst","floor":35.0},{"not_picked":["Sucker Punch","Blade Dance","Leg Sweep","PiercingWail"],"picked":"SKIP","floor":36.0},{"not_picked":["Dash","Poisoned Stab+1","PiercingWail","Deflect"],"picked":"SKIP","floor":37.0},{"not_picked":["Concentrate","Cloak And Dagger","Sucker Punch","Terror"],"picked":"SKIP","floor":39.0},{"not_picked":["Choke+1","Reflex","Outmaneuver"],"picked":"Grand Finale","floor":40.0},{"not_picked":["Eviscerate+1","Terror","Flying Knee+1","Poisoned Stab+1"],"picked":"SKIP","floor":42.0},{"not_picked":["Tactician","Finisher","Bouncing Flask"],"picked":"Calculated Gamble","floor":45.0},{"not_picked":["All Out Attack","Terror","Blade Dance","Cloak And Dagger"],"picked":"SKIP","floor":48.0}],"player_experience":973975,"relics_obtained":[{"floor":6.0,"key":"Whetstone"},{"floor":9.0,"key":"Art of War"},{"floor":13.0,"key":"Anchor"},{"floor":24.0,"key":"Mercury Hourglass"},{"floor":26.0,"key":"Question Card"},{"floor":27.0,"key":"White Beast Statue"},{"floor":29.0,"key":"Omamori"},{"floor":40.0,"key":"Frozen Egg 2"},{"floor":46.0,"key":"Dream Catcher"},{"floor":48.0,"key":"InkBottle"}],"event_choices":[{"cards_removed":["Strike_G"],"damage_healed":0.0,"max_hp_gain":0.0,"max_hp_loss":0.0,"gold_gain":0.0,"event_name":"Golden Wing","player_choice":"Card Removal","floor":8.0,"gold_loss":0.0,"damage_taken":7.0},{"damage_healed":0.0,"max_hp_gain":0.0,"max_hp_loss":6.0,"gold_gain":0.0,"event_name":"Golden Idol","player_choice":"Lose Max HP","floor":11.0,"gold_loss":0.0,"damage_taken":0.0,"relics_obtained":["Golden Idol"]},{"damage_healed":0.0,"max_hp_gain":0.0,"max_hp_loss":0.0,"gold_gain":0.0,"cards_transformed":["Strike_G","Strike_G"],"event_name":"Drug Dealer","player_choice":"Became Test Subject","floor":19.0,"gold_loss":0.0,"damage_taken":0.0,"cards_obtained":["Leg Sweep","Corpse Explosion"]},{"cards_removed":["Defend_G"],"damage_healed":0.0,"max_hp_gain":0.0,"max_hp_loss":0.0,"gold_gain":0.0,"event_name":"Purifier","player_choice":"Purged","floor":20.0,"gold_loss":0.0,"damage_taken":0.0},{"damage_healed":0.0,"max_hp_gain":0.0,"max_hp_loss":0.0,"gold_gain":0.0,"event_name":"FaceTrader","player_choice":"Trade","floor":38.0,"gold_loss":0.0,"damage_taken":0.0,"relics_obtained":["CultistMask"]}],"is_beta":true,"boss_relics":[{"not_picked":["Empty Cage","SacredBark"],"picked":"Philosopher\u0027s Stone"},{"not_picked":["Runic Pyramid","Runic Dome"],"picked":"SlaversCollar"}],"items_purged_floors":[5,14],"is_endless":false,"potions_floor_spawned":[1,2,10,18,27,28,33,35,36,37,39,40,42,45,48],"killed_by":"Awakened One","ascension_level":20}