{"gold_per_floor":[109,128,145,164,164,164,190,190,215,230,243,254,254,271,271,376,376,388,404,414,429,441,441,441,441,489,502,518,518,535,535,535,640,640,656,656,344,344,359,359,376,376,453,453,76,76,0,17,17,17],"floor_reached":51,"playtime":4101,"items_purged":[],"score":630,"play_id":"89e3820e-4081-4dd0-a199-9fb08c0aadfc","local_time":"20190826204515","is_ascension_mode":false,"campfire_choices":[{"data":"White Noise","floor":6,"key":"SMITH"},{"data":"Defragment","floor":8,"key":"SMITH"},{"floor":15,"key":"REST"},{"floor":23,"key":"REST"},{"data":"Hologram","floor":25,"key":"SMITH"},{"floor":32,"key":"REST"},{"floor":40,"key":"REST"},{"floor":49,"key":"REST"}],"neow_cost":"NONE","seed_source_timestamp":40595611996828,"circlet_count":0,"master_deck":["Defend_B","Defend_B","Zap","Dualcast","Coolheaded","White Noise+1","Chaos+1","Aggregate+1","Defragment+1","Melter","Redo","FTL","Hologram+1","Coolheaded","Rebound+1","Hello World+1","Necronomicurse","White Noise","Bite","Bite","Bite","Bite","Bite","Capacitor+1","Fission+1","Rebound+1","Buffer+1","Tempest+1","Mayhem+1","Consume"],"relics":["Cracked Core","Happy Flower","Juzu Bracelet","Regal Pillow","Vajra","Busted Crown","Necronomicon","Bag of Preparation","Astrolabe","War Paint","Blood Vial","Mercury Hourglass","Gambling Chip"],"potions_floor_usage":[11,21,33,41,50,50,50],"damage_taken":[{"damage":0,"enemies":"Small Slimes","floor":1,"turns":3},{"damage":4,"enemies":"Jaw Worm","floor":2,"turns":4},{"damage":0,"enemies":"2 Louse","floor":3,"turns":3},{"damage":0,"enemies":"Large Slime","floor":4,"turns":6},{"damage":10,"enemies":"3 Sentries","floor":7,"turns":6},{"damage":0,"enemies":"Blue Slaver","floor":10,"turns":4},{"damage":1,"enemies":"Exordium Thugs","floor":11,"turns":4},{"damage":3,"enemies":"Looter","floor":12,"turns":3},{"damage":1,"enemies":"3 Louse","floor":14,"turns":3},{"damage":19,"enemies":"Slime Boss","floor":16,"turns":16},{"damage":0,"enemies":"Chosen","floor":18,"turns":4},{"damage":3,"enemies":"Shell Parasite","floor":19,"turns":4},{"damage":7,"enemies":"Shelled Parasite and Fungi","floor":20,"turns":6},{"damage":16,"enemies":"Snake Plant","floor":21,"turns":5},{"damage":14,"enemies":"Snecko","floor":22,"turns":6},{"damage":11,"enemies":"Shelled Parasite and Fungi","floor":27,"turns":3},{"damage":15,"enemies":"Centurion and Healer","floor":28,"turns":6},{"damage":3,"enemies":"Snake Plant","floor":30,"turns":5},{"damage":20,"enemies":"Automaton","floor":33,"turns":9},{"damage":45,"enemies":"3 Darklings","floor":35,"turns":7},{"damage":12,"enemies":"Orb Walker","floor":39,"turns":3},{"damage":38,"enemies":"3 Darklings","floor":41,"turns":7},{"damage":0,"enemies":"Sphere and 2 Shapes","floor":48,"turns":3},{"damage":35,"enemies":"Time Eater","floor":50,"turns":10}],"seed_played":"241160173788961236","potions_obtained":[{"floor":3,"key":"SpeedPotion"},{"floor":4,"key":"Block Potion"},{"floor":11,"key":"SteroidPotion"},{"floor":16,"key":"EssenceOfSteel"},{"floor":18,"key":"Strength Potion"},{"floor":20,"key":"Weak Potion"},{"floor":27,"key":"Dexterity Potion"},{"floor":28,"key":"Fire Potion"},{"floor":35,"key":"Energy Potion"},{"floor":39,"key":"SteroidPotion"},{"floor":48,"key":"PowerPotion"}],"is_trial":false,"path_per_floor":["M","M","M","M","?","R","E","R","T","M","M","M","?","M","R","B",null,"M","M","M","M","M","R","?","R","T","M","M","?","M","?","R","B",null,"M","?","$","?","M","R","M","?","T","?","$","?","$","M","R","B",null],"character_chosen":"DEFECT","items_purchased":["Mayhem","Blood Vial","Gambling Chip","Consume","FocusPotion"],"campfire_rested":5,"item_purchase_floors":[37,37,45,45,47],"current_hp_per_floor":[75,71,71,71,71,71,61,61,61,61,60,57,57,56,75,56,75,75,72,65,49,35,72,56,56,56,45,30,30,35,27,57,51,57,28,28,28,28,20,52,28,28,28,28,28,28,28,34,57,34],"gold":17,"neow_bonus":"RANDOM_COMMON_RELIC","is_prod":false,"is_daily":false,"chose_seed":false,"campfire_upgraded":3,"win_rate":0.0,"timestamp":1566848715,"path_taken":["M","M","M","M","?","R","E","R","T","M","M","M","?","M","R","BOSS","M","M","M","M","M","R","?","R","T","M","M","?","M","?","R","BOSS","M","?","?","?","M","R","M","?","T","?","$","?","$","M","R","BOSS"],"build_version":"2019-07-17","purchased_purges":0,"victory":true,"max_hp_per_floor":[75,75,75,75,75,75,75,75,75,75,75,75,75,75,75,75,75,75,75,75,75,75,75,75,75,75,75,75,52,52,57,57,57,57,57,57,57,57,57,57,57,57,57,57,57,57,57,57,57,57],"card_choices":[{"not_picked":["Go for the Eyes","Doom and Gloom"],"picked":"Coolheaded","floor":1},{"not_picked":["Compile Driver","Go for the Eyes"],"picked":"White Noise","floor":2},{"not_picked":["Steam","Barrage"],"picked":"Chaos","floor":3},{"not_picked":["Reboot","Force Field"],"picked":"Aggregate","floor":4},{"not_picked":["Loop","Redo"],"picked":"Defragment","floor":7},{"not_picked":["Barrage","Darkness"],"picked":"Melter","floor":10},{"not_picked":["Fusion","Coolheaded"],"picked":"Redo","floor":11},{"not_picked":["Stack","Ball Lightning"],"picked":"FTL","floor":12},{"not_picked":["Heatsinks","Streamline"],"picked":"Stack","floor":14},{"not_picked":["Buffer","All For One"],"picked":"Amplify","floor":16},{"not_picked":[],"picked":"Hologram","floor":18},{"not_picked":[],"picked":"Coolheaded","floor":19},{"not_picked":[],"picked":"Rebound+1","floor":20},{"not_picked":["Gash+1"],"picked":"SKIP","floor":21},{"not_picked":[],"picked":"Hello World+1","floor":22},{"not_picked":["Gash"],"picked":"SKIP","floor":27},{"not_picked":[],"picked":"White Noise","floor":28},{"not_picked":[],"picked":"Capacitor+1","floor":30},{"not_picked":[],"picked":"Fission","floor":33},{"not_picked":["Beam Cell"],"picked":"SKIP","floor":35},{"not_picked":["Coolheaded"],"picked":"SKIP","floor":39},{"not_picked":["Streamline"],"picked":"SKIP","floor":41},{"not_picked":["Beam Cell+1"],"picked":"SKIP","floor":48}],"player_experience":47257,"relics_obtained":[{"floor":7,"key":"Juzu Bracelet"},{"floor":9,"key":"Regal Pillow"},{"floor":24,"key":"Necronomicon"},{"floor":26,"key":"Bag of Preparation"},{"floor":43,"key":"Mercury Hourglass"}],"event_choices":[{"damage_healed":0,"gold_gain":0,"player_choice":"Grow","damage_taken":0,"max_hp_gain":0,"max_hp_loss":0,"event_name":"Living Wall","floor":5,"gold_loss":0,"cards_upgraded":["Chaos"]},{"damage_healed":0,"gold_gain":0,"player_choice":"Searched \u00271\u0027 times","damage_taken":0,"relics_obtained":["Vajra"],"max_hp_gain":0,"max_hp_loss":0,"event_name":"Dead Adventurer","floor":13,"gold_loss":0},{"damage_healed":0,"gold_gain":0,"player_choice":"Obtained Book","damage_taken":16,"max_hp_gain":0,"max_hp_loss":0,"event_name":"Cursed Tome","floor":24,"gold_loss":0},{"damage_healed":0,"gold_gain":0,"player_choice":"Became a vampire","damage_taken":0,"max_hp_gain":0,"max_hp_loss":23,"event_name":"Vampires","floor":29,"gold_loss":0,"cards_obtained":["Bite","Bite","Bite","Bite","Bite"]},{"damage_healed":0,"gold_gain":0,"player_choice":"Shed Blood","damage_taken":13,"max_hp_gain":5,"max_hp_loss":0,"event_name":"Forgotten Altar","floor":31,"gold_loss":0},{"damage_healed":0,"gold_gain":0,"player_choice":"Gave Potion","damage_taken":0,"relics_obtained":["War Paint"],"max_hp_gain":0,"max_hp_loss":0,"event_name":"WeMeetAgain","floor":36,"gold_loss":0},{"cards_removed":["Stack"],"damage_healed":0,"gold_gain":0,"player_choice":"Removed Skill","damage_taken":0,"max_hp_gain":0,"max_hp_loss":0,"event_name":"Falling","floor":38,"gold_loss":0},{"damage_healed":0,"gold_gain":0,"player_choice":"Forge","damage_taken":0,"max_hp_gain":0,"max_hp_loss":0,"event_name":"Accursed Blacksmith","floor":42,"gold_loss":0,"cards_upgraded":["Mayhem"]},{"damage_healed":0,"gold_gain":0,"player_choice":"Memory 1","damage_taken":0,"max_hp_gain":0,"max_hp_loss":0,"event_name":"SensoryStone","floor":44,"gold_loss":0},{"damage_healed":0,"gold_gain":0,"player_choice":"Ignored","damage_taken":0,"max_hp_gain":0,"max_hp_loss":0,"event_name":"Mysterious Sphere","floor":46,"gold_loss":0}],"is_beta":false,"boss_relics":[{"not_picked":["Philosopher\u0027s Stone","Coffee Dripper"],"picked":"Busted Crown"},{"not_picked":["Runic Dome","Eternal Feather"],"picked":"Astrolabe"}],"items_purged_floors":[],"is_endless":false,"potions_floor_spawned":[3,4,11,16,18,20,27,28,30,35,39,48],"ascension_level":0}