{"gold_per_floor":[119,136,136,14,14,14,14,39,119,158,182,194,223,248,260,373,385,417,16,34,45,225,255,268,268,268,280,155,155,70,70,70,172,172,190,190,209,25,36,46,66,82,106,125,125,225,259,271,271,271,290,300,300,300,300,314,314,139,139,139],"floor_reached":61,"playtime":3247,"items_purged":["Strike_G","All Out Attack","Defend_G","Quick Slash+1","Defend_G"],"score":2937,"play_id":"f888ed34-087c-4c65-9fec-be013160aea5","local_time":"20190914121609","is_ascension_mode":false,"campfire_choices":[{"data":"Noxious Fumes","floor":6.0,"key":"SMITH"},{"data":"Bouncing Flask","floor":12.0,"key":"SMITH"},{"data":"Neutralize","floor":15.0,"key":"SMITH"},{"data":"Acrobatics","floor":25.0,"key":"SMITH"},{"data":"Well Laid Plans","floor":29.0,"key":"SMITH"},{"data":"Backflip","floor":32.0,"key":"SMITH"},{"data":"Tactician","floor":45,"key":"SMITH"},{"floor":49,"key":"RECALL"},{"data":"Grand Finale","floor":55,"key":"SMITH"},{"data":"Adrenaline","floor":57,"key":"SMITH"}],"neow_cost":"NONE","seed_source_timestamp":49341977362400,"circlet_count":0,"master_deck":["Defend_G","Defend_G","Survivor","Neutralize+1","Noxious Fumes+1","Backflip+1","After Image","Well Laid Plans+1","Grand Finale+1","Bouncing Flask+1","Noxious Fumes+1","Acrobatics+1","Well Laid Plans+1","Adrenaline+1","Tactician+1","Calculated Gamble+1","Prepared+1","Adrenaline","Escape Plan"],"special_seed":0,"relics":["Ring of the Snake","NeowsBlessing","MawBank","White Beast Statue","Bottled Tornado","Astrolabe","Ice Cream","Kunai","Frozen Egg 2","Snake Skull","Black Star","Ginger","Bag of Preparation","Bottled Flame","paleoftheancients:Timepiece","Coffee Dripper","Gremlin Horn","Letter Opener"],"potions_floor_usage":[60,60],"damage_taken":[{"damage":0.0,"enemies":"Cultist","floor":1.0,"turns":1.0},{"damage":0.0,"enemies":"2 Louse","floor":2.0,"turns":1.0},{"damage":0.0,"enemies":"3 Sentries","floor":8.0,"turns":1.0},{"damage":25.0,"enemies":"Gremlin Nob","floor":10.0,"turns":6.0},{"damage":1.0,"enemies":"Jaw Worm","floor":11.0,"turns":6.0},{"damage":14.0,"enemies":"Large Slime","floor":13.0,"turns":8.0},{"damage":12.0,"enemies":"Gremlin Gang","floor":14.0,"turns":3.0},{"damage":0.0,"enemies":"The Guardian","floor":16.0,"turns":8.0},{"damage":4.0,"enemies":"3 Byrds","floor":18.0,"turns":4.0},{"damage":13.0,"enemies":"2 Thieves","floor":20.0,"turns":4.0},{"damage":9.0,"enemies":"Snecko","floor":21.0,"turns":6.0},{"damage":2.0,"enemies":"Book of Stabbing","floor":23.0,"turns":7.0},{"damage":6.0,"enemies":"Snake Plant","floor":24.0,"turns":5.0},{"damage":7.0,"enemies":"Sentry and Sphere","floor":27.0,"turns":4.0},{"damage":1.0,"enemies":"Champ","floor":33.0,"turns":7.0},{"damage":12,"enemies":"Orb Walker","floor":35,"turns":4},{"damage":0,"enemies":"3 Darklings","floor":37,"turns":2},{"damage":0,"enemies":"Sphere and 2 Shapes","floor":39,"turns":4},{"damage":0,"enemies":"Maw","floor":40,"turns":4},{"damage":0,"enemies":"4 Shapes","floor":41,"turns":3},{"damage":2,"enemies":"Jaw Worm Horde","floor":42,"turns":2},{"damage":0,"enemies":"3 Darklings","floor":44,"turns":2},{"damage":0,"enemies":"Mind Bloom Boss Battle","floor":46,"turns":2},{"damage":0,"enemies":"Nemesis","floor":47,"turns":3},{"damage":0,"enemies":"Sphere and 2 Shapes","floor":48,"turns":1},{"damage":0,"enemies":"Awakened One","floor":50,"turns":3},{"damage":0,"enemies":"Awakened One","floor":51,"turns":4},{"damage":0,"enemies":"Awakened One","floor":52,"turns":2},{"damage":0,"enemies":"Awakened One","floor":56,"turns":4},{"damage":0,"enemies":"paleoftheancients:N","floor":60,"turns":2}],"seed_played":"-7901511400947001288","potions_obtained":[{"floor":1.0,"key":"SteroidPotion"},{"floor":2.0,"key":"AttackPotion"},{"floor":3.0,"key":"Fruit Juice"},{"floor":3.0,"key":"Swift Potion"},{"floor":3.0,"key":"Energy Potion"},{"floor":11.0,"key":"DuplicationPotion"},{"floor":23.0,"key":"PowerPotion"},{"floor":27.0,"key":"GamblersBrew"},{"floor":51,"key":"GhostInAJar"},{"floor":52,"key":"Ancient Potion"}],"is_trial":false,"path_per_floor":["M","M","?","$","?","R","?","E","T","E","M","R","M","M","R","B",null,"M","$","M","M","?","E","M","R","T","M","$","R","?","?","R","B",null,"M","$","M","$","M","M","M","M","T","M","R","?","E","M","R","B","M","M","?","T","R","M","R","$","?","B",null],"character_chosen":"THE_SILENT","items_purchased":["Backflip","Ice Cream","Tactician"],"campfire_rested":0,"item_purchase_floors":[4,19,38],"current_hp_per_floor":[70,70,75,75,75,75,75,75,75,50,49,49,35,23,23,23,75,71,71,58,49,28,26,20,20,20,13,13,13,13,13,13,12,75,63,63,63,63,63,63,63,61,61,61,61,61,61,61,61,75,75,75,75,75,75,75,75,75,75,75],"gold":139,"neow_bonus":"THREE_ENEMY_KILL","is_prod":false,"is_daily":false,"chose_seed":false,"campfire_upgraded":9,"win_rate":0,"timestamp":1568434569,"path_taken":["M","?","?","?","?","R","?","E","T","E","?","R","M","M","R","BOSS","M","$","M","M","?","E","?","R","T","M","?","R","?","?","R","BOSS","M","$","?","$","M","M","M","M","T","M","R","?","E","M","R","BOSS","M","M","?","T","R","M","R","$","?","BOSS"],"build_version":"2019-09-12","purchased_purges":5,"victory":true,"max_hp_per_floor":[70,70,75,75,75,75,75,75,75,75,75,75,75,75,75,75,75,75,75,75,75,75,75,75,75,75,75,75,75,75,75,75,75,75,75,75,75,75,75,75,75,75,75,75,75,75,75,75,75,75,75,75,75,75,75,75,75,75,75,75],"card_choices":[{"not_picked":["Underhanded Strike","Leg Sweep"],"picked":"Noxious Fumes","floor":1.0},{"not_picked":["Riddle With Holes","Prepared","Concentrate"],"picked":"SKIP","floor":2.0},{"not_picked":["Poisoned Stab","Sucker Punch","Envenom"],"picked":"SKIP","floor":8.0},{"not_picked":["Dodge and Roll","Backflip","PiercingWail"],"picked":"SKIP","floor":10.0},{"not_picked":["Setup","Deadly Poison"],"picked":"Bouncing Flask","floor":11.0},{"not_picked":["Quick Slash","Deadly Poison","Skewer"],"picked":"SKIP","floor":13.0},{"not_picked":["Dodge and Roll","Underhanded Strike"],"picked":"Well Laid Plans","floor":14.0},{"not_picked":["Adrenaline","Unload"],"picked":"Grand Finale","floor":16.0},{"not_picked":["Dagger Throw","Deflect"],"picked":"Acrobatics","floor":18.0},{"not_picked":["Expertise+1","Outmaneuver","Dagger Throw"],"picked":"SKIP","floor":20.0},{"not_picked":["Flying Knee","Setup+1","Infinite Blades"],"picked":"SKIP","floor":21.0},{"not_picked":["Footwork","Eviscerate","Flying Knee"],"picked":"SKIP","floor":23.0},{"not_picked":["Expertise","Deadly Poison+1","Acrobatics+1"],"picked":"SKIP","floor":24.0},{"not_picked":["Tools of the Trade+1","Prepared","Poisoned Stab"],"picked":"SKIP","floor":27.0},{"not_picked":["Die Die Die","Envenom+1"],"picked":"Adrenaline","floor":33.0},{"not_picked":["Well Laid Plans+1","Deflect+1","Quick Slash"],"picked":"SKIP","floor":35},{"not_picked":["Outmaneuver+1","Bane","Bullet Time"],"picked":"SKIP","floor":37},{"not_picked":["Dash+1","Blade Dance+1","Slice"],"picked":"SKIP","floor":39},{"not_picked":["Acrobatics+1","Dagger Spray","Eviscerate"],"picked":"SKIP","floor":40},{"not_picked":["Acrobatics+1","Dagger Spray","Eviscerate"],"picked":"SKIP","floor":40},{"not_picked":["PiercingWail+1","Skewer"],"picked":"Calculated Gamble+1","floor":41},{"not_picked":["Dagger Spray","Acrobatics"],"picked":"Prepared+1","floor":42},{"not_picked":["Skewer","Poisoned Stab+1","Expertise"],"picked":"SKIP","floor":44},{"not_picked":["Bane","Bouncing Flask"],"picked":"Adrenaline","floor":46},{"not_picked":["Bane","Slice+1"],"picked":"Escape Plan","floor":47},{"not_picked":["Underhanded Strike+1","Catalyst","Infinite Blades+1"],"picked":"SKIP","floor":48},{"not_picked":["Dagger Spray+1","Flying Knee","Quick Slash"],"picked":"SKIP","floor":51},{"not_picked":["Catalyst+1","Flying Knee","Footwork+1"],"picked":"SKIP","floor":52},{"not_picked":["Underhanded Strike","Bane","Dagger Spray"],"picked":"SKIP","floor":56}],"player_experience":965441,"relics_obtained":[{"floor":8.0,"key":"MawBank"},{"floor":9.0,"key":"White Beast Statue"},{"floor":10.0,"key":"Bottled Tornado"},{"floor":23.0,"key":"Kunai"},{"floor":26.0,"key":"Frozen Egg 2"},{"floor":46,"key":"Ginger"},{"floor":47,"key":"Bag of Preparation"},{"floor":47,"key":"Bottled Flame"},{"floor":54,"key":"Letter Opener"}],"event_choices":[{"damage_healed":0.0,"max_hp_gain":0.0,"max_hp_loss":0.0,"gold_gain":0.0,"event_name":"Lab","player_choice":"Got Potions","floor":3.0,"gold_loss":0.0,"damage_taken":0.0},{"damage_healed":0.0,"max_hp_gain":0.0,"max_hp_loss":0.0,"gold_gain":0.0,"cards_transformed":["Strike_G"],"event_name":"Living Wall","player_choice":"Change","floor":5.0,"gold_loss":0.0,"damage_taken":0.0,"cards_obtained":["All Out Attack"]},{"damage_healed":0.0,"max_hp_gain":0.0,"max_hp_loss":0.0,"gold_gain":0.0,"cards_transformed":["Strike_G"],"event_name":"Transmorgrifier","player_choice":"Transformed","floor":7.0,"gold_loss":0.0,"damage_taken":0.0,"cards_obtained":["After Image"]},{"damage_healed":0.0,"max_hp_gain":0.0,"max_hp_loss":0.0,"gold_gain":180.0,"event_name":"Knowing Skull","player_choice":"GOLD GOLD ","floor":22.0,"potions_obtained":[],"gold_loss":0.0,"damage_taken":21.0,"cards_obtained":[]},{"damage_healed":0.0,"max_hp_gain":0.0,"max_hp_loss":0.0,"gold_gain":0.0,"event_name":"Addict","player_choice":"Obtained Relic","floor":30.0,"gold_loss":85.0,"damage_taken":0.0,"relics_obtained":["Snake Skull"]},{"damage_healed":0.0,"max_hp_gain":0.0,"max_hp_loss":0.0,"gold_gain":0.0,"event_name":"Duplicator","player_choice":"Copied","floor":31.0,"gold_loss":0.0,"damage_taken":0.0,"cards_obtained":["Well Laid Plans"]},{"damage_healed":0,"gold_gain":0,"player_choice":"Fight","damage_taken":0,"max_hp_gain":0,"max_hp_loss":0,"event_name":"MindBloom","floor":46,"gold_loss":0},{"cards_removed":["Defend_G"],"damage_healed":0,"gold_gain":0,"player_choice":"Offered Basic","damage_taken":0,"max_hp_gain":0,"max_hp_loss":0,"event_name":"Bonfire Elementals","floor":53,"gold_loss":0}],"is_beta":true,"boss_relics":[{"not_picked":["Coffee Dripper","Ring of the Serpent"],"picked":"Astrolabe"},{"not_picked":["Velvet Choker","Tiny House"],"picked":"Black Star"}],"items_purged_floors":[4,19,28,38,58],"is_endless":false,"potions_floor_spawned":[1,2,10,11,13,14,16,18,20,21,23,24,27,33,35,37,39,40,41,42,44,46,48,51,52,56,60],"ascension_level":0}