{"gold_per_floor":[114,114,39,50,50,50,82,142,142,65,126,195,255,266,266,370,370,381,431,226,245,263,294,310,310,310,336,8,58,121,131,131,131],"floor_reached":33,"playtime":2026,"items_purged":["Strike_G","Strike_G","Strike_G+1"],"score":494,"play_id":"8955c84d-ed6e-48f5-ac8c-8dcb5ef0d65b","local_time":"20190905215619","is_ascension_mode":true,"campfire_choices":[{"data":"Footwork","floor":6,"key":"SMITH"},{"floor":15,"key":"REST"},{"floor":25,"key":"REST"},{"floor":32,"key":"REST"}],"neow_cost":"NONE","seed_source_timestamp":385534539146100,"circlet_count":0,"master_deck":["Strike_G+1","Strike_G+1","Defend_G+1","Defend_G+1","Defend_G+1","Defend_G+1","Defend_G+1","Survivor","Neutralize","Dash","Footwork+1","Dodge and Roll","Leg Sweep","Backstab","Flying Knee","Dagger Spray","Blur","Dodge and Roll","Die Die Die","Quick Slash+1","Caltrops","Dodge and Roll+1","Flying Knee+1","Backflip+1","Footwork","Backflip+1","PiercingWail"],"relics":["Ring of the Snake","Strawberry","SsserpentHead","Mercury Hourglass","Smiling Mask","WristBlade","Bronze Scales","Bird Faced Urn","Letter Opener","Omamori","Bottled Tornado"],"potions_floor_usage":[22,23,23,27,27],"damage_taken":[{"damage":3,"enemies":"Jaw Worm","floor":1,"turns":7},{"damage":0,"enemies":"Cultist","floor":4,"turns":5},{"damage":34,"enemies":"3 Sentries","floor":7,"turns":15},{"damage":0,"enemies":"Small Slimes","floor":8,"turns":3},{"damage":1,"enemies":"Exordium Wildlife","floor":11,"turns":3},{"damage":0,"enemies":"2 Fungi Beasts","floor":12,"turns":4},{"damage":1,"enemies":"Lots of Slimes","floor":13,"turns":2},{"damage":0,"enemies":"Blue Slaver","floor":14,"turns":4},{"damage":0,"enemies":"The Guardian","floor":16,"turns":22},{"damage":1,"enemies":"Chosen","floor":18,"turns":8},{"damage":15,"enemies":"2 Thieves","floor":21,"turns":4},{"damage":4,"enemies":"Snake Plant","floor":22,"turns":3},{"damage":26,"enemies":"Gremlin Leader","floor":23,"turns":7},{"damage":3,"enemies":"Cultist and Chosen","floor":24,"turns":6},{"damage":18,"enemies":"Slavers","floor":27,"turns":4},{"damage":5,"enemies":"Snecko","floor":30,"turns":8},{"damage":3,"enemies":"Sentry and Sphere","floor":31,"turns":5},{"damage":68,"enemies":"Collector","floor":33,"turns":21}],"seed_played":"-1359681560806892374","potions_obtained":[{"floor":11,"key":"Block Potion"},{"floor":12,"key":"EssenceOfSteel"},{"floor":13,"key":"LiquidBronze"},{"floor":14,"key":"GhostInAJar"},{"floor":22,"key":"Poison Potion"},{"floor":23,"key":"EssenceOfSteel"},{"floor":30,"key":"Swift Potion"}],"is_trial":false,"path_per_floor":["M","?","$","M","$","R","E","M","T","$","M","M","M","M","R","B",null,"M","?","$","M","M","E","M","R","T","E","$","?","M","M","R","B"],"character_chosen":"THE_SILENT","items_purchased":["Backstab","Bronze Scales","Footwork","Bottled Tornado"],"campfire_rested":3,"item_purchase_floors":[10,20,28,28],"current_hp_per_floor":[67,67,67,67,67,67,33,33,33,33,32,32,31,31,54,54,71,70,70,70,55,51,25,26,49,49,35,35,35,36,35,58,0],"gold":131,"neow_bonus":"RANDOM_COMMON_RELIC","is_prod":false,"is_daily":false,"chose_seed":false,"campfire_upgraded":1,"win_rate":0,"timestamp":1567745779,"path_taken":["M","?","$","M","$","R","E","?","T","?","?","?","?","M","R","BOSS","M","?","$","M","M","E","M","R","T","E","$","?","?","M","R","BOSS"],"build_version":"2019-07-17","purchased_purges":3,"victory":false,"max_hp_per_floor":[77,77,77,77,77,77,77,77,77,77,77,77,77,77,77,77,77,77,77,77,77,77,77,77,77,77,77,77,77,77,77,77,77],"card_choices":[{"not_picked":["Deflect","Finisher"],"picked":"Dash","floor":1},{"not_picked":["Dash","PiercingWail"],"picked":"Footwork","floor":4},{"not_picked":["Dagger Spray","Blade Dance"],"picked":"Dodge and Roll","floor":7},{"not_picked":["Distraction","Caltrops"],"picked":"Leg Sweep","floor":8},{"not_picked":["Bane","Dodge and Roll"],"picked":"Flying Knee","floor":11},{"not_picked":["Blade Dance","Outmaneuver"],"picked":"Dagger Spray","floor":12},{"not_picked":["Accuracy","Finisher"],"picked":"Blur","floor":13},{"not_picked":["Predator","Dagger Spray"],"picked":"Dodge and Roll","floor":14},{"not_picked":["Unload","Wraith Form v2"],"picked":"Die Die Die","floor":16},{"not_picked":["Poisoned Stab","Concentrate"],"picked":"Quick Slash+1","floor":18},{"not_picked":["Acrobatics","Outmaneuver"],"picked":"Caltrops","floor":21},{"not_picked":["Riddle With Holes+1","Sucker Punch"],"picked":"Dodge and Roll+1","floor":22},{"not_picked":["Setup+1","Dodge and Roll"],"picked":"Flying Knee+1","floor":23},{"not_picked":["Dagger Throw","Blur"],"picked":"Backflip+1","floor":24},{"not_picked":["Distraction","Doppelganger","Finisher"],"picked":"SKIP","floor":27},{"not_picked":["Underhanded Strike","Dagger Throw"],"picked":"Backflip+1","floor":30},{"not_picked":["Backflip","Tactician"],"picked":"PiercingWail","floor":31}],"player_experience":301589,"relics_obtained":[{"floor":7,"key":"Mercury Hourglass"},{"floor":9,"key":"Smiling Mask"},{"floor":23,"key":"Bird Faced Urn"},{"floor":26,"key":"Letter Opener"},{"floor":27,"key":"Omamori"}],"event_choices":[{"damage_healed":0,"gold_gain":0,"player_choice":"Trade","damage_taken":0,"relics_obtained":["SsserpentHead"],"max_hp_gain":0,"max_hp_loss":0,"event_name":"FaceTrader","floor":2,"gold_loss":0},{"damage_healed":0,"gold_gain":0,"player_choice":"Simplicity","damage_taken":0,"max_hp_gain":0,"max_hp_loss":0,"event_name":"Back to Basics","floor":19,"gold_loss":0,"cards_upgraded":["Strike_G","Strike_G","Strike_G","Defend_G","Defend_G","Defend_G","Defend_G","Defend_G"]},{"damage_healed":0,"gold_gain":0,"player_choice":"0 cards matched","damage_taken":0,"max_hp_gain":0,"max_hp_loss":0,"event_name":"Match and Keep!","floor":29,"gold_loss":0,"cards_obtained":[]}],"is_beta":false,"boss_relics":[{"not_picked":["Coffee Dripper","Tiny House"],"picked":"WristBlade"}],"items_purged_floors":[3,10,20],"is_endless":false,"potions_floor_spawned":[11,12,13,14,21,22,23,30],"killed_by":"Collector","ascension_level":9}