{"gold_per_floor":[117,117,392,405,76,76,101,112,189,189,201,259,259,274,274,352,352,364,279,279,94,68,68,84,84,129,129,129,129,141,166,166,239,239,252,232,244,18,18,18,18,33,33,46,74,86,86,86],"floor_reached":48,"playtime":1461,"items_purged":["Regret","Strike_G"],"score":956,"play_id":"4b82dc41-f8d0-4b99-a600-b548b7c71994","local_time":"20190829124140","is_ascension_mode":true,"campfire_choices":[{"data":"Dash","floor":6.0,"key":"SMITH"},{"data":"Finisher","floor":10.0,"key":"SMITH"},{"data":"Neutralize","floor":13.0,"key":"SMITH"},{"data":"Noxious Fumes","floor":15.0,"key":"SMITH"},{"data":"Footwork","floor":23.0,"key":"SMITH"},{"data":"Terror","floor":25.0,"key":"SMITH"},{"floor":27.0,"key":"REST"},{"data":"Endless Agony","floor":29.0,"key":"SMITH"},{"data":"Cloak And Dagger","floor":32.0,"key":"SMITH"},{"data":"Expertise","floor":40.0,"key":"SMITH"},{"data":"Reflex","floor":47,"key":"SMITH"}],"neow_cost":"NONE","seed_source_timestamp":268312582983499,"circlet_count":0,"master_deck":["AscendersBane","Survivor","Neutralize+1","Dash+1","Slice+1","Finisher+1","Terror+1","Noxious Fumes+1","After Image","Backflip","Endless Agony+1","Footwork+1","Prepared","Cloak And Dagger+1","Venomology","Catalyst","Dodge and Roll","Flechettes","Blur","Expertise+1","Night Terror","Dodge and Roll","Concentrate","Reflex+1","Parasite"],"special_seed":0,"relics":["Runic Pyramid","Sling","PreservedInsect","Whetstone","Orrery","Lantern","Vajra","Strawberry","Pandora\u0027s Box","Medical Kit","Mercury Hourglass","Smiling Mask"],"potions_floor_usage":[46,46,48,48],"damage_taken":[{"damage":2.0,"enemies":"2 Louse","floor":1.0,"turns":4.0},{"damage":7.0,"enemies":"Small Slimes","floor":4.0,"turns":6.0},{"damage":9.0,"enemies":"Lagavulin","floor":7.0,"turns":6.0},{"damage":0.0,"enemies":"Cultist","floor":8.0,"turns":4.0},{"damage":3.0,"enemies":"Looter","floor":11.0,"turns":3.0},{"damage":0.0,"enemies":"Gremlin Nob","floor":12.0,"turns":3.0},{"damage":6.0,"enemies":"Large Slime","floor":14.0,"turns":3.0},{"damage":5.0,"enemies":"Hexaghost","floor":16.0,"turns":9.0},{"damage":4.0,"enemies":"Chosen","floor":18.0,"turns":3.0},{"damage":18.0,"enemies":"2 Thieves","floor":22.0,"turns":4.0},{"damage":9.0,"enemies":"Snake Plant","floor":24.0,"turns":4.0},{"damage":19.0,"enemies":"Shelled Parasite and Fungi","floor":30.0,"turns":5.0},{"damage":8.0,"enemies":"Gremlin Leader","floor":31.0,"turns":4.0},{"damage":11.0,"enemies":"Champ","floor":33.0,"turns":14.0},{"damage":38.0,"enemies":"3 Darklings","floor":35.0,"turns":6.0},{"damage":1.0,"enemies":"3 Shapes","floor":37.0,"turns":6.0},{"damage":13.0,"enemies":"Sphere and 2 Shapes","floor":42.0,"turns":7.0},{"damage":4.0,"enemies":"Transient","floor":44.0,"turns":6.0},{"damage":5.0,"enemies":"Nemesis","floor":45.0,"turns":5.0},{"damage":2,"enemies":"Writhing Mass","floor":46,"turns":7},{"damage":4,"enemies":"Reptomancer","floor":48,"turns":2}],"seed_played":"8833097064755786978","potions_obtained":[{"floor":1.0,"key":"Block Potion"},{"floor":7.0,"key":"Weak Potion"},{"floor":33.0,"key":"Regen Potion"},{"floor":35.0,"key":"SkillPotion"},{"floor":36.0,"key":"Block Potion"},{"floor":46,"key":"Weak Potion"}],"is_trial":false,"path_per_floor":["M","?","?","M","$","R","E","M","T","R","M","?","R","M","R","B",null,"M","?","?","$","M","R","M","R","T","R","?","R","M","E","R","B",null,"M","?","M","$","?","R","$","M","T","M","E","M","R","E"],"character_chosen":"THE_SILENT","items_purchased":["Sling","Slice","GhostInAJar","Medical Kit"],"campfire_rested":1,"item_purchase_floors":[5,5,21,38],"current_hp_per_floor":[57,50,50,43,43,43,34,34,34,34,31,31,31,25,25,20,55,51,51,51,51,33,33,24,24,24,43,43,43,24,23,23,12,58,34,34,33,33,33,33,33,20,20,16,11,9,9,5],"gold":86,"neow_bonus":"BOSS_RELIC","is_prod":false,"is_daily":false,"chose_seed":false,"campfire_upgraded":10,"win_rate":0,"timestamp":1567053700,"path_taken":["M","?","?","M","$","R","E","?","T","R","M","?","R","M","R","BOSS","M","?","?","$","M","R","M","R","T","R","?","R","M","E","R","BOSS","M","?","M","?","?","R","$","?","T","M","E","M","R","E"],"build_version":"2019-07-17","purchased_purges":2,"victory":false,"max_hp_per_floor":[66,66,66,66,66,66,66,66,66,66,66,66,66,66,66,66,66,66,66,66,66,66,66,66,66,66,66,66,66,66,73,73,73,73,73,73,73,73,73,73,73,73,73,73,73,73,73,73],"card_choices":[{"not_picked":["Finisher","Bane","Sucker Punch"],"picked":"SKIP","floor":1.0},{"not_picked":["Expertise","Backstab"],"picked":"Dash","floor":4.0},{"not_picked":["PiercingWail","Dagger Spray","Flying Knee"],"picked":"SKIP","floor":7.0},{"not_picked":["Cloak And Dagger","Slice"],"picked":"Finisher","floor":8.0},{"not_picked":["Acrobatics","All Out Attack"],"picked":"Terror","floor":11.0},{"not_picked":["Backflip","Poisoned Stab"],"picked":"Noxious Fumes","floor":14.0},{"not_picked":["Storm of Steel","Adrenaline"],"picked":"After Image","floor":16.0},{"not_picked":["Predator","Riddle With Holes"],"picked":"Backflip","floor":17.0},{"not_picked":["Backflip","Outmaneuver"],"picked":"Endless Agony","floor":17.0},{"not_picked":["Bane","Backflip+1","PiercingWail+1"],"picked":"SKIP","floor":18.0},{"not_picked":["Noxious Fumes","Acrobatics"],"picked":"Footwork","floor":22.0},{"not_picked":["Reflex","Dagger Throw","Bane"],"picked":"SKIP","floor":24.0},{"not_picked":["Slice","Outmaneuver"],"picked":"Prepared","floor":30.0},{"not_picked":["Backflip","Prepared"],"picked":"Cloak And Dagger","floor":31.0},{"not_picked":["Underhanded Strike","Slice","All Out Attack"],"picked":"SKIP","floor":35.0},{"not_picked":["Prepared","Storm of Steel"],"picked":"Concentrate","floor":37.0},{"not_picked":["PiercingWail+1","Masterful Stab","Outmaneuver+1"],"picked":"SKIP","floor":42.0},{"not_picked":["Bane","Deadly Poison+1"],"picked":"Reflex","floor":44.0},{"not_picked":["Bane+1","Blade Dance","Sucker Punch+1"],"picked":"SKIP","floor":45.0},{"not_picked":["Choke+1","Masterful Stab+1","Flying Knee+1"],"picked":"SKIP","floor":46}],"player_experience":896975,"relics_obtained":[{"floor":7.0,"key":"PreservedInsect"},{"floor":12.0,"key":"Whetstone"},{"floor":26.0,"key":"Vajra"},{"floor":31.0,"key":"Strawberry"},{"floor":43.0,"key":"Mercury Hourglass"},{"floor":45.0,"key":"Smiling Mask"}],"event_choices":[{"cards_removed":["Strike_G"],"damage_healed":0.0,"max_hp_gain":0.0,"max_hp_loss":0.0,"gold_gain":0.0,"event_name":"Golden Wing","player_choice":"Card Removal","floor":2.0,"gold_loss":0.0,"damage_taken":7.0},{"damage_healed":0.0,"max_hp_gain":0.0,"max_hp_loss":0.0,"gold_gain":275.0,"event_name":"Golden Shrine","player_choice":"Desecrate","floor":3.0,"gold_loss":0.0,"damage_taken":0.0,"cards_obtained":["Regret"]},{"damage_healed":0.0,"max_hp_gain":0.0,"max_hp_loss":0.0,"gold_gain":30.0,"event_name":"Dead Adventurer","player_choice":"Searched \u00272\u0027 times","floor":12.0,"gold_loss":0.0,"damage_taken":0.0},{"damage_healed":0.0,"max_hp_gain":0.0,"max_hp_loss":0.0,"gold_gain":0.0,"event_name":"Addict","player_choice":"Obtained Relic","floor":19.0,"gold_loss":85.0,"damage_taken":0.0,"relics_obtained":["Lantern"]},{"damage_healed":0.0,"max_hp_gain":0.0,"max_hp_loss":0.0,"gold_gain":0.0,"event_name":"Cursed Tome","player_choice":"Ignored","floor":20.0,"gold_loss":0.0,"damage_taken":0.0},{"damage_healed":0.0,"max_hp_gain":0.0,"max_hp_loss":0.0,"gold_gain":0.0,"event_name":"Ghosts","player_choice":"Ignored","floor":28.0,"gold_loss":0.0,"damage_taken":0.0},{"damage_healed":0.0,"max_hp_gain":0.0,"max_hp_loss":0.0,"gold_gain":0.0,"event_name":"The Woman in Blue","player_choice":"Bought 1 Potion","floor":36.0,"gold_loss":0.0,"damage_taken":0.0},{"damage_healed":0.0,"max_hp_gain":0.0,"max_hp_loss":0.0,"gold_gain":0.0,"event_name":"Mysterious Sphere","player_choice":"Ignored","floor":39.0,"gold_loss":0.0,"damage_taken":0.0}],"is_beta":false,"boss_relics":[{"not_picked":["Tiny House","Fusion Hammer"],"picked":"Orrery"},{"not_picked":["Black Star","Runic Dome"],"picked":"Pandora\u0027s Box"}],"items_purged_floors":[5,21],"is_endless":false,"potions_floor_spawned":[1,7,11,14,24,30,31,33,35,45,46],"killed_by":"Reptomancer","ascension_level":20}