{"gold_per_floor":[359,377,226,241,258,292,292,322,322,322,341,361,390,409,409,507,507,524,541,541,213,243,243,158,170,232,261,273],"floor_reached":28,"playtime":4655,"items_purged":["Strike_R","Strike_R"],"score":264,"play_id":"a7d76d94-2538-4734-8c75-1bea3f821ba7","local_time":"20190919200021","is_ascension_mode":true,"campfire_choices":[{"floor":7,"key":"REST"},{"data":"Iron Wave","floor":10,"key":"SMITH"},{"data":"Ghostly Armor","floor":15,"key":"SMITH"},{"floor":23,"key":"REST"}],"neow_cost":"PERCENT_DAMAGE","seed_source_timestamp":9118851931023,"circlet_count":0,"master_deck":["Strike_R","Strike_R","Strike_R","Defend_R","Defend_R","Defend_R","Heavy Blade","Ghostly Armor+1","Spot Weakness","Iron Wave+1","Shrug It Off","Armaments+1","Sentinel","Dual Wield+1","Barricade+1","Inflame+1","Burning Pact","Feel No Pain+1","Shrug It Off+1"],"relics":["Burning Blood","Frozen Egg 2","Paper Frog","Gremlin Horn","Bottled Flame","Empty Cage","War Paint","Red Mask","MawBank","Lantern"],"potions_floor_usage":[6,8,8,13,22],"damage_taken":[{"damage":13,"enemies":"Jaw Worm","floor":1,"turns":5},{"damage":0,"enemies":"Small Slimes","floor":2,"turns":3},{"damage":0,"enemies":"2 Louse","floor":4,"turns":3},{"damage":2,"enemies":"Looter","floor":5,"turns":3},{"damage":19,"enemies":"Gremlin Nob","floor":6,"turns":4},{"damage":11,"enemies":"Lagavulin","floor":8,"turns":7},{"damage":3,"enemies":"Exordium Wildlife","floor":11,"turns":5},{"damage":4,"enemies":"3 Louse","floor":12,"turns":3},{"damage":28,"enemies":"3 Sentries","floor":13,"turns":11},{"damage":0,"enemies":"2 Fungi Beasts","floor":14,"turns":4},{"damage":40,"enemies":"Hexaghost","floor":16,"turns":13},{"damage":11,"enemies":"Shell Parasite","floor":18,"turns":9},{"damage":4,"enemies":"Chosen","floor":19,"turns":6},{"damage":50,"enemies":"Masked Bandits","floor":22,"turns":6},{"damage":24,"enemies":"Snake Plant","floor":27,"turns":11},{"damage":60,"enemies":"Book of Stabbing","floor":28,"turns":8}],"seed_played":"2852143116711839619","potions_obtained":[{"floor":1,"key":"Block Potion"},{"floor":2,"key":"Poison Potion"},{"floor":4,"key":"Strength Potion"},{"floor":12,"key":"Dexterity Potion"},{"floor":18,"key":"LiquidBronze"},{"floor":19,"key":"FairyPotion"}],"is_trial":false,"path_per_floor":["M","M","$","M","M","E","R","E","T","R","M","M","E","M","R","B",null,"M","M","?","$","?","R","?","?","T","M","E"],"character_chosen":"IRONCLAD","items_purchased":["Ghostly Armor","War Paint","Inflame+1"],"campfire_rested":2,"item_purchase_floors":[3,21,21],"current_hp_per_floor":[49,55,55,61,65,52,76,71,71,71,74,76,54,60,60,26,80,75,77,77,77,33,57,57,57,57,39,0],"gold":273,"neow_bonus":"TWO_FIFTY_GOLD","is_prod":false,"is_daily":false,"chose_seed":false,"campfire_upgraded":2,"win_rate":0,"timestamp":1568937621,"path_taken":["M","M","$","M","M","E","R","E","T","R","M","M","E","M","R","BOSS","M","M","?","$","?","R","?","?","T","M","E"],"build_version":"2019-07-17","purchased_purges":2,"victory":false,"max_hp_per_floor":[80,80,80,80,80,80,80,80,80,80,80,80,80,80,80,80,80,80,80,80,80,80,80,80,80,80,80,80],"card_choices":[{"not_picked":["Bloodletting","Anger","Clash"],"picked":"SKIP","floor":1},{"not_picked":["Bloodletting","Blood for Blood"],"picked":"Heavy Blade","floor":2},{"not_picked":["Shrug It Off","Flex"],"picked":"Spot Weakness","floor":4},{"not_picked":["Whirlwind","Pommel Strike"],"picked":"Iron Wave","floor":5},{"not_picked":["Clothesline","Armaments"],"picked":"Shrug It Off","floor":6},{"not_picked":["Clash","Twin Strike"],"picked":"Armaments","floor":8},{"not_picked":["True Grit","Cleave"],"picked":"Sentinel","floor":11},{"not_picked":["Anger","Cleave"],"picked":"Dual Wield","floor":12},{"not_picked":["Body Slam","Rage","Iron Wave"],"picked":"SKIP","floor":13},{"not_picked":["Blood for Blood","Clash","Dropkick"],"picked":"SKIP","floor":14},{"not_picked":["Fiend Fire","Offering"],"picked":"Barricade+1","floor":16},{"not_picked":["Bloodletting","Infernal Blade","Heavy Blade"],"picked":"SKIP","floor":18},{"not_picked":["Reckless Charge","Headbutt","Flame Barrier"],"picked":"SKIP","floor":19},{"not_picked":["True Grit","Flex"],"picked":"Burning Pact","floor":22},{"not_picked":["Anger+1","Twin Strike+1"],"picked":"Shrug It Off+1","floor":27}],"player_experience":117235,"relics_obtained":[{"floor":6,"key":"Frozen Egg 2"},{"floor":8,"key":"Paper Frog"},{"floor":9,"key":"Gremlin Horn"},{"floor":13,"key":"Bottled Flame"},{"floor":22,"key":"Red Mask"},{"floor":26,"key":"Lantern"}],"event_choices":[{"damage_healed":0,"gold_gain":0,"player_choice":"Ignored","damage_taken":0,"max_hp_gain":0,"max_hp_loss":0,"event_name":"Vampires","floor":20,"gold_loss":0},{"damage_healed":0,"gold_gain":0,"player_choice":"Fought Bandits","damage_taken":0,"max_hp_gain":0,"max_hp_loss":0,"event_name":"Masked Bandits","floor":22,"gold_loss":0},{"damage_healed":0,"gold_gain":0,"player_choice":"Obtained Relic","damage_taken":0,"relics_obtained":["MawBank"],"max_hp_gain":0,"max_hp_loss":0,"event_name":"Addict","floor":24,"gold_loss":85},{"damage_healed":0,"gold_gain":0,"player_choice":"Read","damage_taken":0,"max_hp_gain":0,"max_hp_loss":0,"event_name":"The Library","floor":25,"gold_loss":0,"cards_obtained":["Feel No Pain"]}],"is_beta":false,"boss_relics":[{"not_picked":["Philosopher\u0027s Stone","Black Blood"],"picked":"Empty Cage"}],"items_purged_floors":[3,21],"is_endless":false,"potions_floor_spawned":[1,2,4,5,12,18,19],"killed_by":"Book of Stabbing","ascension_level":2}