{"gold_per_floor":[366,366,383,402,422,422,422,422,422,437,437,71,71,91,91,163,163,181,196,12,23,43,69,69,98,151,184,234,244,259,284,284,362,362,376,394,394,417,436,461,336,354,354,400,422,57,57,84,84,84,84,84,84,34,67,67],"floor_reached":57,"playtime":3787,"items_purged":["Strike_G","Strike_G","Defend_G","Defend_G","Dagger Throw+1"],"score":3703,"play_id":"92097288-797c-4e16-8316-7747b3cfa6a0","local_time":"20190901112934","is_ascension_mode":true,"campfire_choices":[{"data":"Neutralize","floor":6.0,"key":"SMITH"},{"data":"Dagger Throw","floor":8.0,"key":"SMITH"},{"data":"Acrobatics","floor":11.0,"key":"SMITH"},{"data":"Purity","floor":13.0,"key":"SMITH"},{"data":"Master of Strategy","floor":15.0,"key":"SMITH"},{"floor":32.0,"key":"RECALL"},{"data":"Quick Slash","floor":49,"key":"SMITH"},{"data":"Adrenaline","floor":53,"key":"SMITH"}],"neow_cost":"PERCENT_DAMAGE","seed_source_timestamp":0,"circlet_count":0,"master_deck":["AscendersBane","Defend_G","Defend_G","Defend_G","Survivor","Neutralize+1","Quick Slash+1","PiercingWail","Acrobatics+1","Purity+1","Master of Strategy+1","Backflip","Adrenaline+1","Calculated Gamble+1","After Image+1"],"special_seed":0,"relics":["Ring of the Snake","Sundial","Empty Cage","Meat on the Bone","Art of War","Frozen Egg 2","Ginger","Coffee Dripper","Dream Catcher","Matryoshka","MawBank","Question Card","Pantograph","TheAbacus","Smiling Mask","Bottled Tornado"],"potions_floor_usage":[56,56],"damage_taken":[{"damage":4.0,"enemies":"Jaw Worm","floor":1.0,"turns":6.0},{"damage":1.0,"enemies":"Cultist","floor":3.0,"turns":5.0},{"damage":5.0,"enemies":"Small Slimes","floor":4.0,"turns":4.0},{"damage":12.0,"enemies":"Gremlin Gang","floor":5.0,"turns":8.0},{"damage":0.0,"enemies":"Looter","floor":10.0,"turns":3.0},{"damage":0.0,"enemies":"2 Fungi Beasts","floor":14.0,"turns":2.0},{"damage":0.0,"enemies":"Hexaghost","floor":16.0,"turns":2.0},{"damage":7.0,"enemies":"2 Thieves","floor":18.0,"turns":2.0},{"damage":0.0,"enemies":"3 Byrds","floor":19.0,"turns":2.0},{"damage":0.0,"enemies":"Snake Plant","floor":21.0,"turns":4.0},{"damage":0.0,"enemies":"Snecko","floor":22.0,"turns":1.0},{"damage":0.0,"enemies":"Slavers","floor":23.0,"turns":1.0},{"damage":0.0,"enemies":"Gremlin Leader","floor":25.0,"turns":2.0},{"damage":0.0,"enemies":"Book of Stabbing","floor":27.0,"turns":2.0},{"damage":0.0,"enemies":"Centurion and Healer","floor":29.0,"turns":1.0},{"damage":2.0,"enemies":"Shelled Parasite and Fungi","floor":30.0,"turns":2.0},{"damage":0.0,"enemies":"Slavers","floor":31.0,"turns":1.0},{"damage":0.0,"enemies":"Champ","floor":33.0,"turns":1.0},{"damage":0,"enemies":"Orb Walker","floor":35,"turns":1},{"damage":0,"enemies":"3 Shapes","floor":36,"turns":2},{"damage":3,"enemies":"Transient","floor":39,"turns":6},{"damage":0,"enemies":"Giant Head","floor":40,"turns":2},{"damage":0,"enemies":"3 Darklings","floor":42,"turns":1},{"damage":0,"enemies":"Reptomancer","floor":44,"turns":1},{"damage":0,"enemies":"Maw","floor":45,"turns":1},{"damage":0,"enemies":"Nemesis","floor":48,"turns":1},{"damage":0,"enemies":"Donu and Deca","floor":50,"turns":1},{"damage":0,"enemies":"Awakened One","floor":51,"turns":2},{"damage":0,"enemies":"Shield and Spear","floor":55,"turns":1},{"damage":0,"enemies":"The Heart","floor":56,"turns":4}],"seed_played":"5","potions_obtained":[{"floor":3.0,"key":"GhostInAJar"},{"floor":7.0,"key":"Regen Potion"},{"floor":23.0,"key":"GamblersBrew"}],"is_trial":false,"path_per_floor":["M","?","M","M","M","R","?","R","T","M","R","$","R","M","R","B",null,"M","M","$","M","M","E","?","E","T","E","?","M","M","E","R","B",null,"M","M","?","T","M","E","$","M","T","E","M","$","?","E","R","B","B",null,"R","$","E","B",null],"character_chosen":"THE_SILENT","items_purchased":["Purity","Master of Strategy","GamblersBrew","TheAbacus"],"campfire_rested":0,"item_purchase_floors":[12,12,20,46],"current_hp_per_floor":[40,40,39,34,22,22,22,22,22,22,22,22,22,22,22,22,55,48,48,48,48,48,48,48,48,48,48,48,48,46,46,46,46,61,61,61,61,61,58,58,58,58,58,58,58,58,54,54,54,66,66,66,66,66,66,66],"gold":67,"neow_bonus":"TWO_FIFTY_GOLD","is_prod":false,"is_daily":false,"chose_seed":false,"campfire_upgraded":7,"win_rate":0,"timestamp":1567308574,"path_taken":["M","?","?","M","M","R","?","R","T","M","R","$","R","?","R","BOSS","M","M","$","M","M","E","?","E","T","E","?","?","M","E","R","BOSS","M","M","?","?","M","E","$","M","T","E","M","$","?","E","R","BOSS","BOSS","R","$","E","BOSS"],"build_version":"2019-07-17","purchased_purges":5,"victory":true,"max_hp_per_floor":[66,66,66,66,66,66,66,66,66,66,66,66,66,66,66,66,66,66,66,66,66,66,66,66,66,66,66,66,66,66,66,66,66,66,66,66,66,66,66,66,66,66,66,66,66,66,66,66,66,66,66,66,66,66,66,66],"card_choices":[{"not_picked":["Dodge and Roll","Sucker Punch","Prepared"],"picked":"SKIP","floor":1.0},{"not_picked":["Prepared","Outmaneuver"],"picked":"Dagger Throw","floor":3.0},{"not_picked":["Terror","Bane"],"picked":"Quick Slash","floor":4.0},{"not_picked":["Distraction","Dash"],"picked":"PiercingWail","floor":5.0},{"not_picked":["Endless Agony","Sucker Punch"],"picked":"Acrobatics","floor":10.0},{"not_picked":["Caltrops","Bane","Blade Dance"],"picked":"SKIP","floor":14.0},{"not_picked":["Poisoned Stab","Sucker Punch"],"picked":"Backflip","floor":18.0},{"not_picked":["Deflect","Prepared","Dodge and Roll"],"picked":"SKIP","floor":19.0},{"not_picked":["Accuracy","Deadly Poison+1","Cloak And Dagger"],"picked":"SKIP","floor":21.0},{"not_picked":["Sucker Punch+1","Riddle With Holes"],"picked":"Adrenaline","floor":22.0},{"not_picked":["Slice","All Out Attack+1","Eviscerate"],"picked":"SKIP","floor":23.0},{"not_picked":["Distraction","Expertise","Prepared"],"picked":"SKIP","floor":25.0},{"not_picked":["Leg Sweep","PiercingWail","Blade Dance+1"],"picked":"SKIP","floor":27.0},{"not_picked":["Outmaneuver","Flying Knee","Deadly Poison"],"picked":"SKIP","floor":29.0},{"not_picked":["Catalyst","Bane+1","All Out Attack"],"picked":"SKIP","floor":30.0},{"not_picked":["Doppelganger","Concentrate+1","Envenom+1"],"picked":"SKIP","floor":31.0},{"not_picked":["Outmaneuver","Backflip+1","Quick Slash"],"picked":"SKIP","floor":35},{"not_picked":["Outmaneuver","Backflip+1","Quick Slash"],"picked":"SKIP","floor":35},{"not_picked":["Deadly Poison+1","Dodge and Roll+1","Deflect"],"picked":"SKIP","floor":36},{"not_picked":["Flying Knee","Predator","Riddle With Holes"],"picked":"SKIP","floor":39},{"not_picked":["Malaise","Accuracy+1","Bane"],"picked":"SKIP","floor":40},{"not_picked":["Prepared","Deflect+1","Skewer"],"picked":"SKIP","floor":42},{"not_picked":["Poisoned Stab","Underhanded Strike","Flying Knee","Dagger Throw"],"picked":"SKIP","floor":44},{"not_picked":["Noxious Fumes+1","Dash","PiercingWail"],"picked":"Calculated Gamble+1","floor":45},{"not_picked":["Cloak And Dagger","Leg Sweep+1","Deflect"],"picked":"After Image+1","floor":48},{"not_picked":["PiercingWail+1","Noxious Fumes+1","Sucker Punch","Dash"],"picked":"SKIP","floor":55}],"player_experience":916964,"relics_obtained":[{"floor":9.0,"key":"Sundial"},{"floor":23.0,"key":"Meat on the Bone"},{"floor":25.0,"key":"Art of War"},{"floor":27.0,"key":"Frozen Egg 2"},{"floor":31.0,"key":"Ginger"},{"floor":38,"key":"Dream Catcher"},{"floor":40,"key":"Matryoshka"},{"floor":43,"key":"MawBank"},{"floor":43,"key":"Question Card"},{"floor":44,"key":"Pantograph"},{"floor":48,"key":"Smiling Mask"},{"floor":55,"key":"Bottled Tornado"}],"event_choices":[{"cards_removed":["Strike_G"],"damage_healed":0.0,"max_hp_gain":0.0,"max_hp_loss":0.0,"gold_gain":0.0,"event_name":"Bonfire Elementals","player_choice":"Offered Basic","floor":2.0,"gold_loss":0.0,"damage_taken":0.0},{"damage_healed":0.0,"max_hp_gain":0.0,"max_hp_loss":0.0,"gold_gain":0.0,"event_name":"Lab","player_choice":"Got Potions","floor":7.0,"gold_loss":0.0,"damage_taken":0.0},{"damage_healed":0.0,"max_hp_gain":0.0,"max_hp_loss":0.0,"gold_gain":0.0,"event_name":"Ghosts","player_choice":"Ignored","floor":24.0,"gold_loss":0.0,"damage_taken":0.0},{"damage_healed":0.0,"max_hp_gain":0.0,"max_hp_loss":0.0,"gold_gain":50.0,"event_name":"Golden Shrine","player_choice":"Pray","floor":28.0,"gold_loss":0.0,"damage_taken":0.0},{"damage_healed":0,"gold_gain":0,"player_choice":"Ignored","damage_taken":0,"max_hp_gain":0,"max_hp_loss":0,"event_name":"Tomb of Lord Red Mask","floor":37,"gold_loss":0},{"damage_healed":0,"gold_gain":0,"player_choice":"Bought 0 Potions","damage_taken":0,"max_hp_gain":0,"max_hp_loss":0,"event_name":"The Woman in Blue","floor":47,"gold_loss":0}],"is_beta":false,"boss_relics":[{"not_picked":["HoveringKite","Philosopher\u0027s Stone"],"picked":"Empty Cage"},{"not_picked":["Orrery","Cursed Key"],"picked":"Coffee Dripper"}],"items_purged_floors":[12,20,41,46,54],"is_endless":false,"potions_floor_spawned":[3,10,14,19,23,25,31,36,40,42,45,55],"ascension_level":20}