{"gold_per_floor":[119,139,139,23,23,50,50,70,95,95,95,112,138,38,38,110,110,63,74,74,74,74,74,74,74,74,74,74,74,90,122,122,199,199,217,63,0,0,19,19,71,71,71,71,81,110,110,137,137,137,137,137,137,56,88,88],"floor_reached":57,"playtime":2527,"items_purged":["Strike_G","Strike_G","Strike_G"],"score":2800,"play_id":"e349117b-eb31-4acd-ae5b-d662d16792c8","local_time":"20190908203128","is_ascension_mode":true,"campfire_choices":[{"data":"Deadly Poison","floor":7.0,"key":"SMITH"},{"data":"Neutralize","floor":11.0,"key":"SMITH"},{"data":"Doppelganger","floor":15.0,"key":"SMITH"},{"data":"Well Laid Plans","floor":23.0,"key":"SMITH"},{"data":"Deadly Poison","floor":29.0,"key":"SMITH"},{"data":"Malaise","floor":32.0,"key":"SMITH"},{"data":"Acrobatics","floor":40.0,"key":"SMITH"},{"data":"Backflip","floor":42.0,"key":"SMITH"},{"floor":49.0,"key":"RECALL"},{"data":"Calculated Gamble","floor":53.0,"key":"SMITH"}],"neow_cost":"NONE","seed_source_timestamp":606148280651700,"circlet_count":0,"master_deck":["AscendersBane","Strike_G","Defend_G+1","Defend_G","Defend_G","Defend_G","Defend_G","Survivor+1","Neutralize+1","Deadly Poison+1","Well Laid Plans+1","Deadly Poison+1","Doppelganger+1","Malaise+1","Ghostly","Ghostly","Ghostly","Grand Finale","Backflip+1","Acrobatics+1","Calculated Gamble+1","Escape Plan"],"special_seed":0,"relics":["Ring of the Snake","NeowsBlessing","Regal Pillow","Art of War","Meat on the Bone","Ancient Tea Set","Coffee Dripper","Incense Burner","Turnip","Eternal Feather","Red Mask","Tough Bandages","Ice Cream","War Paint","Bottled Lightning","Orichalcum"],"potions_floor_usage":[56,56],"damage_taken":[{"damage":0.0,"enemies":"Jaw Worm","floor":1.0,"turns":1.0},{"damage":0.0,"enemies":"2 Louse","floor":2.0,"turns":1.0},{"damage":0.0,"enemies":"Lagavulin","floor":6.0,"turns":1.0},{"damage":1.0,"enemies":"Small Slimes","floor":8.0,"turns":4.0},{"damage":25.0,"enemies":"Exordium Thugs","floor":12.0,"turns":8.0},{"damage":37.0,"enemies":"3 Sentries","floor":13.0,"turns":14.0},{"damage":5.0,"enemies":"Hexaghost","floor":16.0,"turns":9.0},{"damage":10.0,"enemies":"2 Thieves","floor":18.0,"turns":5.0},{"damage":0.0,"enemies":"Chosen","floor":19.0,"turns":5.0},{"damage":0.0,"enemies":"Slavers","floor":24.0,"turns":1.0},{"damage":1.0,"enemies":"Snecko","floor":30.0,"turns":6.0},{"damage":2.0,"enemies":"Gremlin Leader","floor":31.0,"turns":7.0},{"damage":24.0,"enemies":"Collector","floor":33.0,"turns":10.0},{"damage":0.0,"enemies":"3 Darklings","floor":35.0,"turns":4.0},{"damage":0.0,"enemies":"3 Shapes","floor":39.0,"turns":8.0},{"damage":0.0,"enemies":"2 Orb Walkers","floor":41.0,"turns":5.0},{"damage":0.0,"enemies":"Transient","floor":45.0,"turns":6.0},{"damage":7.0,"enemies":"Giant Head","floor":46.0,"turns":9.0},{"damage":0.0,"enemies":"Reptomancer","floor":48.0,"turns":7.0},{"damage":2.0,"enemies":"Donu and Deca","floor":50.0,"turns":12.0},{"damage":22.0,"enemies":"Time Eater","floor":51.0,"turns":16.0},{"damage":3.0,"enemies":"Shield and Spear","floor":55.0,"turns":9.0},{"damage":16,"enemies":"The Heart","floor":56,"turns":13}],"seed_played":"-3976697633037875452","potions_obtained":[{"floor":2.0,"key":"SmokeBomb"},{"floor":13.0,"key":"Poison Potion"},{"floor":19.0,"key":"SteroidPotion"},{"floor":30.0,"key":"SteroidPotion"},{"floor":33.0,"key":"Explosive Potion"},{"floor":39.0,"key":"Weak Potion"},{"floor":48.0,"key":"PowerPotion"}],"is_trial":false,"path_per_floor":["M","M","?","$","?","E","R","M","T","T","R","M","E","$","R","B",null,"M","M","?","$","?","R","E","$","T","$","?","R","M","E","R","B",null,"M","$","?","?","M","R","?","R","T","T","M","E","$","E","R","B","B",null,"R","$","E","B",null],"character_chosen":"THE_SILENT","items_purchased":["Well Laid Plans","Backflip","Escape Plan"],"campfire_rested":0,"item_purchase_floors":[4,36,54],"current_hp_per_floor":[59,59,59,59,59,59,59,58,58,58,58,45,20,20,20,27,56,46,46,33,33,33,33,33,33,33,33,33,33,32,30,30,18,29,29,29,29,29,29,31,31,31,31,31,31,24,24,24,31,29,19,28,31,31,28,24],"gold":88,"neow_bonus":"THREE_ENEMY_KILL","is_prod":false,"is_daily":false,"chose_seed":false,"campfire_upgraded":9,"win_rate":0,"timestamp":1567945888,"path_taken":["M","M","?","$","?","E","R","M","T","?","R","M","E","$","R","BOSS","M","M","?","$","?","R","E","$","T","?","?","R","?","E","R","BOSS","M","$","?","?","M","R","?","R","T","?","M","E","$","E","R","BOSS","BOSS","R","$","E","BOSS"],"build_version":"2019-07-17","purchased_purges":3,"victory":true,"max_hp_per_floor":[66,66,66,66,66,66,66,66,66,66,66,66,66,66,66,66,66,66,66,33,33,33,33,33,33,33,33,33,33,33,33,33,33,33,33,33,33,31,31,31,31,31,31,31,31,31,31,31,31,31,31,31,31,31,31,31],"card_choices":[{"not_picked":["Prepared","Dodge and Roll","Acrobatics"],"picked":"SKIP","floor":1.0},{"not_picked":["Leg Sweep","Quick Slash"],"picked":"Deadly Poison","floor":2.0},{"not_picked":["Dagger Spray","Flying Knee"],"picked":"Deadly Poison","floor":6.0},{"not_picked":["Predator","Outmaneuver"],"picked":"Doppelganger","floor":8.0},{"not_picked":["Sucker Punch","Quick Slash","Masterful Stab"],"picked":"SKIP","floor":12.0},{"not_picked":["Underhanded Strike","Caltrops","Predator"],"picked":"SKIP","floor":13.0},{"not_picked":["Burst","Night Terror"],"picked":"Malaise","floor":16.0},{"not_picked":["Cloak And Dagger","Dagger Throw","Deadly Poison+1"],"picked":"SKIP","floor":18.0},{"not_picked":["Bane","Accuracy","Infinite Blades"],"picked":"SKIP","floor":19.0},{"not_picked":["Poisoned Stab","Deflect","Bane"],"picked":"SKIP","floor":30.0},{"not_picked":["Doppelganger","Reflex","All Out Attack+1"],"picked":"SKIP","floor":31.0},{"not_picked":["After Image","A Thousand Cuts"],"picked":"Grand Finale","floor":33.0},{"not_picked":["Dagger Spray","All Out Attack","Blade Dance+1"],"picked":"SKIP","floor":35.0},{"not_picked":["All Out Attack+1","Infinite Blades+1"],"picked":"Acrobatics","floor":39.0},{"not_picked":["Noxious Fumes","Dagger Throw","Well Laid Plans"],"picked":"SKIP","floor":45.0},{"not_picked":["Deflect","Backflip+1","Flying Knee"],"picked":"SKIP","floor":46.0},{"not_picked":["Bane","Footwork"],"picked":"Calculated Gamble","floor":48.0},{"not_picked":["Storm of Steel","Expertise","Blade Dance"],"picked":"SKIP","floor":55.0}],"player_experience":929073,"relics_obtained":[{"floor":6.0,"key":"Regal Pillow"},{"floor":9.0,"key":"Art of War"},{"floor":10.0,"key":"Meat on the Bone"},{"floor":13.0,"key":"Ancient Tea Set"},{"floor":26.0,"key":"Incense Burner"},{"floor":31.0,"key":"Turnip"},{"floor":41.0,"key":"Tough Bandages"},{"floor":44.0,"key":"Ice Cream"},{"floor":46.0,"key":"War Paint"},{"floor":48.0,"key":"Bottled Lightning"},{"floor":55.0,"key":"Orichalcum"}],"event_choices":[{"damage_healed":0.0,"max_hp_gain":0.0,"max_hp_loss":0.0,"gold_gain":0.0,"event_name":"Liars Game","player_choice":"Ignored","floor":3.0,"gold_loss":0.0,"damage_taken":0.0},{"cards_removed":["Strike_G"],"damage_healed":0.0,"max_hp_gain":0.0,"max_hp_loss":0.0,"gold_gain":0.0,"event_name":"Living Wall","player_choice":"Forget","floor":5.0,"gold_loss":0.0,"damage_taken":0.0},{"damage_healed":0.0,"max_hp_gain":0.0,"max_hp_loss":33.0,"gold_gain":0.0,"event_name":"Ghosts","player_choice":"Became a Ghost","floor":20.0,"gold_loss":0.0,"damage_taken":0.0,"cards_obtained":["Ghostly","Ghostly","Ghostly"]},{"damage_healed":0.0,"max_hp_gain":0.0,"max_hp_loss":0.0,"gold_gain":0.0,"event_name":"Vampires","player_choice":"Ignored","floor":28.0,"gold_loss":0.0,"damage_taken":0.0},{"damage_healed":0.0,"max_hp_gain":0.0,"max_hp_loss":0.0,"gold_gain":0.0,"event_name":"Tomb of Lord Red Mask","player_choice":"Paid","floor":37.0,"gold_loss":63.0,"damage_taken":0.0,"relics_obtained":["Red Mask"]},{"damage_healed":0.0,"max_hp_gain":0.0,"max_hp_loss":2.0,"gold_gain":0.0,"event_name":"Winding Halls","player_choice":"Max HP","floor":38.0,"gold_loss":0.0,"damage_taken":0.0},{"damage_healed":0.0,"max_hp_gain":0.0,"max_hp_loss":0.0,"gold_gain":0.0,"event_name":"Mysterious Sphere","player_choice":"Fight","floor":41.0,"gold_loss":0.0,"damage_taken":0.0}],"is_beta":false,"boss_relics":[{"not_picked":["Ectoplasm","Cursed Key"],"picked":"Coffee Dripper"},{"not_picked":["Busted Crown","Ring of the Serpent"],"picked":"Eternal Feather"}],"items_purged_floors":[4,14,36],"is_endless":false,"potions_floor_spawned":[2,13,19,30,33,39,48],"ascension_level":20}