{"gold_per_floor":[117,132,132,212,224,250,264,282,282,282,13,27,56,356,356,356],"floor_reached":16,"playtime":1131,"items_purged":[],"score":112,"play_id":"2d718b26-3413-424c-884a-816ee2eac397","local_time":"20190916170808","is_ascension_mode":false,"campfire_choices":[{"floor":10,"key":"REST"},{"floor":15,"key":"REST"}],"neow_cost":"NONE","seed_source_timestamp":19307902589726,"circlet_count":0,"master_deck":["Strike_B","Strike_B","Strike_B","Strike_B","Defend_B","Defend_B","Defend_B","Defend_B","Zap","Dualcast","Melter","FTL","Streamline","Conserve Battery","Thunder Strike","Redo","Coolheaded","Creative AI","All For One"],"relics":["Cracked Core","FossilizedHelix","Bird Faced Urn","Membership Card","Vajra","Dodecahedron","Old Coin"],"potions_floor_usage":[],"damage_taken":[{"damage":4,"enemies":"Cultist","floor":1,"turns":4},{"damage":7,"enemies":"Small Slimes","floor":2,"turns":3},{"damage":6,"enemies":"Jaw Worm","floor":5,"turns":2},{"damage":26,"enemies":"Lagavulin","floor":6,"turns":7},{"damage":0,"enemies":"Blue Slaver","floor":7,"turns":4},{"damage":0,"enemies":"3 Louse","floor":8,"turns":3},{"damage":0,"enemies":"Exordium Wildlife","floor":12,"turns":2},{"damage":16,"enemies":"Gremlin Nob","floor":13,"turns":5},{"damage":74,"enemies":"Hexaghost","floor":16,"turns":11}],"seed_played":"1649184522912310016","potions_obtained":[{"floor":1,"key":"Dexterity Potion"},{"floor":7,"key":"Energy Potion"},{"floor":13,"key":"FearPotion"}],"is_trial":false,"path_per_floor":["M","M","?","?","M","E","M","M","T","R","$","M","E","?","R","B"],"character_chosen":"DEFECT","items_purchased":["Membership Card","Vajra"],"campfire_rested":2,"item_purchase_floors":[11,11],"current_hp_per_floor":[71,64,64,64,58,32,32,32,32,54,54,54,46,39,61,0],"gold":356,"neow_bonus":"THREE_CARDS","is_prod":false,"is_daily":false,"chose_seed":false,"campfire_upgraded":0,"win_rate":0.0,"timestamp":1568668088,"path_taken":["M","?","?","?","M","E","M","M","T","R","?","M","E","?","R","BOSS"],"build_version":"2019-07-17","purchased_purges":0,"victory":false,"max_hp_per_floor":[75,75,75,75,75,75,75,75,75,75,75,75,75,75,75,75],"card_choices":[{"not_picked":["Conserve Battery","Hologram"],"picked":"Melter","floor":0},{"not_picked":["Chaos","Genetic Algorithm"],"picked":"FTL","floor":1},{"not_picked":["Sweeping Beam","Ball Lightning"],"picked":"Streamline","floor":2},{"not_picked":["Sweeping Beam","Barrage"],"picked":"Conserve Battery","floor":5},{"not_picked":["Reinforced Body","Stack"],"picked":"Thunder Strike","floor":6},{"not_picked":["Rebound","BootSequence"],"picked":"Redo","floor":7},{"not_picked":["Hologram","Compile Driver"],"picked":"Coolheaded","floor":8},{"not_picked":["Hologram","Consume"],"picked":"Creative AI","floor":12},{"not_picked":["Redo","Go for the Eyes"],"picked":"All For One","floor":13}],"player_experience":34480,"relics_obtained":[{"floor":6,"key":"FossilizedHelix"},{"floor":9,"key":"Bird Faced Urn"},{"floor":13,"key":"Dodecahedron"}],"event_choices":[{"damage_healed":0,"gold_gain":0,"player_choice":"Leave","damage_taken":0,"max_hp_gain":0,"max_hp_loss":0,"event_name":"The Cleric","floor":3,"gold_loss":0},{"damage_healed":0,"gold_gain":80,"player_choice":"Gained Gold","damage_taken":0,"max_hp_gain":0,"max_hp_loss":0,"event_name":"Golden Wing","floor":4,"gold_loss":0},{"damage_healed":0,"gold_gain":0,"player_choice":"Success","damage_taken":7,"relics_obtained":["Old Coin"],"max_hp_gain":0,"max_hp_loss":0,"event_name":"Scrap Ooze","floor":14,"gold_loss":0}],"is_beta":false,"boss_relics":[],"items_purged_floors":[],"is_endless":false,"potions_floor_spawned":[1,7,13],"killed_by":"Hexaghost","ascension_level":0}