{"gold_per_floor":[115,115,134,134,134,173,173,193,193,193,212,212,137,156,156,277,277,296,159,173,22,22,22,38,38,38,53,72,72,106,132,144,279,291,326,338,363,375],"floor_reached":38,"playtime":3503,"items_purged":["Strike_R","Strike_R","Strike_R"],"score":374,"play_id":"5669dd98-9064-4605-97ed-b70881eb54b7","local_time":"20180925104935","is_ascension_mode":false,"campfire_choices":[{"floor":7,"key":"REST"},{"data":"Anger","floor":10,"key":"SMITH"},{"data":"Shockwave","floor":12,"key":"SMITH"},{"data":"Reckless Charge","floor":15,"key":"SMITH"},{"data":"Demon Form","floor":23,"key":"SMITH"},{"data":"Flame Barrier","floor":25,"key":"SMITH"},{"data":"Clothesline","floor":29,"key":"SMITH"},{"data":"Shrug It Off","floor":32,"key":"SMITH"}],"neow_cost":"","seed_source_timestamp":783025567340379,"circlet_count":0,"master_deck":["Strike_R","Strike_R","Defend_R","Defend_R","Defend_R","Defend_R","Bash","Anger+1","Headbutt","Shockwave+1","Reckless Charge+1","Pummel","Disarm","Demon Form+1","Second Wind+1","Pummel","Power Through","Shrug It Off+1","Flame Barrier+1","Clothesline+1","Clothesline","Heavy Blade","Reaper","Madness","Madness","Entrench+1"],"relics":["Burning Blood","Golden Idol","Mummified Hand","Torii","Oddly Smooth Stone","Lantern","Runic Cube","Kunai","Red Mask","MawBank","Lizard Tail"],"potions_floor_usage":[24,24,30,33,37,38],"damage_taken":[{"damage":5,"enemies":"Jaw Worm","floor":1,"turns":5},{"damage":4,"enemies":"2 Louse","floor":3,"turns":4},{"damage":22,"enemies":"3 Sentries","floor":6,"turns":9},{"damage":0,"enemies":"Cultist","floor":8,"turns":3},{"damage":7,"enemies":"Looter","floor":11,"turns":2},{"damage":7,"enemies":"Blue Slaver","floor":14,"turns":4},{"damage":18,"enemies":"Hexaghost","floor":16,"turns":10},{"damage":12,"enemies":"Spheric Guardian","floor":18,"turns":4},{"damage":1,"enemies":"Chosen","floor":20,"turns":4},{"damage":1,"enemies":"Sentry and Sphere","floor":24,"turns":3},{"damage":1,"enemies":"Snecko","floor":27,"turns":5},{"damage":12,"enemies":"Centurion and Healer","floor":28,"turns":5},{"damage":4,"enemies":"Masked Bandits","floor":30,"turns":4},{"damage":51,"enemies":"Automaton","floor":33,"turns":9},{"damage":41,"enemies":"3 Darklings","floor":35,"turns":7},{"damage":57,"enemies":"3 Shapes","floor":37,"turns":5},{"damage":30,"enemies":"Sphere and 2 Shapes","floor":38,"turns":5}],"seed_played":"521548904415053989","potions_obtained":[{"floor":1,"key":"Explosive Potion"},{"floor":11,"key":"GamblersBrew"},{"floor":14,"key":"Fire Potion"},{"floor":16,"key":"Weak Potion"},{"floor":28,"key":"SpeedPotion"},{"floor":30,"key":"Poison Potion"},{"floor":35,"key":"Block Potion"},{"floor":37,"key":"Explosive Potion"}],"is_trial":false,"path_per_floor":["M","?","M","?","T","E","R","M","T","R","M","R","$","M","R","B",null,"M","$","M","$","?","R","M","R","T","M","M","R","?","T","R","B",null,"M","?","M"],"character_chosen":"IRONCLAD","items_purchased":["Pummel","Shrug It Off"],"campfire_rested":1,"item_purchase_floors":[19,21],"current_hp_per_floor":[80,60,62,59,59,43,67,73,73,73,72,72,72,71,71,59,80,74,74,79,79,79,79,80,80,80,80,74,74,76,76,76,31,80,64,54,15,11],"gold":375,"neow_bonus":"","is_prod":false,"is_daily":false,"chose_seed":false,"campfire_upgraded":7,"win_rate":0.0,"timestamp":1537886975,"path_taken":["M","?","M","?","?","E","R","M","T","R","M","R","$","M","R","BOSS","M","$","M","?","?","R","M","R","T","M","?","R","?","?","R","BOSS","M","?","M","M"],"build_version":"2018-09-20","purchased_purges":3,"victory":false,"max_hp_per_floor":[80,80,80,80,80,80,80,80,80,80,80,80,80,80,80,80,80,80,80,80,80,80,80,80,80,80,80,80,80,80,80,80,80,80,80,80,80,80],"card_choices":[{"not_picked":["Blood for Blood","Clash"],"picked":"Anger","floor":1},{"not_picked":["Warcry","Cleave"],"picked":"Headbutt","floor":3},{"not_picked":["Rage","Anger"],"picked":"Shockwave","floor":6},{"not_picked":["Clash","Thunderclap"],"picked":"Reckless Charge","floor":8},{"not_picked":["Body Slam","Headbutt"],"picked":"Pummel","floor":11},{"not_picked":["Feel No Pain","Rage"],"picked":"Disarm","floor":14},{"not_picked":["Limit Break","Berserk"],"picked":"Demon Form","floor":16},{"not_picked":["Hemokinesis","Warcry"],"picked":"Second Wind+1","floor":18},{"not_picked":["Pommel Strike","Body Slam"],"picked":"Power Through","floor":20},{"not_picked":["Combust","Clothesline+1"],"picked":"Flame Barrier","floor":24},{"not_picked":["Sever Soul+1","Infernal Blade"],"picked":"Clothesline","floor":27},{"not_picked":["Infernal Blade+1","Bloodletting+1"],"picked":"Clothesline","floor":28},{"not_picked":["Dropkick","Anger"],"picked":"Heavy Blade","floor":30},{"not_picked":["Fiend Fire","Demon Form"],"picked":"Reaper","floor":33},{"not_picked":["Thunderclap","Combust+1","Clash+1"],"picked":"SKIP","floor":35},{"not_picked":["Reckless Charge+1","Armaments"],"picked":"Entrench+1","floor":37}],"player_experience":20742,"relics_obtained":[{"floor":5,"key":"Torii"},{"floor":6,"key":"Oddly Smooth Stone"},{"floor":9,"key":"Lantern"},{"floor":26,"key":"Kunai"},{"floor":30,"key":"Red Mask"},{"floor":31,"key":"MawBank"}],"event_choices":[{"event_name":"Golden Idol","player_choice":"Take Damage","floor":2,"damage_taken":0},{"event_name":"Scrap Ooze","player_choice":"success","floor":4,"damage_taken":3},{"event_name":"Beggar","player_choice":"Ignored","floor":22,"damage_taken":0},{"event_name":"Masked Bandits","player_choice":"Fought Bandits","floor":30,"damage_taken":0},{"event_name":"Winding Halls","player_choice":"Embrace Madness","floor":36,"damage_taken":0}],"is_beta":false,"boss_relics":[{"not_picked":["Snecko Eye","Sozu"],"picked":"Runic Cube"},{"not_picked":["Calling Bell","Empty Cage"],"picked":"Lizard Tail"}],"items_purged_floors":[13,19,21],"is_endless":false,"potions_floor_spawned":[1,11,14,16,18,20,28,30,35,37],"killed_by":"Sphere and 2 Shapes","ascension_level":0}