{"gold_per_floor":[116,116,132,146,23,23,55,66,92,92,103,135,100,114,114,210,210,230,40,40,43,59,88,88,88,88,12,27,59,70,90,90,194,194,205,155,174,174,190,190,204,204,228,228,328,328,30,30,30,30],"floor_reached":51,"playtime":2717,"items_purged":["Strike_R","Decay"],"score":956,"play_id":"e0a9ffdc-156d-4b91-9b94-c49199765784","local_time":"20190905204847","is_ascension_mode":true,"campfire_choices":[{"data":"Anger","floor":6.0,"key":"SMITH"},{"data":"Inflame","floor":10.0,"key":"SMITH"},{"data":"Armaments","floor":15.0,"key":"SMITH"},{"floor":24.0,"key":"REST"},{"data":"Limit Break","floor":32.0,"key":"SMITH"},{"data":"Barricade","floor":40.0,"key":"SMITH"},{"data":"Apotheosis","floor":42.0,"key":"SMITH"},{"data":"Inflame","floor":46.0,"key":"SMITH"},{"data":"1","floor":49.0,"key":"LIFT"}],"neow_cost":"NONE","seed_source_timestamp":0,"circlet_count":0,"master_deck":["Defend_R","Defend_R","Defend_R","Bash","Shrug It Off","Anger+1","Rampage","Shrug It Off","Flex","Inflame+1","Armaments+1","Pommel Strike","Impervious","Disarm","Apotheosis+1","Whirlwind+1","Entrench+1","Battle Trance","Bite","Bite","Bite","Bite","Bite","Inflame+1","Limit Break+1","Blood for Blood+1","Barricade+1"],"special_seed":0,"relics":["Burning Blood","Ancient Tea Set","Lantern","Omamori","Sozu","Self Forming Clay","Smiling Mask","Mercury Hourglass","Bag of Marbles","Busted Crown","Regal Pillow","Peace Pipe","Girya"],"potions_floor_usage":[],"damage_taken":[{"damage":9.0,"enemies":"2 Louse","floor":1.0,"turns":3.0},{"damage":1.0,"enemies":"Cultist","floor":3.0,"turns":4.0},{"damage":7.0,"enemies":"Small Slimes","floor":4.0,"turns":3.0},{"damage":27.0,"enemies":"3 Sentries","floor":7.0,"turns":11.0},{"damage":14.0,"enemies":"Exordium Wildlife","floor":8.0,"turns":6.0},{"damage":5.0,"enemies":"Blue Slaver","floor":11.0,"turns":4.0},{"damage":15.0,"enemies":"Lagavulin","floor":12.0,"turns":9.0},{"damage":6.0,"enemies":"3 Louse","floor":14.0,"turns":3.0},{"damage":18.0,"enemies":"Slime Boss","floor":16.0,"turns":10.0},{"damage":4.0,"enemies":"3 Byrds","floor":18.0,"turns":7.0},{"damage":12.0,"enemies":"2 Thieves","floor":21.0,"turns":4.0},{"damage":4.0,"enemies":"Chosen and Byrds","floor":22.0,"turns":6.0},{"damage":40.0,"enemies":"Book of Stabbing","floor":23.0,"turns":9.0},{"damage":1.0,"enemies":"Centurion and Healer","floor":28.0,"turns":5.0},{"damage":13.0,"enemies":"Gremlin Leader","floor":29.0,"turns":7.0},{"damage":8.0,"enemies":"Snake Plant","floor":30.0,"turns":3.0},{"damage":9.0,"enemies":"Chosen and Byrds","floor":31.0,"turns":4.0},{"damage":57.0,"enemies":"Automaton","floor":33.0,"turns":8.0},{"damage":22.0,"enemies":"3 Shapes","floor":35.0,"turns":2.0},{"damage":8.0,"enemies":"Orb Walker","floor":37.0,"turns":6.0},{"damage":22.0,"enemies":"Jaw Worm Horde","floor":39.0,"turns":4.0},{"damage":10.0,"enemies":"4 Shapes","floor":41.0,"turns":6.0},{"damage":0.0,"enemies":"Mind Bloom Boss Battle","floor":45.0,"turns":6.0},{"damage":42,"enemies":"Awakened One","floor":50,"turns":12}],"seed_played":"5839735914862800547","potions_obtained":[{"floor":4.0,"key":"SteroidPotion"},{"floor":8.0,"key":"EssenceOfSteel"},{"floor":12.0,"key":"SkillPotion"},{"floor":14.0,"key":"SkillPotion"}],"is_trial":false,"path_per_floor":["M","?","M","M","$","R","E","M","T","R","M","E","?","M","R","B",null,"M","$","?","M","M","E","R","?","T","$","M","E","M","M","R","B",null,"M","$","M","?","M","R","M","R","T","?","?","R","$","?","R","B",null],"character_chosen":"IRONCLAD","items_purchased":["Shrug It Off","Apotheosis","Inflame","Girya"],"campfire_rested":1,"item_purchase_floors":[5,19,27,47],"current_hp_per_floor":[69,69,74,73,73,73,52,44,44,44,45,36,56,56,56,44,71,73,73,73,67,69,35,59,56,56,56,56,56,56,56,56,14,46,39,39,44,44,38,38,52,52,52,52,56,56,56,53,53,46],"gold":30,"neow_bonus":"THREE_CARDS","is_prod":false,"is_daily":false,"chose_seed":false,"campfire_upgraded":7,"win_rate":0,"timestamp":1567741727,"path_taken":["M","?","M","M","$","R","E","M","T","R","?","E","?","M","R","BOSS","M","$","?","M","M","E","R","?","T","$","M","E","M","M","R","BOSS","M","$","M","?","M","R","?","R","T","?","?","R","$","?","R","BOSS"],"build_version":"2019-07-17","purchased_purges":2,"victory":true,"max_hp_per_floor":[80,80,80,80,80,80,80,80,80,80,80,80,80,80,80,80,80,80,80,80,80,80,80,80,56,56,56,56,56,56,56,56,56,56,56,56,56,56,56,56,56,56,56,56,56,56,56,53,53,53],"card_choices":[{"not_picked":["Clash","Pommel Strike"],"picked":"Shrug It Off","floor":0.0},{"not_picked":["Dual Wield","Entrench"],"picked":"Anger","floor":1.0},{"not_picked":["Disarm","Iron Wave"],"picked":"Rampage","floor":3.0},{"not_picked":["Blood for Blood","Corruption","Reckless Charge"],"picked":"SKIP","floor":4.0},{"not_picked":["Reckless Charge","Uppercut"],"picked":"Flex","floor":7.0},{"not_picked":["Rupture","Blood for Blood"],"picked":"Inflame","floor":8.0},{"not_picked":["Headbutt","Havoc"],"picked":"Armaments","floor":11.0},{"not_picked":["Clash","Warcry","Perfected Strike"],"picked":"SKIP","floor":12.0},{"not_picked":["Sentinel","Sword Boomerang"],"picked":"Pommel Strike","floor":14.0},{"not_picked":["Berserk","Brutality"],"picked":"Impervious","floor":16.0},{"not_picked":["Wild Strike+1","Armaments"],"picked":"Disarm","floor":18.0},{"not_picked":["Headbutt+1","Perfected Strike"],"picked":"Whirlwind+1","floor":21.0},{"not_picked":["Armaments+1","Disarm"],"picked":"Entrench+1","floor":22.0},{"not_picked":["Evolve","Anger"],"picked":"Battle Trance","floor":23.0},{"not_picked":["Iron Wave+1","Armaments"],"picked":"Limit Break","floor":28.0},{"not_picked":["Sever Soul","Searing Blow","Blood for Blood"],"picked":"SKIP","floor":29.0},{"not_picked":["Sever Soul","Wild Strike+1"],"picked":"Blood for Blood+1","floor":30.0},{"not_picked":["Warcry+1","Hemokinesis","Havoc"],"picked":"SKIP","floor":31.0},{"not_picked":["Dark Embrace","Double Tap"],"picked":"Barricade","floor":33.0},{"not_picked":["Warcry+1"],"picked":"SKIP","floor":35.0},{"not_picked":["Perfected Strike+1"],"picked":"SKIP","floor":37.0},{"not_picked":["Thunderclap"],"picked":"SKIP","floor":39.0},{"not_picked":["Metallicize"],"picked":"SKIP","floor":41.0}],"player_experience":297388,"relics_obtained":[{"floor":7.0,"key":"Ancient Tea Set"},{"floor":9.0,"key":"Lantern"},{"floor":12.0,"key":"Omamori"},{"floor":23.0,"key":"Smiling Mask"},{"floor":26.0,"key":"Mercury Hourglass"},{"floor":29.0,"key":"Bag of Marbles"},{"floor":43.0,"key":"Regal Pillow"},{"floor":45.0,"key":"Peace Pipe"}],"event_choices":[{"damage_healed":0.0,"max_hp_gain":0.0,"max_hp_loss":0.0,"gold_gain":0.0,"event_name":"Wheel of Change","player_choice":"Cursed","floor":2.0,"gold_loss":0.0,"damage_taken":0.0,"cards_obtained":["Decay"]},{"damage_healed":20.0,"max_hp_gain":0.0,"max_hp_loss":0.0,"gold_gain":0.0,"event_name":"The Cleric","player_choice":"Healed","floor":13.0,"gold_loss":35.0,"damage_taken":0.0},{"damage_healed":0.0,"max_hp_gain":0.0,"max_hp_loss":0.0,"gold_gain":0.0,"event_name":"The Mausoleum","player_choice":"Opened","floor":20.0,"gold_loss":0.0,"damage_taken":0.0,"relics_obtained":["Self Forming Clay"]},{"damage_healed":0.0,"max_hp_gain":0.0,"max_hp_loss":24.0,"gold_gain":0.0,"event_name":"Vampires","player_choice":"Became a vampire","floor":25.0,"gold_loss":0.0,"damage_taken":0.0,"cards_obtained":["Bite","Bite","Bite","Bite","Bite"]},{"damage_healed":0.0,"max_hp_gain":0.0,"max_hp_loss":0.0,"gold_gain":0.0,"event_name":"The Woman in Blue","player_choice":"Bought 0 Potions","floor":38.0,"gold_loss":0.0,"damage_taken":0.0},{"cards_removed":["Defend_R"],"damage_healed":0.0,"max_hp_gain":0.0,"max_hp_loss":0.0,"gold_gain":0.0,"event_name":"Falling","player_choice":"Removed Skill","floor":44.0,"gold_loss":0.0,"damage_taken":0.0},{"damage_healed":0.0,"max_hp_gain":0.0,"max_hp_loss":0.0,"gold_gain":0.0,"event_name":"MindBloom","player_choice":"Fight","floor":45.0,"gold_loss":0.0,"damage_taken":0.0},{"damage_healed":0.0,"max_hp_gain":0.0,"max_hp_loss":3.0,"gold_gain":0.0,"event_name":"Winding Halls","player_choice":"Max HP","floor":48.0,"gold_loss":0.0,"damage_taken":0.0}],"is_beta":false,"boss_relics":[{"not_picked":["Astrolabe","Philosopher\u0027s Stone"],"picked":"Sozu"},{"not_picked":["Pandora\u0027s Box","Orrery"],"picked":"Busted Crown"}],"items_purged_floors":[5,36],"is_endless":false,"potions_floor_spawned":[4,8,12,14,18,21,23,31,39,41,45],"ascension_level":8}