{"gold_per_floor":[118,136,149,169,184,212,212,212,238,188,204,219,233,256,256,380,380,320,320,320,270,270,270,270,220,220,220,220,220,220,220,220,220,220,220,220,170,170,0,0,0,0,0,0,0,0,0,0,0,0,0,0,0,0,0],"floor_reached":55,"playtime":3967,"items_purged":["Defend_B","Strike_B","Turbo"],"score":643,"play_id":"760f4ec7-daa4-4955-86ef-5841a062bbea","local_time":"20190831165217","is_ascension_mode":false,"campfire_choices":[{"data":"Hologram","floor":7,"key":"SMITH"},{"floor":15,"key":"REST"},{"floor":28,"key":"REST"},{"data":"Loop","floor":32,"key":"SMITH"},{"floor":40,"key":"REST"},{"floor":45,"key":"RECALL"},{"floor":49,"key":"REST"},{"data":"Reinforced Body","floor":52,"key":"SMITH"}],"neow_cost":"NONE","seed_source_timestamp":458777272354373,"circlet_count":0,"master_deck":["Strike_B","Defend_B","Defend_B","Dualcast","Reinforced Body+1","Double Energy","Rebound","Electrodynamics","Hologram+1","Loop+1","Ball Lightning","Echo Form","Creative AI+1","Self Repair","Coolheaded","Conserve Battery+1","Defragment+1","Amplify","Seek"],"relics":["Cracked Core","Strawberry","Ornamental Fan","Golden Idol","Smiling Mask","Ectoplasm","Oddly Smooth Stone","Enchiridion","Busted Crown","Red Mask","Mummified Hand","Happy Flower"],"potions_floor_usage":[6,16,18,23,30,33,46],"damage_taken":[{"damage":8,"enemies":"Jaw Worm","floor":1,"turns":3},{"damage":0,"enemies":"Small Slimes","floor":2,"turns":3},{"damage":1,"enemies":"2 Louse","floor":3,"turns":3},{"damage":6,"enemies":"Exordium Wildlife","floor":4,"turns":4},{"damage":5,"enemies":"2 Fungi Beasts","floor":5,"turns":3},{"damage":22,"enemies":"Gremlin Nob","floor":6,"turns":5},{"damage":4,"enemies":"Gremlin Gang","floor":11,"turns":3},{"damage":7,"enemies":"Blue Slaver","floor":12,"turns":3},{"damage":6,"enemies":"Large Slime","floor":13,"turns":4},{"damage":0,"enemies":"Looter","floor":14,"turns":3},{"damage":6,"enemies":"Hexaghost","floor":16,"turns":11},{"damage":20,"enemies":"2 Thieves","floor":18,"turns":3},{"damage":10,"enemies":"Spheric Guardian","floor":22,"turns":4},{"damage":52,"enemies":"Gremlin Leader","floor":23,"turns":7},{"damage":15,"enemies":"Snake Plant","floor":24,"turns":4},{"damage":10,"enemies":"Centurion and Healer","floor":29,"turns":5},{"damage":8,"enemies":"Sentry and Sphere","floor":30,"turns":5},{"damage":19,"enemies":"Collector","floor":33,"turns":8},{"damage":48,"enemies":"3 Darklings","floor":35,"turns":3},{"damage":8,"enemies":"3 Shapes","floor":36,"turns":2},{"damage":1,"enemies":"Sphere and 2 Shapes","floor":41,"turns":4},{"damage":0,"enemies":"Jaw Worm Horde","floor":42,"turns":2},{"damage":26,"enemies":"3 Darklings","floor":46,"turns":3},{"damage":37,"enemies":"Awakened One","floor":50,"turns":17},{"damage":37,"enemies":"Shield and Spear","floor":54,"turns":5},{"damage":98,"enemies":"The Heart","floor":55,"turns":3}],"seed_played":"-1777541007344944471","potions_obtained":[{"floor":2,"key":"GamblersBrew"},{"floor":3,"key":"SteroidPotion"},{"floor":4,"key":"EssenceOfSteel"},{"floor":6,"key":"GamblersBrew"},{"floor":18,"key":"Regen Potion"},{"floor":22,"key":"Fire Potion"},{"floor":29,"key":"Regen Potion"},{"floor":33,"key":"SpeedPotion"},{"floor":35,"key":"Energy Potion"},{"floor":42,"key":"Swift Potion"}],"is_trial":false,"path_per_floor":["M","M","M","M","M","E","R","?","T","?","M","M","M","M","R","B",null,"M","?","?","$","M","E","M","$","T","?","R","M","M","?","R","B",null,"M","M","$","?","?","R","M","M","T","?","R","M","$","$","R","B",null,"R","$","E","B"],"character_chosen":"DEFECT","items_purchased":[],"campfire_rested":4,"item_purchase_floors":[],"current_hp_per_floor":[74,74,73,67,62,40,40,40,40,40,36,29,23,23,45,39,76,56,56,56,56,60,30,22,22,22,22,44,41,59,43,43,24,76,28,20,20,20,20,42,48,48,48,48,48,36,36,36,57,27,72,72,72,42,0],"gold":0,"neow_bonus":"RANDOM_COMMON_RELIC","is_prod":false,"is_daily":false,"chose_seed":false,"campfire_upgraded":3,"win_rate":0,"timestamp":1567266737,"path_taken":["M","M","M","M","M","E","R","?","T","?","M","M","M","M","R","BOSS","M","?","?","$","?","E","M","$","T","?","R","?","M","?","R","BOSS","M","M","$","?","?","R","M","M","T","?","R","?","?","$","R","BOSS","R","$","E","BOSS"],"build_version":"2019-07-17","purchased_purges":3,"victory":false,"max_hp_per_floor":[82,82,82,82,82,82,82,76,76,76,76,76,76,76,76,76,76,76,76,76,76,76,76,76,76,76,76,76,76,76,76,76,76,76,76,76,76,76,76,76,76,76,76,72,72,72,72,72,72,72,72,72,72,72,72],"card_choices":[{"not_picked":["Compile Driver","Sweeping Beam"],"picked":"Reinforced Body","floor":1},{"not_picked":["Fusion","Beam Cell"],"picked":"Double Energy","floor":2},{"not_picked":["Reinforced Body","Stack"],"picked":"Rebound","floor":3},{"not_picked":["Sweeping Beam","Steam"],"picked":"Electrodynamics","floor":4},{"not_picked":["Rebound","Reprogram"],"picked":"Turbo","floor":5},{"not_picked":["Darkness","Fusion"],"picked":"Hologram","floor":6},{"not_picked":["Go for the Eyes","Melter"],"picked":"Loop","floor":11},{"not_picked":["Hologram","Barrage"],"picked":"Ball Lightning","floor":12},{"not_picked":["Barrage","Melter"],"picked":"Echo Form","floor":13},{"not_picked":["Ball Lightning","Sweeping Beam","Hologram"],"picked":"SKIP","floor":14},{"not_picked":["Seek","Amplify"],"picked":"Creative AI","floor":16},{"not_picked":["Static Discharge","Steam","Barrage"],"picked":"SKIP","floor":18},{"not_picked":["Hologram+1","Rebound+1"],"picked":"Conserve Battery+1","floor":22},{"not_picked":["BootSequence+1","Turbo"],"picked":"Defragment+1","floor":23},{"not_picked":["Doom and Gloom","Sweeping Beam"],"picked":"Amplify","floor":24},{"not_picked":["Stack","Turbo","Ball Lightning"],"picked":"SKIP","floor":29},{"not_picked":["Heatsinks+1","Sweeping Beam","Coolheaded"],"picked":"SKIP","floor":30},{"not_picked":["Static Discharge"],"picked":"SKIP","floor":35},{"not_picked":["Rebound+1"],"picked":"SKIP","floor":36},{"not_picked":["Hologram"],"picked":"SKIP","floor":41},{"not_picked":["Turbo"],"picked":"SKIP","floor":42},{"not_picked":["Ball Lightning"],"picked":"SKIP","floor":46},{"not_picked":[],"picked":"Seek","floor":54}],"player_experience":67673,"relics_obtained":[{"floor":6,"key":"Ornamental Fan"},{"floor":9,"key":"Smiling Mask"},{"floor":23,"key":"Oddly Smooth Stone"},{"floor":31,"key":"Enchiridion"},{"floor":43,"key":"Mummified Hand"},{"floor":54,"key":"Happy Flower"}],"event_choices":[{"damage_healed":0,"gold_gain":0,"player_choice":"Lose Max HP","damage_taken":0,"relics_obtained":["Golden Idol"],"max_hp_gain":0,"max_hp_loss":6,"event_name":"Golden Idol","floor":8,"gold_loss":0},{"cards_removed":["Defend_B"],"damage_healed":0,"gold_gain":0,"player_choice":"Card Removal","damage_taken":0,"max_hp_gain":0,"max_hp_loss":0,"event_name":"The Cleric","floor":10,"gold_loss":50},{"damage_healed":0,"gold_gain":0,"player_choice":"Ignored","damage_taken":0,"max_hp_gain":0,"max_hp_loss":0,"event_name":"Beggar","floor":19,"gold_loss":0},{"damage_healed":0,"gold_gain":0,"cards_transformed":["Strike_B","Strike_B"],"player_choice":"Became Test Subject","damage_taken":0,"max_hp_gain":0,"max_hp_loss":0,"event_name":"Drug Dealer","floor":20,"gold_loss":0,"cards_obtained":["Self Repair","Coolheaded"]},{"damage_healed":0,"gold_gain":0,"player_choice":"Forge","damage_taken":0,"max_hp_gain":0,"max_hp_loss":0,"event_name":"Accursed Blacksmith","floor":27,"gold_loss":0,"cards_upgraded":["Creative AI"]},{"damage_healed":0,"gold_gain":0,"player_choice":"Obtained Book","damage_taken":16,"max_hp_gain":0,"max_hp_loss":0,"event_name":"Cursed Tome","floor":31,"gold_loss":0},{"cards_removed":["Zap"],"damage_healed":0,"gold_gain":0,"player_choice":"Removed Skill","damage_taken":0,"max_hp_gain":0,"max_hp_loss":0,"event_name":"Falling","floor":38,"gold_loss":0},{"damage_healed":0,"gold_gain":0,"player_choice":"Paid","damage_taken":0,"relics_obtained":["Red Mask"],"max_hp_gain":0,"max_hp_loss":0,"event_name":"Tomb of Lord Red Mask","floor":39,"gold_loss":170},{"damage_healed":0,"gold_gain":0,"player_choice":"Max HP","damage_taken":0,"max_hp_gain":0,"max_hp_loss":4,"event_name":"Winding Halls","floor":44,"gold_loss":0}],"is_beta":false,"boss_relics":[{"not_picked":["Lizard Tail","Cursed Key"],"picked":"Ectoplasm"},{"not_picked":["Velvet Choker","Calling Bell"],"picked":"Busted Crown"}],"items_purged_floors":[21,25,37],"is_endless":false,"potions_floor_spawned":[2,3,4,6,18,22,29,33,35,42],"killed_by":"The Heart","ascension_level":0}