{"gold_per_floor":[112,132,148,164,175,175,193,226,308,308,165,177,195,223,223,328,328,346,358,28,43,59,59,78,78,128,128,141,161,171,184,184,184],"floor_reached":33,"playtime":3789,"items_purged":["Strike_R","Defend_R"],"score":269,"play_id":"f1533c96-4249-4d13-8cf2-ff61e7f34baa","local_time":"20180925145834","is_ascension_mode":false,"campfire_choices":[{"data":"Shockwave","floor":6,"key":"SMITH"},{"data":"Iron Wave","floor":10,"key":"SMITH"},{"floor":15,"key":"REST"},{"floor":23,"key":"REST"},{"floor":25,"key":"REST"},{"floor":32,"key":"REST"}],"neow_cost":"NONE","seed_source_timestamp":797678541882948,"circlet_count":0,"master_deck":["Strike_R","Strike_R","Strike_R","Strike_R","Defend_R","Defend_R","Defend_R","Bash","Warcry","Shrug It Off","Cleave","Shockwave+1","Iron Wave+1","Power Through","Heavy Blade","Demon Form","Pummel+1","Spot Weakness","Twin Strike+1","Twin Strike+1","Fiend Fire+1","Apotheosis","Headbutt+1","Offering","Heavy Blade+1","Headbutt+1"],"relics":["Burning Blood","Bottled Flame","Molten Egg 2","Paper Frog","Fusion Hammer","Vajra","MutagenicStrength"],"potions_floor_usage":[8,16,21,22,33,33],"damage_taken":[{"damage":10,"enemies":"Cultist","floor":1,"turns":4},{"damage":2,"enemies":"2 Louse","floor":2,"turns":4},{"damage":0,"enemies":"Small Slimes","floor":3,"turns":3},{"damage":6,"enemies":"3 Louse","floor":4,"turns":3},{"damage":14,"enemies":"Blue Slaver","floor":5,"turns":4},{"damage":14,"enemies":"Lots of Slimes","floor":7,"turns":4},{"damage":32,"enemies":"Lagavulin","floor":8,"turns":7},{"damage":0,"enemies":"2 Fungi Beasts","floor":12,"turns":3},{"damage":25,"enemies":"Exordium Wildlife","floor":13,"turns":5},{"damage":12,"enemies":"Gremlin Nob","floor":14,"turns":4},{"damage":9,"enemies":"Hexaghost","floor":16,"turns":8},{"damage":16,"enemies":"Shell Parasite","floor":18,"turns":4},{"damage":30,"enemies":"2 Thieves","floor":19,"turns":4},{"damage":0,"enemies":"Snake Plant","floor":21,"turns":3},{"damage":8,"enemies":"Snecko","floor":22,"turns":4},{"damage":26,"enemies":"Centurion and Healer","floor":24,"turns":4},{"damage":6,"enemies":"3 Cultists","floor":28,"turns":4},{"damage":21,"enemies":"Snake Plant","floor":29,"turns":3},{"damage":7,"enemies":"Chosen and Byrds","floor":30,"turns":4},{"damage":8,"enemies":"3 Cultists","floor":31,"turns":3},{"damage":83,"enemies":"Champ","floor":33,"turns":5}],"seed_played":"-2259049362284694856","potions_obtained":[{"floor":3,"key":"FearPotion"},{"floor":5,"key":"GamblersBrew"},{"floor":7,"key":"Regen Potion"},{"floor":8,"key":"PowerPotion"},{"floor":12,"key":"SpeedPotion"},{"floor":16,"key":"Block Potion"},{"floor":18,"key":"Poison Potion"},{"floor":28,"key":"LiquidBronze"},{"floor":31,"key":"SmokeBomb"}],"is_trial":false,"path_per_floor":["M","M","M","M","M","R","M","E","T","R","$","M","M","E","R","B",null,"M","M","$","M","M","R","M","R","T","?","M","M","M","M","R"],"character_chosen":"IRONCLAD","items_purchased":["Pummel+1","Apotheosis","Headbutt+1"],"campfire_rested":4,"item_purchase_floors":[11,20,20],"current_hp_per_floor":[76,80,80,80,72,72,64,52,52,52,52,58,39,33,57,54,80,70,46,46,52,50,74,54,78,78,78,78,63,62,60,80,0],"gold":184,"neow_bonus":"THREE_CARDS","is_prod":false,"is_daily":false,"chose_seed":false,"campfire_upgraded":2,"win_rate":0.0,"timestamp":1537901914,"path_taken":["M","M","M","M","M","R","M","E","T","R","$","M","M","E","R","BOSS","M","M","$","M","M","R","?","R","T","?","M","M","M","M","R","BOSS"],"build_version":"2018-09-20","purchased_purges":2,"victory":false,"max_hp_per_floor":[80,80,80,80,80,80,80,80,80,80,80,80,80,80,80,80,80,80,80,80,80,80,80,80,80,80,80,80,80,80,80,80,80],"card_choices":[{"not_picked":["Clash","Body Slam"],"picked":"Warcry","floor":0},{"not_picked":["Sever Soul","Feel No Pain"],"picked":"Shrug It Off","floor":1},{"not_picked":["Body Slam","Twin Strike"],"picked":"Cleave","floor":2},{"not_picked":["Disarm","Reckless Charge"],"picked":"Shockwave","floor":3},{"not_picked":["Sword Boomerang","Twin Strike"],"picked":"Iron Wave","floor":4},{"not_picked":["Fire Breathing","Searing Blow"],"picked":"Power Through","floor":5},{"not_picked":["Warcry","Clash"],"picked":"Heavy Blade","floor":7},{"not_picked":["Flex","Pummel"],"picked":"Demon Form","floor":8},{"not_picked":["Wild Strike+1","Hemokinesis+1"],"picked":"Spot Weakness","floor":12},{"not_picked":["Sever Soul+1","Bloodletting"],"picked":"Twin Strike+1","floor":13},{"not_picked":["Sever Soul+1","Armaments"],"picked":"Twin Strike+1","floor":14},{"not_picked":["Feed+1","Barricade"],"picked":"Fiend Fire+1","floor":16},{"not_picked":["Blood for Blood+1","Sword Boomerang+1","Combust"],"picked":"SKIP","floor":18},{"not_picked":["Body Slam+1","True Grit","Thunderclap+1"],"picked":"SKIP","floor":19},{"not_picked":["Fire Breathing","Sword Boomerang+1","Cleave+1"],"picked":"SKIP","floor":21},{"not_picked":["Uppercut+1","Anger+1","Clash+1"],"picked":"SKIP","floor":22},{"not_picked":["Entrench+1","Warcry"],"picked":"Offering","floor":24},{"not_picked":["Wild Strike+1","True Grit","Pommel Strike+1"],"picked":"SKIP","floor":28},{"not_picked":["Disarm","Rupture","Dropkick+1"],"picked":"SKIP","floor":29},{"not_picked":["Second Wind+1","Anger+1"],"picked":"Heavy Blade+1","floor":30},{"not_picked":["Dual Wield","Infernal Blade"],"picked":"Headbutt+1","floor":31}],"player_experience":32277,"relics_obtained":[{"floor":8,"key":"Bottled Flame"},{"floor":9,"key":"Molten Egg 2"},{"floor":14,"key":"Paper Frog"},{"floor":26,"key":"Vajra"}],"event_choices":[{"event_name":"Drug Dealer","player_choice":"Inject Mutagens","floor":27,"damage_taken":0}],"is_beta":false,"boss_relics":[{"not_picked":["Runic Cube","Eternal Feather"],"picked":"Fusion Hammer"}],"items_purged_floors":[11,20],"is_endless":false,"potions_floor_spawned":[3,5,7,8,12,16,18,19,28,31],"killed_by":"Champ","ascension_level":0}