{"gold_per_floor":[165,440,457,19,33,33,65,65,65,99,9,36,36,53,53,150,150,161,161,161,180,194,194],"floor_reached":23,"playtime":2964,"items_purged":["Regret"],"score":352,"play_id":"4682fb5c-fbe5-4f27-856c-fc644d5ea2e5","local_time":"20190918170522","is_ascension_mode":true,"campfire_choices":[{"data":"Buffer","floor":6,"key":"SMITH"},{"data":"Seek","floor":8,"key":"SMITH"},{"data":"Storm","floor":13,"key":"SMITH"},{"data":"Zap","floor":15,"key":"SMITH"}],"neow_cost":"NONE","seed_source_timestamp":510885883553453,"circlet_count":0,"master_deck":["Defend_B","Defend_B","Defend_B","Defend_B+1","Zap+1","Dualcast","Self Repair","Defragment","Leap","Seek+1","Buffer+1","White Noise","Storm+1","Hologram","Hologram","Turbo","Creative AI","Bite","Bite","Bite","Bite","Bite","Amplify"],"relics":["Tiny House","Regal Pillow","Unceasing Top","Incense Burner","Oddly Smooth Stone","Letter Opener","Black Star","Frozen Egg 2"],"potions_floor_usage":[7,10,12,18,22,23],"damage_taken":[{"damage":2,"enemies":"Cultist","floor":1,"turns":4},{"damage":5,"enemies":"Small Slimes","floor":3,"turns":4},{"damage":3,"enemies":"Jaw Worm","floor":5,"turns":4},{"damage":0,"enemies":"Lagavulin","floor":7,"turns":6},{"damage":28,"enemies":"3 Sentries","floor":10,"turns":7},{"damage":1,"enemies":"Gremlin Nob","floor":12,"turns":5},{"damage":12,"enemies":"Looter","floor":14,"turns":3},{"damage":0,"enemies":"The Guardian","floor":16,"turns":10},{"damage":22,"enemies":"2 Thieves","floor":18,"turns":3},{"damage":11,"enemies":"Spheric Guardian","floor":21,"turns":4},{"damage":29,"enemies":"Shelled Parasite and Fungi","floor":22,"turns":6},{"damage":46,"enemies":"Slavers","floor":23,"turns":3}],"seed_played":"1468390411513229576","potions_obtained":[{"floor":0,"key":"PowerPotion"},{"floor":1,"key":"PowerPotion"},{"floor":3,"key":"Weak Potion"},{"floor":14,"key":"AttackPotion"},{"floor":16,"key":"FearPotion"},{"floor":21,"key":"SkillPotion"}],"is_trial":false,"path_per_floor":["M","?","M","$","M","R","E","R","T","E","$","E","R","M","R","B",null,"M","T","?","M","M","E"],"character_chosen":"DEFECT","items_purchased":["Regal Pillow","Seek","Buffer","Storm","Hologram"],"campfire_rested":0,"item_purchase_floors":[4,4,4,11,11],"current_hp_per_floor":[80,80,80,80,80,80,80,80,80,59,59,72,72,67,67,74,80,58,58,56,52,44,0],"gold":194,"neow_bonus":"BOSS_RELIC","is_prod":false,"is_daily":false,"chose_seed":false,"campfire_upgraded":4,"win_rate":0,"timestamp":1568840722,"path_taken":["M","?","M","$","?","R","E","R","T","E","$","E","R","M","R","BOSS","M","?","?","M","M","E"],"build_version":"2019-07-17","purchased_purges":1,"victory":false,"max_hp_per_floor":[80,80,80,80,80,80,80,80,80,80,80,80,80,80,80,80,80,80,80,56,56,56,56],"card_choices":[{"not_picked":["Beam Cell","Sweeping Beam"],"picked":"Self Repair","floor":0},{"not_picked":["Cold Snap","Redo"],"picked":"Defragment","floor":1},{"not_picked":["Beam Cell","Compile Driver"],"picked":"Leap","floor":3},{"not_picked":["Beam Cell","Rebound","Darkness"],"picked":"SKIP","floor":5},{"not_picked":["Defragment","Rebound"],"picked":"White Noise","floor":7},{"not_picked":["Beam Cell","Thunder Strike","Stack"],"picked":"SKIP","floor":10},{"not_picked":["Rebound","Reinforced Body"],"picked":"Hologram","floor":12},{"not_picked":["Chaos","Streamline"],"picked":"Turbo","floor":14},{"not_picked":["Biased Cognition","Machine Learning"],"picked":"Creative AI","floor":16},{"not_picked":["Barrage","Hello World","Compile Driver"],"picked":"SKIP","floor":18},{"not_picked":["Redo","Streamline+1","Hologram"],"picked":"SKIP","floor":21},{"not_picked":["Compile Driver","Chill"],"picked":"Amplify","floor":22}],"player_experience":106936,"relics_obtained":[{"floor":7,"key":"Unceasing Top"},{"floor":9,"key":"Incense Burner"},{"floor":10,"key":"Oddly Smooth Stone"},{"floor":12,"key":"Letter Opener"},{"floor":19,"key":"Frozen Egg 2"}],"event_choices":[{"damage_healed":0,"gold_gain":275,"player_choice":"Desecrate","damage_taken":0,"max_hp_gain":0,"max_hp_loss":0,"event_name":"Golden Shrine","floor":2,"gold_loss":0,"cards_obtained":["Regret"]},{"damage_healed":0,"gold_gain":0,"player_choice":"Became a vampire","damage_taken":0,"max_hp_gain":0,"max_hp_loss":24,"event_name":"Vampires","floor":20,"gold_loss":0,"cards_obtained":["Bite","Bite","Bite","Bite","Bite"]}],"is_beta":false,"boss_relics":[{"not_picked":["Ectoplasm","Runic Pyramid"],"picked":"Black Star"}],"items_purged_floors":[4],"is_endless":false,"potions_floor_spawned":[1,3,14,16,21],"killed_by":"Slavers","ascension_level":3}