{"gold_per_floor":[119,69,44,119,119,145,145,171,198,214,214],"floor_reached":11,"playtime":360,"items_purged":[],"score":103,"play_id":"c78c994e-404b-4f49-86c7-b4424ed4f91d","local_time":"20190904181509","is_ascension_mode":true,"campfire_choices":[{"floor":7,"key":"REST"}],"neow_cost":"NONE","seed_source_timestamp":287531234491300,"circlet_count":0,"master_deck":["Strike_B","Strike_B","Defend_B","Defend_B","Defend_B","Defend_B","Zap","Dualcast","Genetic Algorithm","Gash","Doom and Gloom","Core Surge","Rainbow"],"relics":["Cracked Core","Orichalcum","Peace Pipe","Boot"],"potions_floor_usage":[],"damage_taken":[{"damage":0,"enemies":"Small Slimes","floor":1,"turns":2},{"damage":46,"enemies":"Gremlin Nob","floor":6,"turns":5},{"damage":39,"enemies":"Lagavulin","floor":8,"turns":8},{"damage":2,"enemies":"2 Louse","floor":10,"turns":2}],"seed_played":"-9008063269724608138","potions_obtained":[{"floor":1,"key":"FairyPotion"}],"is_trial":false,"path_per_floor":["M","?","$","?","?","E","R","E","T","M","?"],"character_chosen":"DEFECT","items_purchased":["Gash"],"campfire_rested":1,"item_purchase_floors":[3],"current_hp_per_floor":[75,75,75,64,64,18,42,3,3,1,0],"gold":214,"neow_bonus":"TEN_PERCENT_HP_BONUS","is_prod":false,"is_daily":false,"chose_seed":false,"campfire_upgraded":0,"win_rate":0,"timestamp":1567646109,"path_taken":["M","?","$","?","?","E","R","E","T","?","?"],"build_version":"2019-07-17","purchased_purges":0,"victory":false,"max_hp_per_floor":[82,82,82,82,82,82,82,82,82,82,82],"card_choices":[{"not_picked":["Melter","Coolheaded"],"picked":"Genetic Algorithm","floor":1},{"not_picked":["Blizzard","Steam"],"picked":"Core Surge","floor":6},{"not_picked":["Ball Lightning","Redo"],"picked":"Rainbow","floor":8},{"not_picked":["BootSequence","Stack","Beam Cell"],"picked":"SKIP","floor":10}],"player_experience":283834,"relics_obtained":[{"floor":6,"key":"Orichalcum"},{"floor":8,"key":"Peace Pipe"},{"floor":9,"key":"Boot"}],"event_choices":[{"cards_removed":["Strike_B"],"damage_healed":0,"gold_gain":0,"player_choice":"Card Removal","damage_taken":0,"max_hp_gain":0,"max_hp_loss":0,"event_name":"The Cleric","floor":2,"gold_loss":50},{"damage_healed":0,"gold_gain":75,"player_choice":"Gather Gold","damage_taken":11,"max_hp_gain":0,"max_hp_loss":0,"event_name":"World of Goop","floor":4,"gold_loss":0},{"damage_healed":0,"gold_gain":0,"cards_transformed":["Strike_B"],"player_choice":"Transformed","damage_taken":0,"max_hp_gain":0,"max_hp_loss":0,"event_name":"Transmorgrifier","floor":5,"gold_loss":0,"cards_obtained":["Doom and Gloom"]}],"is_beta":false,"boss_relics":[],"items_purged_floors":[],"is_endless":false,"potions_floor_spawned":[1],"ascension_level":6}