{"gold_per_floor":[117,135,149,224,244,279,295,295,343,371,42,42,42,61,61,164,164,179,195,195,95,107,107,137,137,137,62,62,62,62,73,73,73],"floor_reached":33,"playtime":1451,"items_purged":["Defend_R","Strike_R"],"score":325,"play_id":"b60e142b-3907-4520-9434-f5cf7f5e6b4e","local_time":"20190910144553","is_ascension_mode":false,"campfire_choices":[{"data":"Seeing Red","floor":8,"key":"SMITH"},{"floor":13,"key":"REST"},{"data":"Clothesline","floor":15,"key":"SMITH"},{"data":"Limit Break","floor":23,"key":"SMITH"},{"floor":25,"key":"REST"},{"floor":29,"key":"REST"},{"data":"Offering","floor":32,"key":"SMITH"}],"neow_cost":"PERCENT_DAMAGE","seed_source_timestamp":103077570321262,"circlet_count":0,"master_deck":["Strike_R","Strike_R","Defend_R+1","Defend_R","Defend_R","Bash","Offering+1","Twin Strike","Rage","Disarm+1","Clothesline+1","Pommel Strike","Seeing Red+1","Spot Weakness","Mayhem+1","Metallicize+1","Perfected Strike","Limit Break+1","Flex","Intimidate","Flame Barrier","Sword Boomerang","Intimidate"],"relics":["Burning Blood","War Paint","Frozen Egg 2","Busted Crown","Juzu Bracelet","Matryoshka","Nilry\u0027s Codex"],"potions_floor_usage":[6,19,19],"damage_taken":[{"damage":0,"enemies":"Small Slimes","floor":1,"turns":4},{"damage":1,"enemies":"Jaw Worm","floor":2,"turns":3},{"damage":3,"enemies":"2 Louse","floor":3,"turns":3},{"damage":7,"enemies":"Looter","floor":5,"turns":2},{"damage":17,"enemies":"Gremlin Nob","floor":6,"turns":4},{"damage":6,"enemies":"2 Fungi Beasts","floor":7,"turns":3},{"damage":46,"enemies":"3 Sentries","floor":10,"turns":10},{"damage":7,"enemies":"Exordium Wildlife","floor":14,"turns":5},{"damage":6,"enemies":"Hexaghost","floor":16,"turns":6},{"damage":11,"enemies":"3 Byrds","floor":18,"turns":6},{"damage":0,"enemies":"Chosen","floor":19,"turns":5},{"damage":15,"enemies":"Shelled Parasite and Fungi","floor":22,"turns":5},{"damage":49,"enemies":"Slavers","floor":24,"turns":5},{"damage":17,"enemies":"Sentry and Sphere","floor":31,"turns":6},{"damage":50,"enemies":"Automaton","floor":33,"turns":6}],"seed_played":"-802068466068750726","potions_obtained":[{"floor":3,"key":"GamblersBrew"},{"floor":5,"key":"Ancient Potion"},{"floor":6,"key":"SmokeBomb"},{"floor":14,"key":"Swift Potion"},{"floor":16,"key":"SkillPotion"},{"floor":19,"key":"Fire Potion"},{"floor":31,"key":"Fire Potion"}],"is_trial":false,"path_per_floor":["M","M","M","?","M","E","M","R","T","E","$","?","R","M","R","B",null,"M","M","?","$","M","R","E","R","T","?","?","R","?","M","R","B"],"character_chosen":"IRONCLAD","items_purchased":["Mayhem+1","Metallicize+1"],"campfire_rested":3,"item_purchase_floors":[11,11],"current_hp_per_floor":[62,67,70,59,58,47,47,47,47,7,7,7,31,30,30,30,80,75,80,80,80,71,71,28,52,52,52,36,60,60,49,49,0],"gold":73,"neow_bonus":"THREE_RARE_CARDS","is_prod":false,"is_daily":false,"chose_seed":false,"campfire_upgraded":4,"win_rate":0,"timestamp":1568123153,"path_taken":["M","M","M","?","M","E","M","R","T","E","$","?","R","M","R","BOSS","M","M","?","$","M","R","E","R","T","?","?","R","?","M","R","BOSS"],"build_version":"2019-07-17","purchased_purges":2,"victory":false,"max_hp_per_floor":[80,80,80,80,80,80,80,80,80,80,80,80,80,80,80,80,80,80,80,80,80,80,80,80,80,80,80,80,80,80,80,80,80],"card_choices":[{"not_picked":["Reaper","Bludgeon"],"picked":"Offering","floor":0},{"not_picked":["Dropkick","Armaments"],"picked":"Twin Strike","floor":1},{"not_picked":["Clash","Dropkick"],"picked":"Rage","floor":2},{"not_picked":["Power Through","Perfected Strike"],"picked":"Disarm","floor":3},{"not_picked":["Entrench","Iron Wave"],"picked":"Clothesline","floor":5},{"not_picked":["Dual Wield","Cleave"],"picked":"Pommel Strike","floor":6},{"not_picked":["Anger","Clash"],"picked":"Seeing Red","floor":7},{"not_picked":["Infernal Blade","Perfected Strike"],"picked":"Spot Weakness","floor":10},{"not_picked":["Dropkick","Clash"],"picked":"Perfected Strike","floor":14},{"not_picked":["Dark Embrace+1","Immolate"],"picked":"Limit Break","floor":16},{"not_picked":[],"picked":"Flex","floor":18},{"not_picked":[],"picked":"Intimidate","floor":19},{"not_picked":[],"picked":"Sword Boomerang","floor":22},{"not_picked":["Armaments"],"picked":"SKIP","floor":24},{"not_picked":[],"picked":"Intimidate","floor":31}],"player_experience":82646,"relics_obtained":[{"floor":6,"key":"War Paint"},{"floor":10,"key":"Frozen Egg 2"},{"floor":24,"key":"Juzu Bracelet"},{"floor":26,"key":"Matryoshka"},{"floor":28,"key":"Nilry\u0027s Codex"}],"event_choices":[{"damage_healed":0,"gold_gain":75,"player_choice":"Gather Gold","damage_taken":11,"max_hp_gain":0,"max_hp_loss":0,"event_name":"World of Goop","floor":4,"gold_loss":0},{"damage_healed":0,"gold_gain":0,"player_choice":"Ignored","damage_taken":0,"max_hp_gain":0,"max_hp_loss":0,"event_name":"Liars Game","floor":12,"gold_loss":0},{"damage_healed":0,"gold_gain":0,"player_choice":"Read","damage_taken":0,"max_hp_gain":0,"max_hp_loss":0,"event_name":"The Library","floor":20,"gold_loss":0,"cards_obtained":["Flame Barrier"]},{"cards_removed":["Strike_R"],"damage_healed":0,"gold_gain":0,"player_choice":"Gave Gold","damage_taken":0,"max_hp_gain":0,"max_hp_loss":0,"event_name":"Beggar","floor":27,"gold_loss":75},{"damage_healed":0,"gold_gain":0,"player_choice":"Obtained Book","damage_taken":16,"max_hp_gain":0,"max_hp_loss":0,"event_name":"Cursed Tome","floor":28,"gold_loss":0},{"cards_removed":["Strike_R"],"damage_healed":0,"gold_gain":0,"player_choice":"Elegance","damage_taken":0,"max_hp_gain":0,"max_hp_loss":0,"event_name":"Back to Basics","floor":30,"gold_loss":0}],"is_beta":false,"boss_relics":[{"not_picked":["Runic Pyramid","Empty Cage"],"picked":"Busted Crown"}],"items_purged_floors":[11,21],"is_endless":false,"potions_floor_spawned":[3,5,6,14,16,19,31],"killed_by":"Automaton","ascension_level":0}