{"gold_per_floor":[119,136,186,200,165,165,135,164,164,182,182],"floor_reached":11,"playtime":2207,"items_purged":[],"score":73,"play_id":"3561cb09-e377-42c2-bc34-ab79fc3c84de","local_time":"20190915185908","is_ascension_mode":false,"campfire_choices":[{"data":"Leg Sweep","floor":6,"key":"SMITH"}],"neow_cost":"NONE","seed_source_timestamp":89678609468900,"circlet_count":0,"master_deck":["Strike_G","Strike_G","Strike_G","Strike_G","Strike_G","Defend_G","Defend_G","Defend_G","Defend_G","Defend_G","Survivor","Neutralize","Dodge and Roll","Accuracy","Underhanded Strike","Leg Sweep+1","Bouncing Flask","Corpse Explosion","Prepared+1"],"relics":["Ring of the Snake","Kunai","Toxic Egg 2"],"potions_floor_usage":[10,11],"damage_taken":[{"damage":4,"enemies":"Jaw Worm","floor":1,"turns":7},{"damage":10,"enemies":"Small Slimes","floor":2,"turns":3},{"damage":1,"enemies":"2 Louse","floor":4,"turns":3},{"damage":1,"enemies":"Looter","floor":7,"turns":4},{"damage":48,"enemies":"3 Sentries","floor":8,"turns":17},{"damage":12,"enemies":"2 Fungi Beasts","floor":10,"turns":3},{"damage":10,"enemies":"Exordium Wildlife","floor":11,"turns":2}],"seed_played":"-4642810020550875736","potions_obtained":[{"floor":1,"key":"GhostInAJar"},{"floor":8,"key":"Poison Potion"},{"floor":10,"key":"Weak Potion"}],"is_trial":false,"path_per_floor":["M","M","?","M","?","R","M","E","T","M","M"],"character_chosen":"THE_SILENT","items_purchased":[],"campfire_rested":0,"item_purchase_floors":[],"current_hp_per_floor":[66,56,56,55,70,70,69,21,21,9,0],"gold":182,"neow_bonus":"THREE_CARDS","is_prod":false,"is_daily":false,"chose_seed":false,"campfire_upgraded":1,"win_rate":0,"timestamp":1568591948,"path_taken":["M","M","?","M","?","R","M","E","T","M","M"],"build_version":"2019-07-17","purchased_purges":0,"victory":false,"max_hp_per_floor":[70,70,70,70,70,70,70,70,70,70,70],"card_choices":[{"not_picked":["Outmaneuver","Choke"],"picked":"Dodge and Roll","floor":0},{"not_picked":["Skewer","Acrobatics"],"picked":"Accuracy","floor":1},{"not_picked":["Accuracy","Choke"],"picked":"Underhanded Strike","floor":2},{"not_picked":["Dagger Spray","Backstab"],"picked":"Leg Sweep","floor":4},{"not_picked":["Expertise","Skewer"],"picked":"Bouncing Flask","floor":7},{"not_picked":["Dodge and Roll","Prepared"],"picked":"Corpse Explosion","floor":8},{"not_picked":["PiercingWail+1","Well Laid Plans"],"picked":"Prepared+1","floor":10}],"player_experience":143600,"relics_obtained":[{"floor":8,"key":"Kunai"},{"floor":9,"key":"Toxic Egg 2"}],"event_choices":[{"damage_healed":0,"gold_gain":50,"player_choice":"Gained Gold","damage_taken":0,"max_hp_gain":0,"max_hp_loss":0,"event_name":"Golden Wing","floor":3,"gold_loss":0},{"damage_healed":17,"gold_gain":0,"player_choice":"Healed","damage_taken":0,"max_hp_gain":0,"max_hp_loss":0,"event_name":"The Cleric","floor":5,"gold_loss":35}],"is_beta":false,"boss_relics":[],"items_purged_floors":[],"is_endless":false,"potions_floor_spawned":[1,8,10],"killed_by":"Exordium Wildlife","ascension_level":0}