{"gold_per_floor":[112,112,126,126,140,140,172,172,172,183,202,216,216,227,227,324,324,336,336,348,348,180,205,217,217,265,265,281,298,131,131,131,236,236,246,92,192,210,220,220,234,265,265,290,390,404,419,61,61,61],"floor_reached":51,"playtime":3375,"items_purged":[],"score":1248,"play_id":"9c42591d-4a97-4db0-a7b4-c994bed5e10c","local_time":"20190905182018","is_ascension_mode":true,"campfire_choices":[{"data":"Defragment","floor":6.0,"key":"SMITH"},{"data":"Zap","floor":8.0,"key":"SMITH"},{"floor":13.0,"key":"REST"},{"floor":15.0,"key":"REST"},{"data":"Dualcast","floor":25.0,"key":"SMITH"},{"floor":27.0,"key":"REST"},{"data":"Defragment","floor":32.0,"key":"SMITH"},{"data":"Buffer","floor":40.0,"key":"SMITH"},{"floor":49.0,"key":"REST"}],"neow_cost":"NONE","seed_source_timestamp":0,"circlet_count":0,"master_deck":["Strike_B+1","Defend_B","Defend_B","Zap+1","Dualcast+1","Ball Lightning","Hologram","Defragment+1","Ball Lightning","Glacier","Electrodynamics","Coolheaded+1","Self Repair+1","Steam+1","Metamorphosis","Undo","Glacier","Leap+1","Gash","Defragment+1","Conserve Battery","Gash","Buffer+1","Go for the Eyes+1","Leap+1","Conserve Battery+1","Gash+1","Biased Cognition","Reinforced Body+1","Capacitor+1","Echo Form","Auto Shields+1"],"special_seed":0,"relics":["Cracked Core","Calipers","Du-Vu Doll","Astrolabe","MutagenicStrength","Prayer Wheel","Happy Flower","Nloth\u0027s Gift","Philosopher\u0027s Stone","PreservedInsect","Bird Faced Urn","Pen Nib","Potion Belt","Ginger","Runic Capacitor","Ancient Tea Set"],"potions_floor_usage":[50,50,50],"damage_taken":[{"damage":2.0,"enemies":"Jaw Worm","floor":1.0,"turns":3.0},{"damage":10.0,"enemies":"2 Louse","floor":3.0,"turns":2.0},{"damage":0.0,"enemies":"Cultist","floor":5.0,"turns":2.0},{"damage":15.0,"enemies":"3 Sentries","floor":7.0,"turns":5.0},{"damage":17.0,"enemies":"Exordium Wildlife","floor":10.0,"turns":4.0},{"damage":7.0,"enemies":"Looter","floor":11.0,"turns":3.0},{"damage":5.0,"enemies":"Red Slaver","floor":12.0,"turns":3.0},{"damage":16.0,"enemies":"Lots of Slimes","floor":14.0,"turns":3.0},{"damage":1.0,"enemies":"The Guardian","floor":16.0,"turns":10.0},{"damage":0.0,"enemies":"3 Byrds","floor":18.0,"turns":2.0},{"damage":0.0,"enemies":"Spheric Guardian","floor":20.0,"turns":3.0},{"damage":21.0,"enemies":"Gremlin Leader","floor":23.0,"turns":5.0},{"damage":24.0,"enemies":"Shelled Parasite and Fungi","floor":24.0,"turns":6.0},{"damage":15.0,"enemies":"Cultist and Chosen","floor":28.0,"turns":6.0},{"damage":4.0,"enemies":"Snake Plant","floor":29.0,"turns":6.0},{"damage":6.0,"enemies":"Champ","floor":33.0,"turns":14.0},{"damage":6.0,"enemies":"3 Shapes","floor":35.0,"turns":5.0},{"damage":22.0,"enemies":"3 Darklings","floor":38.0,"turns":4.0},{"damage":23.0,"enemies":"Transient","floor":39.0,"turns":5.0},{"damage":0.0,"enemies":"Spire Growth","floor":41.0,"turns":7.0},{"damage":0.0,"enemies":"Nemesis","floor":42.0,"turns":5.0},{"damage":18.0,"enemies":"Reptomancer","floor":44.0,"turns":6.0},{"damage":0.0,"enemies":"Mind Bloom Boss Battle","floor":45.0,"turns":9.0},{"damage":46.0,"enemies":"Jaw Worm Horde","floor":46.0,"turns":4.0},{"damage":14.0,"enemies":"4 Shapes","floor":47.0,"turns":3.0},{"damage":41,"enemies":"Awakened One","floor":50,"turns":10}],"seed_played":"-1688935436608680729","potions_obtained":[{"floor":5.0,"key":"Energy Potion"},{"floor":12.0,"key":"PowerPotion"},{"floor":16.0,"key":"Poison Potion"},{"floor":23.0,"key":"FocusPotion"},{"floor":24.0,"key":"SpeedPotion"},{"floor":29.0,"key":"Energy Potion"},{"floor":42.0,"key":"GamblersBrew"},{"floor":45.0,"key":"GamblersBrew"},{"floor":46.0,"key":"SteroidPotion"},{"floor":47.0,"key":"PowerPotion"}],"is_trial":false,"path_per_floor":["M","?","M","?","M","R","E","R","T","M","M","M","R","M","R","B",null,"M","?","M","?","$","E","M","R","T","R","M","M","$","?","R","B",null,"M","$","?","M","M","R","M","E","T","E","?","M","M","$","R","B",null],"character_chosen":"DEFECT","items_purchased":["Metamorphosis","Defragment","Conserve Battery","Gash","PreservedInsect","Runic Capacitor","Ancient Tea Set"],"campfire_rested":4,"item_purchase_floors":[22,30,30,30,36,48,48],"current_hp_per_floor":[66,66,56,56,56,56,41,41,41,24,17,12,34,18,40,39,66,66,66,75,75,75,64,50,50,50,72,67,73,73,73,73,75,75,75,75,75,63,50,50,60,70,70,62,75,45,31,31,53,24],"gold":61,"neow_bonus":"RANDOM_COMMON_RELIC","is_prod":false,"is_daily":false,"chose_seed":false,"campfire_upgraded":5,"win_rate":0,"timestamp":1567732818,"path_taken":["M","?","M","?","M","R","E","R","T","M","M","?","R","M","R","BOSS","M","?","M","?","$","E","M","R","T","R","M","M","$","?","R","BOSS","M","$","?","M","?","R","?","E","T","E","?","M","M","$","R","BOSS"],"build_version":"2019-07-17","purchased_purges":0,"victory":true,"max_hp_per_floor":[75,75,75,75,75,75,75,75,75,75,75,75,75,75,75,75,75,75,75,75,75,75,75,75,75,75,75,75,75,75,75,75,75,75,75,75,75,75,75,75,75,75,75,75,75,75,75,75,75,75],"card_choices":[{"not_picked":["Rebound","Cold Snap"],"picked":"Ball Lightning","floor":1.0},{"not_picked":["Go for the Eyes","Redo"],"picked":"Hologram","floor":3.0},{"not_picked":["Leap","Beam Cell"],"picked":"Defragment","floor":5.0},{"not_picked":["Fission","Compile Driver","Steam"],"picked":"SKIP","floor":7.0},{"not_picked":["Blizzard","Recycle"],"picked":"Ball Lightning","floor":10.0},{"not_picked":["Storm","FTL"],"picked":"Tempest","floor":11.0},{"not_picked":["Beam Cell","Sweeping Beam","Lockon"],"picked":"SKIP","floor":12.0},{"not_picked":["Rebound","Fission"],"picked":"Glacier","floor":14.0},{"not_picked":["Reboot","Thunder Strike"],"picked":"Electrodynamics","floor":16.0},{"not_picked":["Skim","Beam Cell+1","Sweeping Beam"],"picked":"SKIP","floor":18.0},{"not_picked":["Beam Cell","Coolheaded","Blizzard"],"picked":"SKIP","floor":20.0},{"not_picked":["Coolheaded","Sweeping Beam","Stack"],"picked":"SKIP","floor":23.0},{"not_picked":["Streamline","Beam Cell+1"],"picked":"Undo","floor":24.0},{"not_picked":["Stack","Tempest"],"picked":"Glacier","floor":24.0},{"not_picked":["Melter","Coolheaded"],"picked":"Leap+1","floor":28.0},{"not_picked":["All For One","Aggregate","FTL"],"picked":"SKIP","floor":28.0},{"not_picked":["Hologram","Beam Cell"],"picked":"Gash","floor":29.0},{"not_picked":["Hologram+1","Doom and Gloom+1","Ball Lightning+1"],"picked":"SKIP","floor":29.0},{"not_picked":["Thunder Strike","Reboot"],"picked":"Buffer","floor":33.0},{"not_picked":["Thunder Strike","Steam+1"],"picked":"Go for the Eyes+1","floor":35.0},{"not_picked":["Beam Cell","Stack","Sweeping Beam+1"],"picked":"SKIP","floor":35.0},{"not_picked":["Doom and Gloom+1","Conserve Battery","Streamline+1"],"picked":"SKIP","floor":38.0},{"not_picked":["Turbo","Hello World","Chaos"],"picked":"SKIP","floor":38.0},{"not_picked":["Double Energy+1","Coolheaded+1"],"picked":"Leap+1","floor":39.0},{"not_picked":["Barrage+1","Beam Cell+1","Cold Snap"],"picked":"SKIP","floor":39.0},{"not_picked":["Compile Driver+1","All For One"],"picked":"Conserve Battery+1","floor":41.0},{"not_picked":["BootSequence","Go for the Eyes"],"picked":"Gash+1","floor":41.0},{"not_picked":["Multi-Cast","Leap+1"],"picked":"Biased Cognition","floor":42.0},{"not_picked":["Double Energy","Ball Lightning","Hologram+1"],"picked":"SKIP","floor":44.0},{"not_picked":["Streamline","Skim"],"picked":"Reinforced Body+1","floor":46.0},{"not_picked":["Conserve Battery","Coolheaded+1"],"picked":"Capacitor+1","floor":46.0},{"not_picked":["Self Repair","Conserve Battery"],"picked":"Echo Form","floor":47.0},{"not_picked":["Aggregate+1","Stack"],"picked":"Auto Shields+1","floor":47.0}],"player_experience":291421,"relics_obtained":[{"floor":7.0,"key":"Calipers"},{"floor":9.0,"key":"Du-Vu Doll"},{"floor":23.0,"key":"Prayer Wheel"},{"floor":26.0,"key":"Happy Flower"},{"floor":42.0,"key":"Bird Faced Urn"},{"floor":43.0,"key":"Pen Nib"},{"floor":44.0,"key":"Potion Belt"},{"floor":45.0,"key":"Ginger"}],"event_choices":[{"cards_removed":["Strike_B"],"damage_healed":0.0,"max_hp_gain":0.0,"max_hp_loss":0.0,"gold_gain":0.0,"event_name":"Living Wall","player_choice":"Forget","floor":2.0,"gold_loss":0.0,"damage_taken":0.0},{"cards_removed":["Strike_B"],"damage_healed":0.0,"max_hp_gain":0.0,"max_hp_loss":0.0,"gold_gain":0.0,"event_name":"Bonfire Elementals","player_choice":"Offered Basic","floor":4.0,"gold_loss":0.0,"damage_taken":0.0},{"damage_healed":0.0,"max_hp_gain":0.0,"max_hp_loss":0.0,"gold_gain":0.0,"event_name":"Drug Dealer","player_choice":"Inject Mutagens","floor":19.0,"gold_loss":0.0,"damage_taken":0.0,"relics_obtained":["MutagenicStrength"]},{"cards_removed":["Strike_B"],"damage_healed":0.0,"max_hp_gain":0.0,"max_hp_loss":0.0,"gold_gain":0.0,"event_name":"Back to Basics","player_choice":"Elegance","floor":21.0,"gold_loss":0.0,"damage_taken":0.0},{"damage_healed":0.0,"max_hp_gain":0.0,"max_hp_loss":0.0,"gold_gain":0.0,"event_name":"N\u0027loth","player_choice":"Traded Relic","floor":31.0,"relics_lost":["Whetstone"],"gold_loss":0.0,"damage_taken":0.0,"relics_obtained":["Nloth\u0027s Gift"]},{"damage_healed":0.0,"max_hp_gain":0.0,"max_hp_loss":0.0,"gold_gain":100.0,"event_name":"Golden Shrine","player_choice":"Pray","floor":37.0,"gold_loss":0.0,"damage_taken":0.0},{"damage_healed":0.0,"max_hp_gain":0.0,"max_hp_loss":0.0,"gold_gain":0.0,"event_name":"MindBloom","player_choice":"Fight","floor":45.0,"gold_loss":0.0,"damage_taken":0.0}],"is_beta":false,"boss_relics":[{"not_picked":["Coffee Dripper","Runic Dome"],"picked":"Astrolabe"},{"not_picked":["Black Star","Runic Pyramid"],"picked":"Philosopher\u0027s Stone"}],"items_purged_floors":[],"is_endless":false,"potions_floor_spawned":[5,12,16,23,24,29,42,45,46,47],"ascension_level":7}