{"gold_per_floor":[115,30,105,205,223,223,255,255,255,280,292,23,50,70,70,171,171,189,189,114,134,147,147,180,180,231,231,247,247,104,119,119,218,218,238,254,270,284,303,332,347,347,400,400,500,202,215,228,228,228,247,264,264,31,31,48,48,48,48,143],"floor_reached":61,"playtime":2864,"items_purged":["Strike_G","Glass Knife","Corpse Explosion","Survivor"],"score":1645,"play_id":"aa01c983-ff18-4470-9fde-94d890bf3e78","local_time":"20190914174215","is_ascension_mode":false,"campfire_choices":[{"data":"Deadly Poison","floor":6.0,"key":"SMITH"},{"data":"Well Laid Plans","floor":8.0,"key":"SMITH"},{"data":"Apotheosis","floor":15.0,"key":"SMITH"},{"data":"Acrobatics","floor":23.0,"key":"SMITH"},{"data":"Adrenaline","floor":25.0,"key":"SMITH"},{"data":"Tactician","floor":29.0,"key":"SMITH"},{"floor":32.0,"key":"RECALL"},{"data":"Prepared","floor":42.0,"key":"SMITH"},{"data":"Wraith Form v2","floor":44.0,"key":"SMITH"},{"data":"Dodge and Roll","floor":49.0,"key":"PURGE"},{"data":"Outmaneuver+1","floor":55.0,"key":"PURGE"},{"data":"Die Die Die","floor":57.0,"key":"PURGE"}],"neow_cost":"PERCENT_DAMAGE","seed_source_timestamp":0,"circlet_count":0,"master_deck":["Neutralize","Night Terror","Well Laid Plans+1","Acrobatics+1","Wraith Form v2+1","Tactician+1","Backflip","Apotheosis+1","Blur","Grand Finale","Adrenaline+1","Crippling Poison+1","Envenom+1","Acrobatics+1","Prepared+1","Wraith Form v2"],"special_seed":0,"relics":["Ring of the Snake","Oddly Smooth Stone","The Courier","Bottled Lightning","Membership Card","Whetstone","Pandora\u0027s Box","Bottled Tornado","Turnip","ClockworkSouvenir","Astrolabe","Blue Candle","Strawberry","Peace Pipe","Happy Flower","Lantern","Ginger","paleoftheancients:Timepiece","Anchor","Ice Cream","Medical Kit","Mummified Hand","paleoftheancients:SoulOfTheVixen"],"potions_floor_usage":[60],"damage_taken":[{"damage":0.0,"enemies":"Cultist","floor":1.0,"turns":4.0},{"damage":0.0,"enemies":"Small Slimes","floor":5.0,"turns":3.0},{"damage":14.0,"enemies":"3 Sentries","floor":7.0,"turns":11.0},{"damage":8.0,"enemies":"Lagavulin","floor":10.0,"turns":7.0},{"damage":0.0,"enemies":"Jaw Worm","floor":11.0,"turns":3.0},{"damage":2.0,"enemies":"Gremlin Nob","floor":13.0,"turns":4.0},{"damage":0.0,"enemies":"Red Slaver","floor":14.0,"turns":2.0},{"damage":0.0,"enemies":"Hexaghost","floor":16.0,"turns":8.0},{"damage":0.0,"enemies":"Spheric Guardian","floor":18.0,"turns":4.0},{"damage":1.0,"enemies":"Chosen","floor":21.0,"turns":5.0},{"damage":0.0,"enemies":"Snake Plant","floor":22.0,"turns":3.0},{"damage":0.0,"enemies":"Book of Stabbing","floor":24.0,"turns":4.0},{"damage":3.0,"enemies":"Shelled Parasite and Fungi","floor":28.0,"turns":3.0},{"damage":0.0,"enemies":"Centurion and Healer","floor":31.0,"turns":2.0},{"damage":0.0,"enemies":"Collector","floor":33.0,"turns":4.0},{"damage":0.0,"enemies":"3 Shapes","floor":35.0,"turns":2.0},{"damage":0.0,"enemies":"3 Darklings","floor":36.0,"turns":3.0},{"damage":0.0,"enemies":"Writhing Mass","floor":37.0,"turns":3.0},{"damage":0.0,"enemies":"4 Shapes","floor":38.0,"turns":2.0},{"damage":0.0,"enemies":"Sphere and 2 Shapes","floor":39.0,"turns":1.0},{"damage":0.0,"enemies":"Reptomancer","floor":40.0,"turns":3.0},{"damage":0.0,"enemies":"Spire Growth","floor":41.0,"turns":3.0},{"damage":0.0,"enemies":"Mind Bloom Boss Battle","floor":45.0,"turns":2.0},{"damage":0.0,"enemies":"4 Shapes","floor":47.0,"turns":2.0},{"damage":0.0,"enemies":"Writhing Mass","floor":48.0,"turns":2.0},{"damage":0.0,"enemies":"Donu and Deca","floor":50.0,"turns":2.0},{"damage":0.0,"enemies":"Donu and Deca","floor":51.0,"turns":5.0},{"damage":0.0,"enemies":"Donu and Deca","floor":52.0,"turns":3.0},{"damage":0.0,"enemies":"Donu and Deca","floor":56.0,"turns":4.0},{"damage":0,"enemies":"paleoftheancients:N","floor":60,"turns":5}],"seed_played":"757700664339808407","potions_obtained":[{"floor":11.0,"key":"SkillPotion"},{"floor":13.0,"key":"EssenceOfSteel"},{"floor":16.0,"key":"Explosive Potion"},{"floor":21.0,"key":"Ancient Potion"},{"floor":45.0,"key":"Swift Potion"},{"floor":60,"key":"Block Potion"}],"is_trial":false,"path_per_floor":["M","$","?","?","M","R","E","R","T","E","M","$","E","M","R","B",null,"M","?","?","M","M","R","E","R","T","T","M","R","$","M","R","B",null,"M","M","M","M","M","E","M","R","T","R","?","$","M","M","R","B","M","M","?","$","R","M","R","$","?","B",null],"character_chosen":"THE_SILENT","items_purchased":["Deadly Poison","Well Laid Plans","Membership Card","Tactician","Backflip","Apotheosis","ClockworkSouvenir","GamblersBrew","Happy Flower","Lantern","Ginger","Medical Kit","Mummified Hand"],"campfire_rested":0,"item_purchase_floors":[2,2,12,12,12,12,30,30,46,46,46,54,54],"current_hp_per_floor":[49,49,38,38,38,38,24,24,24,16,16,16,14,14,14,14,70,70,70,70,69,69,69,69,69,69,69,66,66,66,66,66,66,70,70,70,70,70,70,70,70,70,77,77,77,77,77,77,77,77,77,77,77,77,77,77,77,77,77,77],"gold":143,"neow_bonus":"TRANSFORM_TWO_CARDS","is_prod":false,"is_daily":false,"chose_seed":false,"campfire_upgraded":8,"win_rate":0,"timestamp":1568454135,"path_taken":["M","$","?","?","?","R","E","R","T","E","M","$","E","M","R","BOSS","M","?","?","M","M","R","E","R","T","?","M","R","$","M","R","BOSS","M","M","M","M","M","E","M","R","T","R","?","$","M","M","R","BOSS","M","M","?","$","R","M","R","$","?","BOSS"],"build_version":"2019-09-12","purchased_purges":4,"victory":true,"max_hp_per_floor":[70,70,70,70,70,70,70,70,70,70,70,70,70,70,70,70,70,70,70,70,70,70,70,70,70,70,70,70,70,70,70,70,70,70,70,70,70,70,70,70,70,70,77,77,77,77,77,77,77,77,77,77,77,77,77,77,77,77,77,77],"card_choices":[{"not_picked":["Outmaneuver","Poisoned Stab","PiercingWail"],"picked":"SKIP","floor":1.0},{"not_picked":["Masterful Stab","Slice"],"picked":"Acrobatics","floor":5.0},{"not_picked":["Blade Dance","Poisoned Stab"],"picked":"Wraith Form v2","floor":7.0},{"not_picked":["Slice","Deflect","Blade Dance"],"picked":"SKIP","floor":10.0},{"not_picked":["PiercingWail","Deadly Poison","Well Laid Plans"],"picked":"SKIP","floor":11.0},{"not_picked":["PiercingWail","Deadly Poison","Well Laid Plans"],"picked":"SKIP","floor":11.0},{"not_picked":["Flying Knee","Wraith Form v2","Reflex"],"picked":"SKIP","floor":13.0},{"not_picked":["Underhanded Strike","Concentrate","All Out Attack"],"picked":"SKIP","floor":14.0},{"not_picked":["A Thousand Cuts","Unload"],"picked":"Corpse Explosion","floor":16.0},{"not_picked":["Noxious Fumes","Poisoned Stab+1","Bane"],"picked":"SKIP","floor":18.0},{"not_picked":["Dodge and Roll","Dagger Throw","Reflex"],"picked":"SKIP","floor":21.0},{"not_picked":["Setup","Dagger Throw","Cloak And Dagger"],"picked":"SKIP","floor":22.0},{"not_picked":["Eviscerate","Dagger Throw+1"],"picked":"Adrenaline","floor":24.0},{"not_picked":["Eviscerate","Dagger Spray","Endless Agony+1"],"picked":"SKIP","floor":28.0},{"not_picked":["Backflip","Endless Agony","Setup"],"picked":"SKIP","floor":31.0},{"not_picked":["Skewer","Noxious Fumes","Bane+1"],"picked":"SKIP","floor":35.0},{"not_picked":["Slice+1","Caltrops+1"],"picked":"Acrobatics+1","floor":36.0},{"not_picked":["Dagger Throw","Flechettes+1","PiercingWail+1"],"picked":"SKIP","floor":37.0},{"not_picked":["Distraction","Die Die Die","Poisoned Stab+1"],"picked":"SKIP","floor":38.0},{"not_picked":["Bane+1","Caltrops","Deadly Poison"],"picked":"SKIP","floor":39.0},{"not_picked":["Underhanded Strike","PiercingWail","Cloak And Dagger+1"],"picked":"SKIP","floor":40.0},{"not_picked":["Prepared","Slice+1","Infinite Blades+1"],"picked":"SKIP","floor":41.0},{"not_picked":["Slice+1","Infinite Blades+1"],"picked":"Prepared","floor":41.0},{"not_picked":["Poisoned Stab","PiercingWail+1","Deflect"],"picked":"SKIP","floor":47.0},{"not_picked":["Slice","Flying Knee","Poisoned Stab"],"picked":"SKIP","floor":48.0},{"not_picked":["Eviscerate","Cloak And Dagger+1","Tactician"],"picked":"SKIP","floor":51.0},{"not_picked":["Heel Hook+1","Concentrate+1","Dagger Throw+1"],"picked":"SKIP","floor":52.0},{"not_picked":["Noxious Fumes+1","Bane","Accuracy+1"],"picked":"SKIP","floor":56.0},{"not_picked":["Unload","Die Die Die"],"picked":"Wraith Form v2","floor":60}],"player_experience":968688,"relics_obtained":[{"floor":7.0,"key":"Oddly Smooth Stone"},{"floor":9.0,"key":"The Courier"},{"floor":10.0,"key":"Bottled Lightning"},{"floor":13.0,"key":"Whetstone"},{"floor":24.0,"key":"Bottled Tornado"},{"floor":27.0,"key":"Turnip"},{"floor":40.0,"key":"Blue Candle"},{"floor":43.0,"key":"Strawberry"},{"floor":45.0,"key":"Peace Pipe"},{"floor":56.0,"key":"paleoftheancients:SoulOfTheVixen"}],"event_choices":[{"damage_healed":0.0,"max_hp_gain":0.0,"max_hp_loss":0.0,"gold_gain":75.0,"event_name":"World of Goop","player_choice":"Gather Gold","floor":3.0,"gold_loss":0.0,"damage_taken":11.0},{"damage_healed":0.0,"max_hp_gain":0.0,"max_hp_loss":0.0,"gold_gain":100.0,"event_name":"Golden Shrine","player_choice":"Pray","floor":4.0,"gold_loss":0.0,"damage_taken":0.0},{"damage_healed":0.0,"max_hp_gain":0.0,"max_hp_loss":0.0,"gold_gain":0.0,"event_name":"The Mausoleum","player_choice":"Ignored","floor":19.0,"gold_loss":0.0,"damage_taken":0.0},{"cards_removed":["Glass Knife"],"damage_healed":0.0,"max_hp_gain":0.0,"max_hp_loss":0.0,"gold_gain":0.0,"event_name":"Beggar","player_choice":"Gave Gold","floor":20.0,"gold_loss":75.0,"damage_taken":0.0},{"damage_healed":0.0,"max_hp_gain":0.0,"max_hp_loss":0.0,"gold_gain":0.0,"event_name":"MindBloom","player_choice":"Fight","floor":45.0,"gold_loss":0.0,"damage_taken":0.0},{"damage_healed":0.0,"max_hp_gain":0.0,"max_hp_loss":0.0,"gold_gain":0.0,"event_name":"NoteForYourself","player_choice":"Ignored","floor":53.0,"gold_loss":0.0,"damage_taken":0.0}],"is_beta":true,"boss_relics":[{"not_picked":["WristBlade","SlaversCollar"],"picked":"Pandora\u0027s Box"},{"not_picked":["Philosopher\u0027s Stone","HoveringKite"],"picked":"Astrolabe"}],"items_purged_floors":[12,30,46,54],"is_endless":false,"potions_floor_spawned":[11,13,16,21,28,33,35,39,40,45,56,60],"ascension_level":0}