{"gold_per_floor":[114,129,144,144,69,69,84,99,149,179,179,194,194,194,194,294,294],"floor_reached":17,"playtime":1194,"items_purged":["The Bomb"],"score":157,"play_id":"8530bcf7-70fe-4546-a7de-bdb27a58809c","local_time":"20180928114934","daily_mods":["Allstar","Uncertain Future","Lethality"],"is_ascension_mode":false,"campfire_choices":[{"data":"White Noise","floor":6.0,"key":"SMITH"},{"floor":11.0,"key":"REST"},{"data":"Hologram","floor":15.0,"key":"SMITH"}],"neow_cost":"","seed_source_timestamp":0,"circlet_count":0,"master_deck":["Strike_B","Strike_B","Strike_B","Defend_B","Defend_B","Defend_B","Defend_B","Zap","Dualcast","PanicButton","Swift Strike+1","Madness","Hologram","White Noise+1","Hologram+1","Skim","Self Repair","Coolheaded","FTL","Electrodynamics"],"special_seed":17801,"relics":["Cracked Core","Anchor","Regal Pillow"],"potions_floor_usage":[],"damage_taken":[{"damage":0.0,"enemies":"2 Louse","floor":1.0,"turns":1.0},{"damage":6.0,"enemies":"Cultist","floor":2.0,"turns":3.0},{"damage":9.0,"enemies":"Jaw Worm","floor":3.0,"turns":3.0},{"damage":8.0,"enemies":"Looter","floor":7.0,"turns":3.0},{"damage":2.0,"enemies":"Red Slaver","floor":8.0,"turns":3.0},{"damage":24.0,"enemies":"3 Sentries","floor":10.0,"turns":6.0},{"damage":6.0,"enemies":"2 Fungi Beasts","floor":12.0,"turns":3.0},{"damage":44.0,"enemies":"The Guardian","floor":16.0,"turns":11.0}],"seed_played":"-5863381733931304207","potions_obtained":[{"floor":2.0,"key":"EssenceOfSteel"},{"floor":3.0,"key":"Ancient Potion"},{"floor":8.0,"key":"EssenceOfSteel"},{"floor":16.0,"key":"AttackPotion"}],"is_trial":false,"path_per_floor":["M","M","M","?","$","R","M","M","T","E","R","M","?","?","R","B"],"character_chosen":"DEFECT","items_purchased":[],"campfire_rested":1,"item_purchase_floors":[],"current_hp_per_floor":[75,69,60,53,53,53,45,43,43,26,63,64,64,64,64,27,27],"gold":294,"neow_bonus":"","is_prod":false,"is_daily":true,"chose_seed":false,"campfire_upgraded":2,"win_rate":0,"timestamp":1538149774,"path_taken":["M","M","M","?","$","R","M","M","T","E","R","M","?","?","R","BOSS"],"build_version":"2018-09-27","purchased_purges":1,"victory":false,"max_hp_per_floor":[75,75,75,75,75,75,75,75,75,75,75,75,75,75,75,75,75],"card_choices":[{"not_picked":["Barrage","Storm"],"picked":"Hologram","floor":1.0},{"not_picked":["Aggregate","Cold Snap"],"picked":"White Noise","floor":2.0},{"not_picked":["Compile Driver","Storm"],"picked":"Hologram","floor":3.0},{"not_picked":["Scrape","Barrage"],"picked":"Skim","floor":7.0},{"not_picked":["Recycle","Beam Cell"],"picked":"Self Repair","floor":8.0},{"not_picked":["Redo","Undo"],"picked":"Coolheaded","floor":10.0},{"not_picked":["Redo","Turbo"],"picked":"FTL","floor":12.0},{"not_picked":["Rainbow","Creative AI"],"picked":"Electrodynamics","floor":16.0}],"player_experience":63237,"relics_obtained":[{"floor":9.0,"key":"Anchor"},{"floor":10.0,"key":"Regal Pillow"}],"event_choices":[{"event_name":"Golden Wing","player_choice":"Card Removal","floor":4.0,"damage_taken":0.0},{"event_name":"Accursed Blacksmith","player_choice":"Forge","floor":13.0,"damage_taken":0.0},{"event_name":"Living Wall","player_choice":"Forget","floor":14.0,"damage_taken":0.0}],"is_beta":false,"boss_relics":[],"items_purged_floors":[5],"is_endless":false,"potions_floor_spawned":[2,3,8,16],"ascension_level":0}