{"gold_per_floor":[364,60,70,70,70,95,95,129,129,142,142,142,161,175,175,276,276,286,646,657,353,373,401,401,401,452,479,92,110,125,152,152,254,254,274,124,139,139,159,493,493,493,493,493,511,528,538,570,570,570,570,570,98,133,133],"floor_reached":56,"playtime":1593,"items_purged":["Strike_G","Strike_G","Poisoned Stab","Defend_G","Defend_G+1"],"score":1652,"play_id":"de689d57-8ec1-403f-8d16-5f6df259aeb7","local_time":"20190916234757","is_ascension_mode":false,"campfire_choices":[{"data":"Noxious Fumes","floor":7.0,"key":"SMITH"},{"data":"Neutralize","floor":11.0,"key":"SMITH"},{"data":"A Thousand Cuts","floor":15.0,"key":"SMITH"},{"data":"Prepared","floor":25.0,"key":"SMITH"},{"data":"Reflex","floor":32.0,"key":"SMITH"},{"data":"Well Laid Plans","floor":42.0,"key":"SMITH"},{"floor":49.0,"key":"RECALL"},{"floor":52.0,"key":"REST"}],"neow_cost":"PERCENT_DAMAGE","seed_source_timestamp":265356704390599,"circlet_count":0,"master_deck":["Defend_G+1","Defend_G+1","Defend_G+1","Survivor+1","Neutralize+1","Noxious Fumes+1","Prepared+1","A Thousand Cuts+1","Neutralize+1","Grand Finale+1","Acrobatics+1","Backflip+1","Well Laid Plans+1","Reflex+1","Well Laid Plans+1","Finesse+1"],"special_seed":0,"relics":["Ring of the Snake","Medical Kit","Mummified Hand","Pantograph","Anchor","Empty Cage","Orrery","Bag of Marbles","Bag of Preparation","Sundial","OrangePellets","Matryoshka","HoveringKite","Old Coin","Pen Nib","Mark of the Bloom","Dodecahedron","Frozen Eye","Vajra","Paper Crane"],"potions_floor_usage":[55,55,55],"damage_taken":[{"damage":0.0,"enemies":"2 Louse","floor":1.0,"turns":4.0},{"damage":5.0,"enemies":"Small Slimes","floor":3.0,"turns":4.0},{"damage":22.0,"enemies":"Lagavulin","floor":6.0,"turns":10.0},{"damage":28.0,"enemies":"3 Sentries","floor":8.0,"turns":8.0},{"damage":0.0,"enemies":"Cultist","floor":10.0,"turns":4.0},{"damage":0.0,"enemies":"2 Fungi Beasts","floor":13.0,"turns":4.0},{"damage":0.0,"enemies":"Red Slaver","floor":14.0,"turns":4.0},{"damage":31.0,"enemies":"Slime Boss","floor":16.0,"turns":8.0},{"damage":14.0,"enemies":"2 Thieves","floor":18.0,"turns":4.0},{"damage":0.0,"enemies":"Chosen","floor":20.0,"turns":4.0},{"damage":0.0,"enemies":"Snecko","floor":22.0,"turns":4.0},{"damage":0.0,"enemies":"Slavers","floor":23.0,"turns":1.0},{"damage":5.0,"enemies":"Book of Stabbing","floor":27.0,"turns":5.0},{"damage":0.0,"enemies":"Sentry and Sphere","floor":29.0,"turns":2.0},{"damage":0.0,"enemies":"Snake Plant","floor":30.0,"turns":3.0},{"damage":0.0,"enemies":"Slavers","floor":31.0,"turns":2.0},{"damage":0.0,"enemies":"Collector","floor":33.0,"turns":2.0},{"damage":0.0,"enemies":"Orb Walker","floor":35.0,"turns":1.0},{"damage":0.0,"enemies":"3 Darklings","floor":37.0,"turns":2.0},{"damage":0.0,"enemies":"Jaw Worm Horde","floor":39.0,"turns":2.0},{"damage":0.0,"enemies":"Giant Head","floor":40.0,"turns":2.0},{"damage":0.0,"enemies":"Spire Growth","floor":45.0,"turns":1.0},{"damage":0.0,"enemies":"Sphere and 2 Shapes","floor":46.0,"turns":1.0},{"damage":0.0,"enemies":"3 Darklings","floor":47.0,"turns":1.0},{"damage":0.0,"enemies":"Nemesis","floor":48.0,"turns":3.0},{"damage":0.0,"enemies":"Awakened One","floor":50.0,"turns":2.0},{"damage":0.0,"enemies":"Shield and Spear","floor":54.0,"turns":1.0},{"damage":0,"enemies":"The Heart","floor":55,"turns":4}],"seed_played":"-2395057937614331856","potions_obtained":[{"floor":1.0,"key":"Regen Potion"},{"floor":10.0,"key":"FairyPotion"},{"floor":16.0,"key":"Explosive Potion"},{"floor":27.0,"key":"PowerPotion"},{"floor":30.0,"key":"DuplicationPotion"},{"floor":31.0,"key":"Fire Potion"},{"floor":47.0,"key":"Dexterity Potion"}],"is_trial":false,"path_per_floor":["M","$","M","?","?","E","R","E","T","M","R","?","M","M","R","B",null,"M","?","M","$","M","E","?","R","T","E","$","M","M","E","R","B",null,"M","$","M","?","M","E","?","R","T","?","M","M","M","E","R","B",null,"R","$","E","B",null],"character_chosen":"THE_SILENT","items_purchased":["Medical Kit","Noxious Fumes","Orrery","Swift Potion","Reflex","OrangePellets","Well Laid Plans","Frozen Eye","Vajra"],"campfire_rested":1,"item_purchase_floors":[2,2,21,21,28,28,28,53,53],"current_hp_per_floor":[49,49,44,44,37,30,30,2,2,2,2,2,2,2,2,20,70,56,21,21,21,21,21,21,21,21,16,16,16,16,16,16,41,70,70,70,70,70,70,70,60,60,60,60,60,60,60,60,60,60,60,60,60,60,60],"gold":133,"neow_bonus":"TWO_FIFTY_GOLD","is_prod":false,"is_daily":false,"chose_seed":false,"campfire_upgraded":6,"win_rate":0,"timestamp":1568648877,"path_taken":["M","$","M","?","?","E","R","E","T","M","R","?","M","?","R","BOSS","M","?","?","$","M","E","?","R","T","E","$","M","M","E","R","BOSS","M","$","M","?","M","E","?","R","T","?","M","M","M","E","R","BOSS","R","$","E","BOSS"],"build_version":"2019-09-12","purchased_purges":5,"victory":true,"max_hp_per_floor":[70,70,70,70,70,70,70,70,70,70,70,70,70,70,70,70,70,70,70,70,70,70,70,70,70,70,70,70,70,70,70,70,70,70,70,70,70,70,70,70,70,70,70,70,70,70,70,70,70,70,70,70,70,70,70],"card_choices":[{"not_picked":["Skewer","Cloak And Dagger","Distraction"],"picked":"SKIP","floor":1.0},{"not_picked":["Riddle With Holes","Distraction"],"picked":"Prepared","floor":3.0},{"not_picked":["Dagger Throw","Outmaneuver","Sucker Punch"],"picked":"SKIP","floor":6.0},{"not_picked":["Cloak And Dagger","Dagger Throw","Skewer"],"picked":"SKIP","floor":8.0},{"not_picked":["Flying Knee","Slice"],"picked":"Poisoned Stab","floor":10.0},{"not_picked":["Slice","Flying Knee","Cloak And Dagger"],"picked":"SKIP","floor":13.0},{"not_picked":["Masterful Stab","Quick Slash","Night Terror"],"picked":"SKIP","floor":14.0},{"not_picked":["A Thousand Cuts","Burst"],"picked":"Grand Finale","floor":16.0},{"not_picked":["Concentrate+1","PiercingWail"],"picked":"Acrobatics+1","floor":18.0},{"not_picked":["Quick Slash","Deadly Poison","Dagger Throw"],"picked":"SKIP","floor":20.0},{"not_picked":["All Out Attack","PiercingWail"],"picked":"Backflip","floor":21.0},{"not_picked":["Eviscerate","Die Die Die"],"picked":"Well Laid Plans+1","floor":21.0},{"not_picked":["Sucker Punch","Masterful Stab+1","Outmaneuver"],"picked":"SKIP","floor":22.0},{"not_picked":["Prepared","Dagger Spray","Underhanded Strike"],"picked":"SKIP","floor":23.0},{"not_picked":["Heel Hook","Flying Knee+1","Wraith Form v2"],"picked":"SKIP","floor":27.0},{"not_picked":["Blade Dance","Catalyst","Underhanded Strike"],"picked":"SKIP","floor":29.0},{"not_picked":["Distraction","Deadly Poison","Blade Dance"],"picked":"SKIP","floor":30.0},{"not_picked":["Unload","Outmaneuver+1","Flying Knee+1"],"picked":"SKIP","floor":31.0},{"not_picked":["Acrobatics","Catalyst+1","Distraction+1"],"picked":"SKIP","floor":35.0},{"not_picked":["Slice","Outmaneuver","Poisoned Stab+1"],"picked":"SKIP","floor":37.0},{"not_picked":["Dash","Acrobatics+1","Underhanded Strike+1"],"picked":"SKIP","floor":39.0},{"not_picked":["Prepared+1","Backstab","Footwork"],"picked":"SKIP","floor":40.0},{"not_picked":["Jack Of All Trades","Mind Blast"],"picked":"Finesse","floor":41.0},{"not_picked":["Bane+1","Deflect+1","Bouncing Flask+1"],"picked":"SKIP","floor":45.0},{"not_picked":["Backflip","Deflect+1","Concentrate"],"picked":"SKIP","floor":46.0},{"not_picked":["Dagger Spray+1","Eviscerate","Setup"],"picked":"SKIP","floor":47.0},{"not_picked":["Dagger Spray","Eviscerate","Doppelganger"],"picked":"SKIP","floor":48.0},{"not_picked":["Deadly Poison","Sucker Punch+1","Slice+1"],"picked":"SKIP","floor":54.0}],"player_experience":979687,"relics_obtained":[{"floor":6.0,"key":"Mummified Hand"},{"floor":8.0,"key":"Pantograph"},{"floor":9.0,"key":"Anchor"},{"floor":23.0,"key":"Bag of Marbles"},{"floor":26.0,"key":"Bag of Preparation"},{"floor":27.0,"key":"Sundial"},{"floor":31.0,"key":"Matryoshka"},{"floor":40.0,"key":"Old Coin"},{"floor":43.0,"key":"Pen Nib"},{"floor":48.0,"key":"Dodecahedron"},{"floor":54.0,"key":"Paper Crane"}],"event_choices":[{"damage_healed":0.0,"max_hp_gain":0.0,"max_hp_loss":0.0,"gold_gain":0.0,"event_name":"Liars Game","player_choice":"Ignored","floor":4.0,"gold_loss":0.0,"damage_taken":0.0},{"cards_removed":["Strike_G"],"damage_healed":0.0,"max_hp_gain":0.0,"max_hp_loss":0.0,"gold_gain":0.0,"event_name":"Golden Wing","player_choice":"Card Removal","floor":5.0,"gold_loss":0.0,"damage_taken":7.0},{"damage_healed":0.0,"max_hp_gain":0.0,"max_hp_loss":0.0,"gold_gain":0.0,"event_name":"Match and Keep!","player_choice":"2 cards matched","floor":12.0,"gold_loss":0.0,"damage_taken":0.0,"cards_obtained":["A Thousand Cuts","Neutralize"]},{"damage_healed":0.0,"max_hp_gain":0.0,"max_hp_loss":0.0,"gold_gain":360.0,"event_name":"Knowing Skull","player_choice":"GOLD GOLD GOLD GOLD ","floor":19.0,"potions_obtained":[],"gold_loss":0.0,"damage_taken":35.0,"cards_obtained":[]},{"damage_healed":0.0,"max_hp_gain":0.0,"max_hp_loss":0.0,"gold_gain":0.0,"event_name":"Ghosts","player_choice":"Ignored","floor":24.0,"gold_loss":0.0,"damage_taken":0.0},{"damage_healed":0.0,"max_hp_gain":0.0,"max_hp_loss":0.0,"gold_gain":0.0,"event_name":"Tomb of Lord Red Mask","player_choice":"Ignored","floor":38.0,"gold_loss":0.0,"damage_taken":0.0},{"damage_healed":0.0,"max_hp_gain":0.0,"max_hp_loss":0.0,"gold_gain":0.0,"event_name":"SensoryStone","player_choice":"Memory 3","floor":41.0,"gold_loss":0.0,"damage_taken":10.0},{"damage_healed":0.0,"max_hp_gain":0.0,"max_hp_loss":0.0,"gold_gain":0.0,"event_name":"MindBloom","player_choice":"Upgrade","floor":44.0,"gold_loss":0.0,"damage_taken":0.0,"cards_upgraded":["Defend_G","Defend_G","Defend_G","Defend_G","Survivor","Neutralize","Grand Finale","Backflip","Finesse"],"relics_obtained":["Mark of the Bloom"]}],"is_beta":true,"boss_relics":[{"not_picked":["Tiny House","Busted Crown"],"picked":"Empty Cage"},{"not_picked":["Cursed Key","Velvet Choker"],"picked":"HoveringKite"}],"items_purged_floors":[2,21,28,36,53],"is_endless":false,"potions_floor_spawned":[1,10,16,27,30,31,33,35,40,46,47,54],"ascension_level":0}