{"gold_per_floor":[115,131,147,147,159,171,211,223,285,297,328,357,67,85,85,181,181,198,123,0,20,38,67,67,67,67,67,67,67,67,96,96,196,196,207,207,307,324,224,224,250,266,266,266,266,19,19,35,35,35],"floor_reached":51,"playtime":2592,"items_purged":["Strike_G","Shame","Clumsy"],"score":1045,"play_id":"4e6d2bdf-d0d9-4923-a2c3-a84879162d77","local_time":"20190905195921","is_ascension_mode":true,"campfire_choices":[{"data":"Envenom","floor":6.0,"key":"SMITH"},{"floor":8.0,"key":"REST"},{"data":"Neutralize","floor":10.0,"key":"SMITH"},{"data":"Noxious Fumes","floor":15.0,"key":"SMITH"},{"floor":24,"key":"REST"},{"floor":29,"key":"RECALL"},{"floor":32,"key":"REST"},{"floor":40,"key":"REST"},{"floor":44,"key":"REST"},{"floor":49,"key":"REST"}],"neow_cost":"TEN_PERCENT_HP_LOSS","seed_source_timestamp":0,"circlet_count":0,"master_deck":["Strike_G","Strike_G","Strike_G","Defend_G","Defend_G","Defend_G","Defend_G","Survivor","Neutralize+1","Poisoned Stab","Blur","Envenom+1","Adrenaline","Noxious Fumes+1","Bane","All Out Attack","Leg Sweep","Envenom","Catalyst","Footwork+1","Die Die Die","Dagger Spray+1","Endless Agony+1","Well Laid Plans+1","PiercingWail+1","Die Die Die+1","Footwork","Apotheosis","Catalyst+1"],"special_seed":0,"relics":["Ring of the Snake","FossilizedHelix","MawBank","PreservedInsect","Pen Nib","Snake Skull","Fusion Hammer","Mercury Hourglass","Singing Bowl","Prayer Wheel","Ornamental Fan","Strawberry","Cursed Key","Nunchaku","Anchor","Whetstone"],"potions_floor_usage":[23,38,50,50],"damage_taken":[{"damage":0.0,"enemies":"Cultist","floor":1.0,"turns":4.0},{"damage":0.0,"enemies":"Jaw Worm","floor":2.0,"turns":4.0},{"damage":0.0,"enemies":"2 Louse","floor":3.0,"turns":3.0},{"damage":25.0,"enemies":"Gremlin Nob","floor":7.0,"turns":5.0},{"damage":2.0,"enemies":"2 Fungi Beasts","floor":11.0,"turns":5.0},{"damage":0.0,"enemies":"3 Louse","floor":12.0,"turns":5.0},{"damage":0.0,"enemies":"Looter","floor":14.0,"turns":3.0},{"damage":10.0,"enemies":"The Guardian","floor":16.0,"turns":10.0},{"damage":8.0,"enemies":"2 Thieves","floor":18.0,"turns":4.0},{"damage":0,"enemies":"Chosen","floor":21,"turns":5},{"damage":0,"enemies":"Snecko","floor":22,"turns":5},{"damage":0,"enemies":"Slavers","floor":23,"turns":4},{"damage":7,"enemies":"Gremlin Leader","floor":31,"turns":5},{"damage":3,"enemies":"Champ","floor":33,"turns":8},{"damage":0,"enemies":"3 Shapes","floor":35,"turns":7},{"damage":0,"enemies":"Mind Bloom Boss Battle","floor":37,"turns":6},{"damage":13,"enemies":"3 Darklings","floor":38,"turns":3},{"damage":9,"enemies":"Reptomancer","floor":41,"turns":4},{"damage":24,"enemies":"Spire Growth","floor":42,"turns":5},{"damage":14,"enemies":"Writhing Mass","floor":48,"turns":6},{"damage":50,"enemies":"Donu and Deca","floor":50,"turns":6}],"seed_played":"-7597674181878145676","potions_obtained":[{"floor":2.0,"key":"Fire Potion"},{"floor":16.0,"key":"Block Potion"},{"floor":23,"key":"Block Potion"},{"floor":33,"key":"Swift Potion"},{"floor":35,"key":"Regen Potion"},{"floor":38,"key":"GhostInAJar"}],"is_trial":false,"path_per_floor":["M","M","M","?","$","R","E","R","T","R","M","M","$","M","R","B",null,"M","?","?","M","M","E","R","?","T","T","$","R","$","E","R","B",null,"M","?","?","M","$","R","E","M","T","R","?","$","?","M","R","B",null],"character_chosen":"THE_SILENT","items_purchased":["Snake Skull","All Out Attack","Footwork","SkillPotion"],"campfire_rested":6,"item_purchase_floors":[13,13,46,46],"current_hp_per_floor":[63,63,63,56,56,56,31,49,49,49,47,47,47,47,47,37,57,49,49,49,49,49,49,63,63,63,63,63,63,63,65,72,69,71,71,71,73,60,60,74,65,45,45,68,68,68,68,56,80,42],"gold":35,"neow_bonus":"ONE_RARE_RELIC","is_prod":false,"is_daily":false,"chose_seed":false,"campfire_upgraded":3,"win_rate":0,"timestamp":1567738761,"path_taken":["M","M","?","?","?","R","E","R","T","R","M","M","$","M","R","BOSS","M","?","?","M","M","E","R","?","T","?","$","R","$","E","R","BOSS","M","?","?","M","$","R","E","M","T","R","?","$","?","?","R","BOSS"],"build_version":"2019-07-17","purchased_purges":3,"victory":true,"max_hp_per_floor":[63,63,63,63,63,63,63,63,63,63,63,63,63,63,63,63,63,63,63,63,63,63,63,63,63,63,63,63,63,63,72,72,72,72,72,72,74,74,74,74,74,78,78,78,78,78,78,80,80,80],"card_choices":[{"not_picked":["Acrobatics","Prepared"],"picked":"Poisoned Stab","floor":1.0},{"not_picked":["Blade Dance","Prepared"],"picked":"Blur","floor":2.0},{"not_picked":["Calculated Gamble","Quick Slash"],"picked":"Envenom","floor":3.0},{"not_picked":["Slice","Poisoned Stab"],"picked":"Adrenaline","floor":7.0},{"not_picked":["Backflip","Infinite Blades"],"picked":"Noxious Fumes","floor":11.0},{"not_picked":["Acrobatics","Masterful Stab"],"picked":"Bane","floor":12.0},{"not_picked":["Dodge and Roll","Acrobatics"],"picked":"Leg Sweep","floor":14.0},{"not_picked":["After Image","Bullet Time"],"picked":"Envenom","floor":16.0},{"not_picked":["Setup","Backstab"],"picked":"Catalyst","floor":18.0},{"not_picked":["Prepared","Underhanded Strike+1","Calculated Gamble"],"picked":"SKIP","floor":21},{"not_picked":["Prepared","Terror+1"],"picked":"Footwork+1","floor":22},{"not_picked":["Adrenaline","Slice","Expertise+1"],"picked":"SKIP","floor":23},{"not_picked":["Sucker Punch","Prepared","Night Terror"],"picked":"Singing Bowl","floor":31},{"not_picked":["A Thousand Cuts","Grand Finale"],"picked":"Die Die Die","floor":33},{"not_picked":["Leg Sweep+1","Acrobatics"],"picked":"Dagger Spray+1","floor":35},{"not_picked":["Dagger Throw+1","Skewer"],"picked":"Endless Agony","floor":35},{"not_picked":["Blade Dance","Cloak And Dagger","All Out Attack"],"picked":"Singing Bowl","floor":37},{"not_picked":["Acrobatics+1","Flying Knee"],"picked":"Well Laid Plans+1","floor":38},{"not_picked":["Predator","Quick Slash"],"picked":"PiercingWail+1","floor":38},{"not_picked":["Choke+1","Grand Finale"],"picked":"Die Die Die","floor":41},{"not_picked":["Bane+1","Backflip","Sucker Punch+1"],"picked":"Singing Bowl","floor":42},{"not_picked":["PiercingWail","Poisoned Stab+1","Deadly Poison"],"picked":"Singing Bowl","floor":42},{"not_picked":["Finesse","Secret Technique"],"picked":"Apotheosis","floor":47},{"not_picked":["Sucker Punch","Bane","Acrobatics"],"picked":"Singing Bowl","floor":48},{"not_picked":["Blur+1","Dagger Throw+1"],"picked":"Catalyst+1","floor":48}],"player_experience":294796,"relics_obtained":[{"floor":7.0,"key":"PreservedInsect"},{"floor":9.0,"key":"Pen Nib"},{"floor":23,"key":"Mercury Hourglass"},{"floor":26,"key":"Prayer Wheel"},{"floor":27,"key":"Ornamental Fan"},{"floor":31,"key":"Strawberry"},{"floor":37,"key":"Nunchaku"},{"floor":41,"key":"Anchor"},{"floor":43,"key":"Whetstone"}],"event_choices":[{"damage_healed":0.0,"max_hp_gain":0.0,"max_hp_loss":0.0,"gold_gain":0.0,"event_name":"Scrap Ooze","player_choice":"Success","floor":4.0,"gold_loss":0.0,"damage_taken":7.0,"relics_obtained":["MawBank"]},{"cards_removed":["Strike_G"],"damage_healed":0.0,"max_hp_gain":0.0,"max_hp_loss":0.0,"gold_gain":0.0,"event_name":"Beggar","player_choice":"Gave Gold","floor":19.0,"gold_loss":75.0,"damage_taken":0.0},{"damage_healed":0,"gold_gain":0,"player_choice":"Paid Fearfully","damage_taken":0,"max_hp_gain":0,"max_hp_loss":0,"event_name":"Masked Bandits","floor":20,"gold_loss":123},{"damage_healed":0,"gold_gain":0,"player_choice":"Stole Relic","damage_taken":0,"relics_obtained":["Singing Bowl"],"max_hp_gain":0,"max_hp_loss":0,"event_name":"Addict","floor":25,"gold_loss":0,"cards_obtained":["Shame"]},{"cards_removed":["Defend_G"],"damage_healed":0,"gold_gain":0,"player_choice":"Removed Skill","damage_taken":0,"max_hp_gain":0,"max_hp_loss":0,"event_name":"Falling","floor":36,"gold_loss":0},{"damage_healed":0,"gold_gain":0,"player_choice":"Fight","damage_taken":0,"max_hp_gain":0,"max_hp_loss":0,"event_name":"MindBloom","floor":37,"gold_loss":0},{"damage_healed":0,"gold_gain":0,"player_choice":"Ignored","damage_taken":0,"max_hp_gain":0,"max_hp_loss":0,"event_name":"Tomb of Lord Red Mask","floor":45,"gold_loss":0},{"damage_healed":0,"gold_gain":0,"player_choice":"Memory 1","damage_taken":0,"max_hp_gain":0,"max_hp_loss":0,"event_name":"SensoryStone","floor":47,"gold_loss":0}],"is_beta":false,"boss_relics":[{"not_picked":["Orrery","Ectoplasm"],"picked":"Fusion Hammer"},{"not_picked":["Sozu","Philosopher\u0027s Stone"],"picked":"Cursed Key"}],"items_purged_floors":[13,39,46],"is_endless":false,"potions_floor_spawned":[2,16,23,33,35,38],"ascension_level":8}