{"gold_per_floor":[109,121,121,139,314,314,330,300,300,319,319,164,164,164,164,164],"floor_reached":16,"playtime":1302,"items_purged":["Doubt"],"score":90,"play_id":"53ea9988-d023-4233-892c-53bf0d82cb18","local_time":"20190902213658","is_ascension_mode":false,"campfire_choices":[{"data":"Crippling Poison","floor":6,"key":"SMITH"},{"data":"Escape Plan","floor":11,"key":"SMITH"},{"floor":13,"key":"REST"},{"data":"Slice","floor":15,"key":"SMITH"}],"neow_cost":"NONE","seed_source_timestamp":94267619874200,"circlet_count":0,"master_deck":["Strike_G","Strike_G","Strike_G","Strike_G","Strike_G","Defend_G","Defend_G","Defend_G","Defend_G","Defend_G","Survivor","Neutralize","Forethought","Backflip","Crippling Poison+1","Tactician","Outmaneuver","Escape Plan+1","Slice+1","Terror+1","Regret"],"relics":["Ring of the Snake","Toxic Egg 2","Singing Bowl"],"potions_floor_usage":[],"damage_taken":[{"damage":0,"enemies":"2 Louse","floor":1,"turns":4},{"damage":0,"enemies":"Small Slimes","floor":2,"turns":4},{"damage":2,"enemies":"Cultist","floor":4,"turns":6},{"damage":16,"enemies":"Exordium Thugs","floor":7,"turns":5},{"damage":0,"enemies":"Looter","floor":8,"turns":4},{"damage":9,"enemies":"3 Louse","floor":10,"turns":4},{"damage":65,"enemies":"The Guardian","floor":16,"turns":16}],"seed_played":"-5834644861320221661","potions_obtained":[{"floor":2,"key":"FearPotion"},{"floor":10,"key":"Ancient Potion"}],"is_trial":false,"path_per_floor":["M","M","?","M","?","R","M","M","T","M","R","$","R","?","R","B"],"character_chosen":"THE_SILENT","items_purchased":["Terror+1"],"campfire_rested":1,"item_purchase_floors":[12],"current_hp_per_floor":[70,70,70,68,68,68,52,52,52,43,43,43,64,64,64,0],"gold":164,"neow_bonus":"RANDOM_COLORLESS","is_prod":false,"is_daily":false,"chose_seed":false,"campfire_upgraded":3,"win_rate":0.0,"timestamp":1567478218,"path_taken":["M","M","?","M","?","R","M","M","T","M","R","$","R","?","R","BOSS"],"build_version":"2019-07-17","purchased_purges":1,"victory":false,"max_hp_per_floor":[70,70,70,70,70,70,70,70,70,70,70,70,70,70,70,70],"card_choices":[{"not_picked":["Bane","Underhanded Strike"],"picked":"Backflip","floor":1},{"not_picked":["Sucker Punch","Blur"],"picked":"Crippling Poison","floor":2},{"not_picked":["Bane","Flying Knee"],"picked":"Tactician","floor":4},{"not_picked":["Catalyst","Dodge and Roll"],"picked":"Outmaneuver","floor":7},{"not_picked":["Dagger Throw","Underhanded Strike"],"picked":"Escape Plan","floor":8},{"not_picked":["Quick Slash","Poisoned Stab"],"picked":"Slice","floor":10}],"player_experience":109445,"relics_obtained":[{"floor":9,"key":"Toxic Egg 2"}],"event_choices":[{"damage_healed":0,"gold_gain":0,"player_choice":"Ignored","damage_taken":0,"max_hp_gain":0,"max_hp_loss":0,"event_name":"Golden Wing","floor":3,"gold_loss":0},{"damage_healed":0,"gold_gain":175,"player_choice":"AGREE","damage_taken":0,"max_hp_gain":0,"max_hp_loss":0,"event_name":"Liars Game","floor":5,"gold_loss":0,"cards_obtained":["Doubt"]},{"damage_healed":0,"gold_gain":0,"player_choice":"Box","damage_taken":0,"relics_obtained":["Singing Bowl"],"max_hp_gain":0,"max_hp_loss":0,"event_name":"Big Fish","floor":14,"gold_loss":0,"cards_obtained":["Regret"]}],"is_beta":false,"boss_relics":[],"items_purged_floors":[12],"is_endless":false,"potions_floor_spawned":[2,10],"killed_by":"The Guardian","ascension_level":0}