{"gold_per_floor":[113,113,113,36,56,88,88,98,98,108,108,108,35,49,49,174,174,174,174,174,55,55,55,55,55,55,55,55],"floor_reached":28,"playtime":1232,"items_purged":["Decay","Injury"],"score":369,"play_id":"240518a1-fee3-44ce-a365-76c6f8fa81a6","local_time":"20190919212048","is_ascension_mode":true,"campfire_choices":[{"floor":7.0,"key":"REST"},{"data":"Noxious Fumes","floor":15.0,"key":"SMITH"},{"floor":24.0,"key":"REST"},{"floor":27,"key":"REST"}],"neow_cost":"NONE","seed_source_timestamp":0,"circlet_count":0,"master_deck":["AscendersBane","Strike_G","Strike_G","Strike_G","Defend_G","Defend_G","Defend_G","Defend_G","Defend_G","Survivor","Neutralize","Glass Knife","Poisoned Stab","Noxious Fumes+1","Dagger Spray","Dodge and Roll","PiercingWail","Choke","Quick Slash","Cloak And Dagger","Wraith Form v2","Dash","Dagger Spray+1","Flying Knee"],"special_seed":0,"relics":["Ring of the Snake","Dodecahedron","Smiling Mask","Golden Idol","Ectoplasm","Torii","Anchor","Potion Belt"],"potions_floor_usage":[28],"damage_taken":[{"damage":0.0,"enemies":"2 Louse","floor":1.0,"turns":2.0},{"damage":1.0,"enemies":"Cultist","floor":5.0,"turns":3.0},{"damage":25.0,"enemies":"Lagavulin","floor":6.0,"turns":9.0},{"damage":5.0,"enemies":"Small Slimes","floor":8.0,"turns":3.0},{"damage":6.0,"enemies":"Looter","floor":10.0,"turns":4.0},{"damage":12.0,"enemies":"Gremlin Gang","floor":14.0,"turns":4.0},{"damage":17.0,"enemies":"Slime Boss","floor":16.0,"turns":8.0},{"damage":15.0,"enemies":"Spheric Guardian","floor":18.0,"turns":6.0},{"damage":0.0,"enemies":"3 Byrds","floor":19.0,"turns":5.0},{"damage":12.0,"enemies":"Centurion and Healer","floor":22.0,"turns":8.0},{"damage":36.0,"enemies":"Book of Stabbing","floor":23.0,"turns":9.0},{"damage":11,"enemies":"Cultist and Chosen","floor":25,"turns":8},{"damage":42,"enemies":"Gremlin Leader","floor":28,"turns":5}],"seed_played":"3455919151341496710","potions_obtained":[{"floor":5.0,"key":"Swift Potion"},{"floor":8.0,"key":"Dexterity Potion"},{"floor":14.0,"key":"AttackPotion"},{"floor":16.0,"key":"Ancient Potion"},{"floor":19.0,"key":"FairyPotion"},{"floor":22.0,"key":"Strength Potion"}],"is_trial":false,"path_per_floor":["M","?","?","$","M","E","R","M","T","M","?","?","$","M","R","B",null,"M","M","?","$","M","E","R","M","T","R","E"],"character_chosen":"THE_SILENT","items_purchased":["Noxious Fumes","Quick Slash","Dash"],"campfire_rested":3,"item_purchase_floors":[4,13,21],"current_hp_per_floor":[63,56,56,56,55,30,51,46,46,40,40,40,40,28,28,11,55,40,40,40,40,28,5,26,15,15,36,0],"gold":55,"neow_bonus":"TRANSFORM_CARD","is_prod":false,"is_daily":false,"chose_seed":false,"campfire_upgraded":1,"win_rate":0,"timestamp":1568953248,"path_taken":["M","?","?","$","?","E","R","M","T","?","?","?","$","M","R","BOSS","M","?","?","$","M","E","R","M","T","R","E"],"build_version":"2019-07-17","purchased_purges":2,"victory":false,"max_hp_per_floor":[70,70,70,70,70,70,70,70,70,70,70,70,70,70,70,70,70,70,70,70,70,70,70,70,70,70,70,70],"card_choices":[{"not_picked":["Acrobatics","Escape Plan"],"picked":"Poisoned Stab","floor":1.0},{"not_picked":["All Out Attack","Underhanded Strike"],"picked":"Dagger Spray","floor":5.0},{"not_picked":["Well Laid Plans","Flechettes"],"picked":"Dodge and Roll","floor":6.0},{"not_picked":["Underhanded Strike","Finisher"],"picked":"PiercingWail","floor":8.0},{"not_picked":["Tactician","Finisher"],"picked":"Choke","floor":10.0},{"not_picked":["Blade Dance","Slice"],"picked":"Cloak And Dagger","floor":14.0},{"not_picked":["Grand Finale","Doppelganger"],"picked":"Wraith Form v2","floor":16.0},{"not_picked":["Setup","Masterful Stab+1","Catalyst"],"picked":"SKIP","floor":18.0},{"not_picked":["Masterful Stab+1","Outmaneuver","Expertise"],"picked":"SKIP","floor":19.0},{"not_picked":["Flechettes","Caltrops+1"],"picked":"Dagger Spray+1","floor":22.0},{"not_picked":["Tactician","Cloak And Dagger","Slice+1"],"picked":"SKIP","floor":23.0},{"not_picked":["Poisoned Stab","Infinite Blades"],"picked":"Flying Knee","floor":25}],"player_experience":334593,"relics_obtained":[{"floor":6.0,"key":"Dodecahedron"},{"floor":9.0,"key":"Smiling Mask"},{"floor":23.0,"key":"Anchor"},{"floor":26,"key":"Potion Belt"}],"event_choices":[{"cards_removed":["Strike_G"],"damage_healed":0.0,"max_hp_gain":0.0,"max_hp_loss":0.0,"gold_gain":0.0,"event_name":"Golden Wing","player_choice":"Card Removal","floor":2.0,"gold_loss":0.0,"damage_taken":7.0},{"damage_healed":0.0,"max_hp_gain":0.0,"max_hp_loss":0.0,"gold_gain":0.0,"event_name":"The Woman in Blue","player_choice":"Bought 0 Potions","floor":3.0,"gold_loss":0.0,"damage_taken":0.0},{"damage_healed":0.0,"max_hp_gain":0.0,"max_hp_loss":0.0,"gold_gain":0.0,"event_name":"Golden Idol","player_choice":"Take Wound","floor":11.0,"gold_loss":0.0,"damage_taken":0.0,"relics_obtained":["Golden Idol"],"cards_obtained":["Injury"]},{"damage_healed":0.0,"max_hp_gain":0.0,"max_hp_loss":0.0,"gold_gain":0.0,"event_name":"Wheel of Change","player_choice":"Cursed","floor":12.0,"gold_loss":0.0,"damage_taken":0.0,"cards_obtained":["Decay"]},{"damage_healed":0.0,"max_hp_gain":0.0,"max_hp_loss":0.0,"gold_gain":0.0,"event_name":"The Mausoleum","player_choice":"Opened","floor":20.0,"gold_loss":0.0,"damage_taken":0.0,"relics_obtained":["Torii"]}],"is_beta":false,"boss_relics":[{"not_picked":["Ring of the Serpent","Runic Pyramid"],"picked":"Ectoplasm"}],"items_purged_floors":[13,21],"is_endless":false,"potions_floor_spawned":[5,8,14,16,19,22],"killed_by":"Gremlin Leader","ascension_level":11}