{"gold_per_floor":[118,134,153,78,88,88,88,88,88,107,107,119,119,146,146,243,243,260,64,83,95,107,107,127,127,154,172,172,172,8,25,25,122,122,136,155,166,185,185,185,200,275,275,125,140,140,140,140,140,140],"floor_reached":51,"playtime":3745,"items_purged":["Defend_B","Strike_B","Defend_B","Strike_B"],"score":703,"play_id":"6fd60345-dfd0-4c72-a8b8-747a1ba578e2","local_time":"20180925232033","is_ascension_mode":false,"campfire_choices":[{"data":"Cold Snap","floor":6,"key":"SMITH"},{"data":"Cold Snap","floor":11,"key":"SMITH"},{"data":"Ball Lightning","floor":13,"key":"SMITH"},{"data":"Undo","floor":15,"key":"SMITH"},{"data":"Capacitor","floor":23,"key":"SMITH"},{"data":"Ball Lightning","floor":25,"key":"SMITH"},{"data":"Consume","floor":32,"key":"SMITH"},{"data":"Ball Lightning","floor":40,"key":"SMITH"},{"data":"Capacitor","floor":47,"key":"SMITH"},{"data":"Capacitor","floor":49,"key":"SMITH"}],"neow_cost":"PERCENT_DAMAGE","seed_source_timestamp":827817637599494,"circlet_count":0,"master_deck":["Strike_B","Defend_B","Dualcast","Cold Snap+1","Cold Snap+1","Compile Driver","Self Repair","Coolheaded","Ball Lightning+1","Chill","Undo+1","Seek","Capacitor+1","Capacitor+1","Ball Lightning+1","Conserve Battery","Ball Lightning+1","Ghostly","Ghostly","Ghostly","Ghostly","Ghostly","Consume+1","Biased Cognition","Echo Form","BootSequence+1","Undo+1","Go for the Eyes+1","Multi-Cast","Electrodynamics","Capacitor+1"],"relics":["Cracked Core","Thread and Needle","WingedGreaves","Lizard Tail","Orichalcum","MutagenicStrength","Sozu","Boot"],"potions_floor_usage":[5,14,21,50],"damage_taken":[{"damage":4,"enemies":"Small Slimes","floor":1,"turns":3},{"damage":4,"enemies":"Jaw Worm","floor":2,"turns":3},{"damage":2,"enemies":"Cultist","floor":3,"turns":3},{"damage":7,"enemies":"Exordium Thugs","floor":5,"turns":4},{"damage":4,"enemies":"Large Slime","floor":10,"turns":7},{"damage":1,"enemies":"2 Fungi Beasts","floor":12,"turns":3},{"damage":0,"enemies":"3 Sentries","floor":14,"turns":6},{"damage":6,"enemies":"Slime Boss","floor":16,"turns":11},{"damage":0,"enemies":"Spheric Guardian","floor":18,"turns":4},{"damage":0,"enemies":"Shell Parasite","floor":20,"turns":7},{"damage":2,"enemies":"Centurion and Healer","floor":21,"turns":10},{"damage":9,"enemies":"3 Cultists","floor":22,"turns":6},{"damage":13,"enemies":"Cultist and Chosen","floor":24,"turns":7},{"damage":0,"enemies":"Chosen and Byrds","floor":27,"turns":5},{"damage":10,"enemies":"Snake Plant","floor":31,"turns":6},{"damage":14,"enemies":"Champ","floor":33,"turns":14},{"damage":0,"enemies":"3 Darklings","floor":35,"turns":6},{"damage":6,"enemies":"Orb Walker","floor":36,"turns":4},{"damage":1,"enemies":"4 Shapes","floor":37,"turns":6},{"damage":1,"enemies":"Spire Growth","floor":38,"turns":6},{"damage":5,"enemies":"Sphere and 2 Shapes","floor":41,"turns":8},{"damage":0,"enemies":"4 Shapes","floor":45,"turns":2},{"damage":0,"enemies":"Time Eater","floor":50,"turns":12}],"seed_played":"2775027700838201265","potions_obtained":[{"floor":2,"key":"EssenceOfSteel"},{"floor":3,"key":"Block Potion"},{"floor":14,"key":"FairyPotion"},{"floor":16,"key":"Weak Potion"},{"floor":20,"key":"Swift Potion"},{"floor":21,"key":"SkillPotion"},{"floor":33,"key":"EssenceOfSteel"}],"is_trial":false,"path_per_floor":["M","M","M","$","M","R","?","$","T","M","R","M","R","E","R","B",null,"M","$","M","M","M","R","M","R","T","M","?","?","$","M","R","B",null,"M","M","M","M","?","R","M","?","T","$","M","$","R","?","R","B"],"character_chosen":"DEFECT","items_purchased":["Capacitor","Ball Lightning","Consume"],"campfire_rested":0,"item_purchase_floors":[19,19,30],"current_hp_per_floor":[50,46,51,51,44,44,41,41,41,44,44,50,50,57,57,58,75,75,75,75,75,73,73,67,67,67,67,37,37,37,34,34,27,37,37,37,37,36,36,36,37,34,34,34,34,34,34,34,34,34],"gold":140,"neow_bonus":"TRANSFORM_TWO_CARDS","is_prod":false,"is_daily":false,"chose_seed":false,"campfire_upgraded":10,"win_rate":0.0,"timestamp":1537932033,"path_taken":["M","M","M","$","M","R","?","?","T","M","R","M","R","E","R","BOSS","M","$","M","M","M","R","M","R","T","M","?","?","$","M","R","BOSS","M","M","?","M","?","R","M","?","T","$","M","$","R","?","R","BOSS"],"build_version":"2018-09-20","purchased_purges":4,"victory":true,"max_hp_per_floor":[75,75,75,75,75,75,75,75,75,75,75,75,75,75,75,75,75,75,75,75,75,75,75,75,75,75,75,37,37,37,37,37,37,37,37,37,37,37,37,37,37,37,37,37,37,37,37,37,37,37],"card_choices":[{"not_picked":["Rebound","Streamline"],"picked":"Compile Driver","floor":1},{"not_picked":["Stack","Aggregate"],"picked":"Self Repair","floor":2},{"not_picked":["Fusion","Rebound","Steam"],"picked":"SKIP","floor":3},{"not_picked":["Barrage","Rip and Tear"],"picked":"Coolheaded","floor":5},{"not_picked":["Rebound","Force Field"],"picked":"Ball Lightning","floor":10},{"not_picked":["Hologram","Redo"],"picked":"Chill","floor":12},{"not_picked":["Compile Driver","Rip and Tear"],"picked":"Undo","floor":14},{"not_picked":["Thunder Strike","Multi-Cast"],"picked":"Seek","floor":16},{"not_picked":["Consume+1","Beam Cell"],"picked":"Capacitor","floor":18},{"not_picked":["Force Field","Rebound"],"picked":"Conserve Battery","floor":20},{"not_picked":["Doom and Gloom","Hologram"],"picked":"Ball Lightning","floor":21},{"not_picked":["Rebound","Scrape","Lockon+1"],"picked":"SKIP","floor":22},{"not_picked":["Cold Snap","Compile Driver","Skim+1"],"picked":"SKIP","floor":24},{"not_picked":["Gash","Aggregate","Lockon"],"picked":"SKIP","floor":27},{"not_picked":["Conserve Battery+1","Hello World"],"picked":"Biased Cognition","floor":31},{"not_picked":["Amplify","Creative AI"],"picked":"Echo Form","floor":33},{"not_picked":["Compile Driver","Rebound"],"picked":"BootSequence+1","floor":35},{"not_picked":["Steam Power+1","Ball Lightning"],"picked":"Undo+1","floor":36},{"not_picked":["Gash","Rebound+1"],"picked":"Go for the Eyes+1","floor":37},{"not_picked":["Heatsinks","Streamline","Cold Snap+1"],"picked":"SKIP","floor":38},{"not_picked":["Sweeping Beam","Beam Cell"],"picked":"Electrodynamics","floor":41},{"not_picked":["Barrage","Redo+1","Darkness+1"],"picked":"SKIP","floor":45}],"player_experience":47123,"relics_obtained":[{"floor":9,"key":"Thread and Needle"},{"floor":14,"key":"WingedGreaves"},{"floor":26,"key":"Orichalcum"},{"floor":43,"key":"Boot"}],"event_choices":[{"event_name":"Scrap Ooze","player_choice":"unsuccessful","floor":7,"damage_taken":3},{"event_name":"Ghosts","player_choice":"Became a Ghost","floor":28,"damage_taken":0},{"event_name":"Drug Dealer","player_choice":"Inject Mutagens","floor":29,"damage_taken":0},{"event_name":"Transmorgrifier","player_choice":"Transform","floor":39,"damage_taken":0},{"event_name":"FaceTrader","player_choice":"Touch","floor":42,"damage_taken":0},{"event_name":"Match and Keep!","player_choice":"1 cards matched","floor":48,"damage_taken":0}],"is_beta":false,"boss_relics":[{"not_picked":["Busted Crown","Calling Bell"],"picked":"Lizard Tail"},{"not_picked":["Runic Pyramid","Astrolabe"],"picked":"Sozu"}],"items_purged_floors":[4,19,30,44],"is_endless":false,"potions_floor_spawned":[2,3,14,16,20,21,33,36,37,45],"ascension_level":0}