{"gold_per_floor":[110,110,128,142,160,195,195,208,208,228,228,249,249,268,268,392,392,371,406,406,162,180,180,219,219,243,266,291,291,291,291,291,291],"floor_reached":33,"playtime":3515,"items_purged":["Normality"],"score":273,"play_id":"80dd3368-1365-4f55-b208-c63c02f4d311","local_time":"20190915180931","is_ascension_mode":false,"campfire_choices":[{"floor":7,"key":"REST"},{"floor":13,"key":"REST"},{"data":"Dash","floor":15,"key":"SMITH"},{"floor":23,"key":"REST"},{"floor":25,"key":"REST"},{"floor":32,"key":"REST"}],"neow_cost":"NONE","seed_source_timestamp":85389838314700,"circlet_count":0,"master_deck":["Strike_G","Strike_G","Strike_G","Strike_G","Strike_G+1","Defend_G","Defend_G","Defend_G","Defend_G","Defend_G","Survivor","Neutralize+1","Quick Slash","Quick Slash","Backflip","Cloak And Dagger","Crippling Poison","Die Die Die","Infinite Blades+1","Cloak And Dagger","Dash+1","Venomology","Endless Agony+1","PiercingWail","Backflip","Deadly Poison","Bouncing Flask","Regret","Poisoned Stab","Masterful Stab"],"relics":["Ring of the Snake","Whetstone","Golden Idol","Tough Bandages","Frozen Egg 2","Blue Candle","Cursed Key","Red Mask","Meat on the Bone","Pen Nib","Boot","Oddly Smooth Stone","MutagenicStrength"],"potions_floor_usage":[5,16,19,19,19,19,24,24,27,28,29,29,31,33,33],"damage_taken":[{"damage":0,"enemies":"Small Slimes","floor":1,"turns":3},{"damage":0,"enemies":"2 Louse","floor":3,"turns":4},{"damage":0,"enemies":"Cultist","floor":4,"turns":3},{"damage":21,"enemies":"Exordium Thugs","floor":5,"turns":8},{"damage":20,"enemies":"3 Sentries","floor":6,"turns":9},{"damage":1,"enemies":"Red Slaver","floor":8,"turns":4},{"damage":0,"enemies":"Blue Slaver","floor":10,"turns":5},{"damage":8,"enemies":"Looter","floor":12,"turns":3},{"damage":3,"enemies":"Large Slime","floor":14,"turns":7},{"damage":38,"enemies":"Slime Boss","floor":16,"turns":14},{"damage":11,"enemies":"2 Thieves","floor":18,"turns":5},{"damage":23,"enemies":"Masked Bandits","floor":19,"turns":6},{"damage":15,"enemies":"Chosen","floor":22,"turns":5},{"damage":2,"enemies":"Book of Stabbing","floor":24,"turns":6},{"damage":15,"enemies":"Shelled Parasite and Fungi","floor":27,"turns":6},{"damage":16,"enemies":"Sentry and Sphere","floor":28,"turns":3},{"damage":11,"enemies":"Snake Plant","floor":29,"turns":4},{"damage":0,"enemies":"Cultist and Chosen","floor":31,"turns":1},{"damage":57,"enemies":"Automaton","floor":33,"turns":10}],"seed_played":"-3272787075161497559","potions_obtained":[{"floor":4,"key":"FearPotion"},{"floor":6,"key":"Strength Potion"},{"floor":8,"key":"Swift Potion"},{"floor":16,"key":"FearPotion"},{"floor":19,"key":"Block Potion"},{"floor":24,"key":"GamblersBrew"},{"floor":27,"key":"Weak Potion"}],"is_trial":false,"path_per_floor":["M","?","M","M","M","E","R","M","T","M","?","M","R","M","R","B",null,"M","?","T","$","M","R","E","R","T","M","M","M","?","M","R","B"],"character_chosen":"THE_SILENT","items_purchased":["Pen Nib","Backflip"],"campfire_rested":5,"item_purchase_floors":[21,21],"current_hp_per_floor":[70,65,65,65,44,24,43,42,42,42,42,34,53,50,50,12,65,54,31,31,31,28,47,45,64,64,49,33,34,34,34,53,0],"gold":291,"neow_bonus":"RANDOM_COMMON_RELIC","is_prod":false,"is_daily":false,"chose_seed":false,"campfire_upgraded":1,"win_rate":0,"timestamp":1568588971,"path_taken":["M","?","M","M","M","E","R","M","T","M","?","M","R","M","R","BOSS","M","?","?","$","M","R","E","R","T","M","M","?","?","M","R","BOSS"],"build_version":"2019-07-17","purchased_purges":1,"victory":false,"max_hp_per_floor":[70,65,65,65,65,65,65,65,65,65,65,65,65,65,65,65,65,65,65,65,65,65,65,65,65,65,65,65,65,65,65,65,65],"card_choices":[{"not_picked":["Prepared","Reflex"],"picked":"Quick Slash","floor":1},{"not_picked":["Sucker Punch","Dagger Spray"],"picked":"Quick Slash","floor":3},{"not_picked":["Deflect","Terror"],"picked":"Backflip","floor":4},{"not_picked":["Caltrops","Deadly Poison"],"picked":"Cloak And Dagger","floor":5},{"not_picked":["Dagger Spray","Flechettes"],"picked":"Crippling Poison","floor":6},{"not_picked":["Dodge and Roll","Poisoned Stab"],"picked":"Die Die Die","floor":8},{"not_picked":["Heel Hook","Blade Dance"],"picked":"Infinite Blades+1","floor":10},{"not_picked":["Eviscerate","Blade Dance"],"picked":"Cloak And Dagger","floor":12},{"not_picked":["Bouncing Flask","Blade Dance"],"picked":"Dash","floor":14},{"not_picked":["Doppelganger","Wraith Form v2+1"],"picked":"Venomology","floor":16},{"not_picked":["Dagger Spray","Flechettes"],"picked":"Endless Agony+1","floor":18},{"not_picked":["Blur","Slice"],"picked":"PiercingWail","floor":19},{"not_picked":["Distraction","Sucker Punch"],"picked":"Deadly Poison","floor":22},{"not_picked":["Heel Hook","Expertise"],"picked":"Bouncing Flask","floor":24},{"not_picked":["Dodge and Roll","Prepared"],"picked":"Poisoned Stab","floor":27},{"not_picked":["Poisoned Stab","Backflip"],"picked":"Masterful Stab","floor":28}],"player_experience":140085,"relics_obtained":[{"floor":6,"key":"Tough Bandages"},{"floor":9,"key":"Frozen Egg 2"},{"floor":11,"key":"Blue Candle"},{"floor":19,"key":"Red Mask"},{"floor":20,"key":"Meat on the Bone"},{"floor":24,"key":"Boot"},{"floor":26,"key":"Oddly Smooth Stone"}],"event_choices":[{"damage_healed":0,"gold_gain":0,"player_choice":"Lose Max HP","damage_taken":0,"relics_obtained":["Golden Idol"],"max_hp_gain":0,"max_hp_loss":5,"event_name":"Golden Idol","floor":2,"gold_loss":0},{"damage_healed":0,"gold_gain":0,"player_choice":"Relic","damage_taken":0,"max_hp_gain":0,"max_hp_loss":0,"event_name":"Wheel of Change","floor":11,"gold_loss":0},{"damage_healed":0,"gold_gain":0,"player_choice":"Fought Bandits","damage_taken":0,"max_hp_gain":0,"max_hp_loss":0,"event_name":"Masked Bandits","floor":19,"gold_loss":0},{"damage_healed":0,"gold_gain":0,"player_choice":"Inject Mutagens","damage_taken":0,"relics_obtained":["MutagenicStrength"],"max_hp_gain":0,"max_hp_loss":0,"event_name":"Drug Dealer","floor":30,"gold_loss":0}],"is_beta":false,"boss_relics":[{"not_picked":["Fusion Hammer","Ring of the Serpent"],"picked":"Cursed Key"}],"items_purged_floors":[21],"is_endless":false,"potions_floor_spawned":[4,6,8,16,19,24,27],"killed_by":"Automaton","ascension_level":0}