{"gold_per_floor":[114,129,144,159,174,174,204,204,229,244,259,259,184,214,214,314,314,314,314,314,314,314,314,264,264,264,189,139,139,139,139,139,139,139,139,139,89,89,89,89],"floor_reached":40,"playtime":2395,"items_purged":["Corruption","Whirlwind","Juggernaut","Corruption"],"score":479,"play_id":"5b0b441d-71a0-4d29-a47f-7b2adf78bdb5","local_time":"20181001125530","daily_mods":["Insanity","Time Dilation","Night Terrors"],"is_ascension_mode":false,"campfire_choices":[{"data":"Demon Form","floor":6.0,"key":"SMITH"},{"data":"Spot Weakness","floor":8.0,"key":"SMITH"},{"data":"Fiend Fire","floor":12.0,"key":"SMITH"},{"data":"Double Tap","floor":15.0,"key":"SMITH"},{"data":"Fiend Fire","floor":23.0,"key":"SMITH"},{"data":"Flame Barrier","floor":30,"key":"SMITH"},{"floor":32,"key":"REST"}],"neow_cost":"","seed_source_timestamp":0,"circlet_count":0,"master_deck":["Second Wind","True Grit","Cleave","Demon Form+1","Fiend Fire+1","Barricade","Bludgeon","Entrench","Wild Strike","Heavy Blade","Rampage","Clothesline","Sword Boomerang","Twin Strike","Immolate","Infernal Blade","Entrench","Pummel","Juggernaut","Reckless Charge","Heavy Blade","Anger","Wild Strike","Wild Strike","Infernal Blade","Havoc","Burning Pact","Clash","Flame Barrier+1","Heavy Blade","Blood for Blood","Blood for Blood","Havoc","Flex","Burning Pact","Power Through","Double Tap+1","Cleave","Juggernaut","Perfected Strike","Clothesline","Flex","Intimidate","Inflame","Spot Weakness+1","Fiend Fire+1","Disarm+1","Inflame+1","Twin Strike+1","Inflame+1","Cleave+1","Shockwave+1","Power Through+1"],"special_seed":17805,"relics":["Burning Blood","Ancient Tea Set","Strawberry","PreservedInsect","Ectoplasm","MutagenicStrength","Smiling Mask","Mummified Hand","Astrolabe"],"potions_floor_usage":[36],"damage_taken":[{"damage":0.0,"enemies":"2 Louse","floor":1.0,"turns":2.0},{"damage":0.0,"enemies":"Cultist","floor":2.0,"turns":2.0},{"damage":0.0,"enemies":"Small Slimes","floor":3.0,"turns":1.0},{"damage":10.0,"enemies":"Looter","floor":4.0,"turns":2.0},{"damage":9.0,"enemies":"Blue Slaver","floor":5.0,"turns":2.0},{"damage":18.0,"enemies":"3 Sentries","floor":7.0,"turns":3.0},{"damage":0.0,"enemies":"Exordium Wildlife","floor":10.0,"turns":1.0},{"damage":10.0,"enemies":"Looter","floor":11.0,"turns":2.0},{"damage":0.0,"enemies":"Gremlin Nob","floor":14.0,"turns":2.0},{"damage":53.0,"enemies":"Hexaghost","floor":16.0,"turns":8.0},{"damage":28.0,"enemies":"3 Byrds","floor":18.0,"turns":4.0},{"damage":20.0,"enemies":"Chosen","floor":21.0,"turns":5.0},{"damage":10.0,"enemies":"Centurion and Healer","floor":22.0,"turns":4.0},{"damage":11.0,"enemies":"Shelled Parasite and Fungi","floor":25.0,"turns":4.0},{"damage":10.0,"enemies":"Snecko","floor":28.0,"turns":4.0},{"damage":0,"enemies":"Snecko","floor":29,"turns":2},{"damage":16,"enemies":"Chosen and Byrds","floor":31,"turns":4},{"damage":76,"enemies":"Champ","floor":33,"turns":10},{"damage":7,"enemies":"Orb Walker","floor":35,"turns":2},{"damage":29,"enemies":"3 Darklings","floor":36,"turns":4},{"damage":33,"enemies":"Spire Growth","floor":39,"turns":4},{"damage":33,"enemies":"Maw","floor":40,"turns":4}],"seed_played":"-408315225933563274","potions_obtained":[{"floor":1.0,"key":"Fire Potion"},{"floor":2.0,"key":"AttackPotion"},{"floor":4.0,"key":"Weak Potion"},{"floor":10.0,"key":"SpeedPotion"},{"floor":14.0,"key":"Weak Potion"},{"floor":16.0,"key":"SpeedPotion"},{"floor":18.0,"key":"Regen Potion"},{"floor":22.0,"key":"Block Potion"},{"floor":25.0,"key":"Explosive Potion"},{"floor":35,"key":"Block Potion"}],"is_trial":false,"path_per_floor":["M","M","M","M","M","R","E","R","T","M","M","R","$","E","R","B",null,"M","?","?","M","M","R","$","M","T","?","$","M","R","M","R","B",null,"M","M","$","?","M"],"character_chosen":"IRONCLAD","items_purchased":[],"campfire_rested":1,"item_purchase_floors":[],"current_hp_per_floor":[80,80,80,76,73,73,61,61,68,74,70,70,70,76,76,29,87,65,65,65,60,56,56,56,51,51,51,47,53,53,43,82,17,82,81,58,58,58,31,0],"gold":89,"neow_bonus":"","is_prod":false,"is_daily":true,"chose_seed":false,"campfire_upgraded":6,"win_rate":0,"timestamp":1538412930,"path_taken":["M","M","M","M","M","R","E","R","T","M","M","R","$","E","R","BOSS","M","?","?","?","M","R","$","M","T","?","?","M","R","M","R","BOSS","M","M","$","?","?","M"],"build_version":"2018-09-27","purchased_purges":4,"victory":false,"max_hp_per_floor":[80,80,80,80,80,80,80,80,87,87,87,87,87,87,87,87,87,87,87,87,87,87,87,87,87,87,87,87,87,87,87,82,82,82,82,82,82,82,82,82],"card_choices":[{"not_picked":["Thunderclap","Clash","Perfected Strike"],"picked":"SKIP","floor":1.0},{"not_picked":["Heavy Blade","Disarm","Blood for Blood"],"picked":"SKIP","floor":2.0},{"not_picked":["Flex","Seeing Red"],"picked":"Inflame","floor":3.0},{"not_picked":["Second Wind","Cleave","True Grit"],"picked":"SKIP","floor":4.0},{"not_picked":["Rampage","Armaments","Thunderclap"],"picked":"SKIP","floor":5.0},{"not_picked":["Armaments","Anger"],"picked":"Spot Weakness","floor":7.0},{"not_picked":["Perfected Strike","Fiend Fire","Twin Strike"],"picked":"SKIP","floor":10.0},{"not_picked":["Flex","Havoc","Wild Strike"],"picked":"SKIP","floor":11.0},{"not_picked":["Twin Strike","Pommel Strike","Clash"],"picked":"SKIP","floor":14.0},{"not_picked":["Brutality","Demon Form"],"picked":"Fiend Fire","floor":16.0},{"not_picked":["Rampage","True Grit+1","Havoc"],"picked":"SKIP","floor":18.0},{"not_picked":["Ghostly Armor","Armaments","Shrug It Off"],"picked":"SKIP","floor":21.0},{"not_picked":["Iron Wave","Evolve","Heavy Blade"],"picked":"SKIP","floor":22.0},{"not_picked":["Power Through","Pommel Strike","Intimidate"],"picked":"SKIP","floor":25.0},{"not_picked":["Wild Strike","Infernal Blade"],"picked":"Disarm+1","floor":29},{"not_picked":["Thunderclap","Berserk"],"picked":"Inflame+1","floor":31},{"not_picked":["Clothesline","Havoc","Clash"],"picked":"SKIP","floor":35},{"not_picked":["Thunderclap","Searing Blow+1"],"picked":"Shockwave+1","floor":36},{"not_picked":["Perfected Strike","Disarm+1"],"picked":"Power Through+1","floor":39}],"player_experience":71438,"relics_obtained":[{"floor":7.0,"key":"Ancient Tea Set"},{"floor":9.0,"key":"Strawberry"},{"floor":14.0,"key":"PreservedInsect"},{"floor":26.0,"key":"Mummified Hand"}],"event_choices":[{"event_name":"Drug Dealer","player_choice":"Inject Mutagens","floor":19.0,"damage_taken":0.0},{"event_name":"The Mausoleum","player_choice":"Yes","floor":20.0,"damage_taken":0.0},{"event_name":"Beggar","player_choice":"Gave Gold","floor":27.0,"damage_taken":0.0},{"event_name":"SecretPortal","player_choice":"Rejected Portal.","floor":38,"damage_taken":0}],"is_beta":false,"boss_relics":[{"not_picked":["Runic Pyramid","Black Blood"],"picked":"Ectoplasm"},{"not_picked":["Pandora\u0027s Box","Black Star"],"picked":"Astrolabe"}],"items_purged_floors":[13,24,28,37],"is_endless":false,"potions_floor_spawned":[1,2,4,10,14,16,18,22,25,35],"killed_by":"Maw","ascension_level":0}