{"gold_per_floor":[110,127,146,146,146,146,71,71,71,100,0,32,51,51,51,127,127,139,154,167,257,268,268,295,170,170,204,218,218,268,301,301,376,376,389,406,422,422,272,305,316,341,341,341,341,373,391,391,391,391,391,391,391,122,150,150],"floor_reached":57,"playtime":3073,"items_purged":["Strike_G","Strike_G","Strike_G","Defend_G"],"score":3091,"play_id":"cfe8f0c7-6d1c-4a4a-9362-5e6e101b0bf1","local_time":"20190919180418","is_ascension_mode":true,"campfire_choices":[{"data":"Noxious Fumes","floor":6.0,"key":"SMITH"},{"data":"Calculated Gamble","floor":8.0,"key":"SMITH"},{"data":"Acrobatics","floor":15.0,"key":"SMITH"},{"floor":23.0,"key":"RECALL"},{"data":"Well Laid Plans","floor":29.0,"key":"SMITH"},{"data":"Backflip","floor":32.0,"key":"SMITH"},{"data":"Neutralize","floor":44.0,"key":"SMITH"},{"data":"Eviscerate","floor":49,"key":"SMITH"},{"data":"Escape Plan","floor":53,"key":"SMITH"}],"neow_cost":"NONE","seed_source_timestamp":502012298074700,"circlet_count":0,"master_deck":["AscendersBane","Defend_G","Defend_G","Defend_G","Defend_G","Survivor","Neutralize+1","Flechettes+1","Noxious Fumes+1","Calculated Gamble+1","Backflip+1","Endless Agony","Acrobatics+1","Prepared+1","Well Laid Plans+1","Acrobatics+1","Escape Plan+1","Eviscerate+1","Deep Breath"],"special_seed":0,"relics":["Ring of the Serpent","Sundial","Blue Candle","Toy Ornithopter","Strawberry","Pear","Kunai","Letter Opener","Runic Pyramid","The Specimen","Omamori","HornCleat","Pantograph","Medical Kit","Bronze Scales"],"potions_floor_usage":[56],"damage_taken":[{"damage":6.0,"enemies":"Cultist","floor":1.0,"turns":6.0},{"damage":14.0,"enemies":"Jaw Worm","floor":2.0,"turns":6.0},{"damage":5.0,"enemies":"Small Slimes","floor":3.0,"turns":4.0},{"damage":14.0,"enemies":"3 Sentries","floor":10.0,"turns":7.0},{"damage":0.0,"enemies":"Gremlin Nob","floor":12.0,"turns":3.0},{"damage":0.0,"enemies":"Gremlin Gang","floor":13.0,"turns":3.0},{"damage":3.0,"enemies":"Hexaghost","floor":16.0,"turns":9.0},{"damage":13.0,"enemies":"2 Thieves","floor":18.0,"turns":3.0},{"damage":0.0,"enemies":"3 Byrds","floor":19.0,"turns":4.0},{"damage":16.0,"enemies":"Snake Plant","floor":20.0,"turns":4.0},{"damage":0.0,"enemies":"Centurion and Healer","floor":22.0,"turns":4.0},{"damage":14.0,"enemies":"Gremlin Leader","floor":24.0,"turns":5.0},{"damage":8.0,"enemies":"Book of Stabbing","floor":27.0,"turns":4.0},{"damage":0.0,"enemies":"Sentry and Sphere","floor":28.0,"turns":3.0},{"damage":4.0,"enemies":"Gremlin Leader","floor":31.0,"turns":4.0},{"damage":0.0,"enemies":"Collector","floor":33.0,"turns":5.0},{"damage":0.0,"enemies":"Orb Walker","floor":35.0,"turns":2.0},{"damage":0.0,"enemies":"3 Shapes","floor":36.0,"turns":4.0},{"damage":23.0,"enemies":"Jaw Worm Horde","floor":37.0,"turns":3.0},{"damage":0.0,"enemies":"Giant Head","floor":40.0,"turns":2.0},{"damage":0.0,"enemies":"Spire Growth","floor":41.0,"turns":3.0},{"damage":0.0,"enemies":"Reptomancer","floor":42.0,"turns":3.0},{"damage":3.0,"enemies":"Nemesis","floor":46.0,"turns":7.0},{"damage":0.0,"enemies":"4 Shapes","floor":47.0,"turns":3.0},{"damage":26,"enemies":"Awakened One","floor":50,"turns":5},{"damage":47,"enemies":"Time Eater","floor":51,"turns":9},{"damage":20,"enemies":"Shield and Spear","floor":55,"turns":3},{"damage":42,"enemies":"The Heart","floor":56,"turns":7}],"seed_played":"1302231155665248076","potions_obtained":[{"floor":1.0,"key":"SpeedPotion"},{"floor":10.0,"key":"GamblersBrew"},{"floor":14.0,"key":"Regen Potion"},{"floor":19.0,"key":"Ancient Potion"},{"floor":41.0,"key":"GhostInAJar"}],"is_trial":false,"path_per_floor":["M","M","M","?","?","R","$","R","T","E","$","E","M","?","R","B",null,"M","M","M","?","M","R","E","$","T","E","M","R","?","E","R","B",null,"M","M","M","?","$","E","M","E","T","R","T","E","M","?","R","B","B",null,"R","$","E","B",null],"character_chosen":"THE_SILENT","items_purchased":["Medical Kit","Deep Breath"],"campfire_rested":0,"item_purchase_floors":[54,54],"current_hp_per_floor":[53,39,34,34,34,34,34,34,34,20,20,20,20,20,20,17,54,51,51,35,23,23,23,16,16,26,18,18,18,18,14,14,14,66,66,66,43,43,43,43,43,43,43,43,43,40,40,40,40,39,17,67,67,67,47,35],"gold":150,"neow_bonus":"TRANSFORM_CARD","is_prod":false,"is_daily":false,"chose_seed":false,"campfire_upgraded":8,"win_rate":0,"timestamp":1568887458,"path_taken":["M","?","M","?","?","R","$","R","T","E","$","E","?","?","R","BOSS","M","?","M","?","M","R","E","$","T","E","?","R","?","E","R","BOSS","M","M","M","?","$","E","?","E","T","R","?","E","M","?","R","BOSS","BOSS","R","$","E","BOSS"],"build_version":"2019-09-18","purchased_purges":4,"victory":true,"max_hp_per_floor":[66,66,66,66,66,66,66,66,66,66,66,66,66,66,66,66,66,66,66,66,66,66,66,73,73,83,83,83,83,83,83,83,83,83,83,83,83,83,83,83,83,83,83,83,83,83,83,83,83,83,83,83,83,83,83,83],"card_choices":[{"not_picked":["Deflect","Cloak And Dagger"],"picked":"Noxious Fumes","floor":1.0},{"not_picked":["Dagger Throw","Escape Plan"],"picked":"Calculated Gamble","floor":2.0},{"not_picked":["Deadly Poison","Poisoned Stab"],"picked":"Backflip","floor":3.0},{"not_picked":["Cloak And Dagger","Infinite Blades"],"picked":"Acrobatics","floor":10.0},{"not_picked":["Bouncing Flask","Glass Knife","Setup"],"picked":"SKIP","floor":12.0},{"not_picked":["Acrobatics","Flying Knee","Deadly Poison"],"picked":"SKIP","floor":13.0},{"not_picked":["Noxious Fumes","Dodge and Roll","Quick Slash"],"picked":"SKIP","floor":18.0},{"not_picked":["Acrobatics","PiercingWail","After Image"],"picked":"SKIP","floor":19.0},{"not_picked":["Acrobatics","PiercingWail","After Image"],"picked":"SKIP","floor":19.0},{"not_picked":["PiercingWail","Distraction"],"picked":"Prepared+1","floor":20.0},{"not_picked":["Bane","Blur","Deadly Poison"],"picked":"SKIP","floor":22.0},{"not_picked":["Dodge and Roll","Bane"],"picked":"Well Laid Plans","floor":24.0},{"not_picked":["Blade Dance","Venomology","Expertise"],"picked":"SKIP","floor":27.0},{"not_picked":["Prepared","Quick Slash","Expertise"],"picked":"SKIP","floor":28.0},{"not_picked":["Prepared","Quick Slash","Expertise"],"picked":"SKIP","floor":28.0},{"not_picked":["Eviscerate","Setup","Cloak And Dagger"],"picked":"SKIP","floor":31.0},{"not_picked":["Backflip+1","PiercingWail","Acrobatics+1"],"picked":"SKIP","floor":35.0},{"not_picked":["Backflip+1","PiercingWail","Acrobatics+1"],"picked":"SKIP","floor":35.0},{"not_picked":["Backflip+1","PiercingWail"],"picked":"Acrobatics+1","floor":35.0},{"not_picked":["Dodge and Roll","Infinite Blades"],"picked":"Escape Plan","floor":36.0},{"not_picked":["Acrobatics+1","Dagger Throw","Backflip"],"picked":"SKIP","floor":37.0},{"not_picked":["Choke","Venomology","Skewer+1"],"picked":"SKIP","floor":40.0},{"not_picked":["Accuracy","Finisher","Flying Knee+1"],"picked":"SKIP","floor":41.0},{"not_picked":["Accuracy","Finisher","Flying Knee+1"],"picked":"SKIP","floor":41.0},{"not_picked":["Flying Knee+1","Skewer","Eviscerate"],"picked":"SKIP","floor":42.0},{"not_picked":["Sucker Punch","Deadly Poison"],"picked":"Eviscerate","floor":46.0},{"not_picked":["Flechettes","Choke","Deadly Poison"],"picked":"SKIP","floor":47.0},{"not_picked":["Setup","Well Laid Plans","Slice"],"picked":"SKIP","floor":55}],"player_experience":989746,"relics_obtained":[{"floor":9.0,"key":"Sundial"},{"floor":10.0,"key":"Blue Candle"},{"floor":12.0,"key":"Toy Ornithopter"},{"floor":24.0,"key":"Strawberry"},{"floor":26.0,"key":"Pear"},{"floor":27.0,"key":"Kunai"},{"floor":31.0,"key":"Letter Opener"},{"floor":40.0,"key":"The Specimen"},{"floor":42.0,"key":"Omamori"},{"floor":45.0,"key":"HornCleat"},{"floor":46.0,"key":"Pantograph"},{"floor":55,"key":"Bronze Scales"}],"event_choices":[{"damage_healed":0.0,"max_hp_gain":0.0,"max_hp_loss":0.0,"gold_gain":0.0,"cards_transformed":["Strike_G"],"event_name":"Living Wall","player_choice":"Change","floor":4.0,"gold_loss":0.0,"damage_taken":0.0,"cards_obtained":["Endless Agony"]},{"damage_healed":0.0,"max_hp_gain":0.0,"max_hp_loss":0.0,"gold_gain":0.0,"event_name":"Upgrade Shrine","player_choice":"Upgraded","floor":5.0,"gold_loss":0.0,"damage_taken":0.0,"cards_upgraded":["Flechettes"]},{"damage_healed":0.0,"max_hp_gain":0.0,"max_hp_loss":0.0,"gold_gain":0.0,"event_name":"Lab","player_choice":"Got Potions","floor":14.0,"gold_loss":0.0,"damage_taken":0.0},{"damage_healed":0.0,"max_hp_gain":0.0,"max_hp_loss":0.0,"gold_gain":90.0,"event_name":"Knowing Skull","player_choice":"GOLD ","floor":21.0,"potions_obtained":[],"gold_loss":0.0,"damage_taken":12.0,"cards_obtained":[]},{"damage_healed":0.0,"max_hp_gain":0.0,"max_hp_loss":0.0,"gold_gain":50.0,"event_name":"Nest","player_choice":"Stole From Cult","floor":30.0,"gold_loss":0.0,"damage_taken":0.0},{"damage_healed":0.0,"max_hp_gain":0.0,"max_hp_loss":0.0,"gold_gain":0.0,"event_name":"SecretPortal","player_choice":"Ignored","floor":38.0,"gold_loss":0.0,"damage_taken":0.0},{"damage_healed":0,"gold_gain":0,"player_choice":"Ignored","damage_taken":0,"max_hp_gain":0,"max_hp_loss":0,"event_name":"Mysterious Sphere","floor":48,"gold_loss":0}],"is_beta":true,"boss_relics":[{"not_picked":["Sozu","Snecko Eye"],"picked":"Ring of the Serpent"},{"not_picked":["Tiny House","WristBlade"],"picked":"Runic Pyramid"}],"items_purged_floors":[7,11,25,39],"is_endless":false,"potions_floor_spawned":[1,10,16,19,20,27,33,40,41,42,47],"ascension_level":20}