{"gold_per_floor":[114,132,57,57,76,76,92,118,118,43,57,57,57,92,92,169,169,184,107,107,124,43,43,56,66,66,66,82,82,82,92,92,164,164,186,98,114,169,184,184,196,196,221,221,237,237,254,287,287,287,287,287,287,80,106,106],"floor_reached":57,"playtime":2609,"items_purged":["Strike_G","Strike_G","Defend_G"],"score":2813,"play_id":"b364c667-bc6f-45d1-a484-3ebb05e8c748","local_time":"20190919095435","is_ascension_mode":true,"campfire_choices":[{"data":"Riddle With Holes","floor":6.0,"key":"SMITH"},{"data":"Doppelganger","floor":13.0,"key":"SMITH"},{"data":"Prepared","floor":15.0,"key":"SMITH"},{"data":"Calculated Gamble","floor":23.0,"key":"SMITH"},{"data":"Acrobatics","floor":30.0,"key":"SMITH"},{"data":"Well Laid Plans","floor":32.0,"key":"SMITH"},{"data":"Reflex","floor":40.0,"key":"SMITH"},{"floor":44.0,"key":"RECALL"},{"data":"Backflip","floor":46.0,"key":"SMITH"},{"data":"Malaise","floor":49.0,"key":"SMITH"},{"data":"Escape Plan","floor":53.0,"key":"SMITH"}],"neow_cost":"NONE","seed_source_timestamp":470832013259300,"circlet_count":0,"master_deck":["AscendersBane","Defend_G","Defend_G","Defend_G","Defend_G","Survivor","Neutralize","Neutralize","Doppelganger+1","Backflip+1","Prepared+1","Malaise+1","Calculated Gamble+1","Flechettes+1","Grand Finale+1","Tools of the Trade","Acrobatics+1","Well Laid Plans+1","CurseOfTheBell","Escape Plan+1","Reflex+1","Clumsy"],"special_seed":0,"relics":["Ring of the Snake","Du-Vu Doll","Singing Bowl","Molten Egg 2","Cursed Key","Enchiridion","Calling Bell","MawBank","Paper Crane","CaptainsWheel","Ice Cream","Smiling Mask","Bottled Lightning","InkBottle","Strawberry"],"potions_floor_usage":[56,56],"damage_taken":[{"damage":2.0,"enemies":"2 Louse","floor":1.0,"turns":4.0},{"damage":3.0,"enemies":"Cultist","floor":2.0,"turns":4.0},{"damage":1.0,"enemies":"Small Slimes","floor":5.0,"turns":4.0},{"damage":0.0,"enemies":"2 Fungi Beasts","floor":7.0,"turns":4.0},{"damage":7.0,"enemies":"Lagavulin","floor":8.0,"turns":6.0},{"damage":0.0,"enemies":"3 Louse","floor":11.0,"turns":3.0},{"damage":18.0,"enemies":"Gremlin Nob","floor":14.0,"turns":4.0},{"damage":13.0,"enemies":"The Guardian","floor":16.0,"turns":14.0},{"damage":1.0,"enemies":"3 Byrds","floor":18.0,"turns":7.0},{"damage":16.0,"enemies":"Chosen","floor":21.0,"turns":6.0},{"damage":0.0,"enemies":"Snecko","floor":24.0,"turns":3.0},{"damage":8.0,"enemies":"Centurion and Healer","floor":25.0,"turns":5.0},{"damage":5.0,"enemies":"Cultist and Chosen","floor":28.0,"turns":7.0},{"damage":2.0,"enemies":"Snake Plant","floor":31.0,"turns":4.0},{"damage":0.0,"enemies":"Collector","floor":33.0,"turns":5.0},{"damage":7.0,"enemies":"3 Shapes","floor":35.0,"turns":3.0},{"damage":0.0,"enemies":"Orb Walker","floor":37.0,"turns":3.0},{"damage":12.0,"enemies":"2 Orb Walkers","floor":38.0,"turns":2.0},{"damage":3.0,"enemies":"4 Shapes","floor":39.0,"turns":4.0},{"damage":0.0,"enemies":"Transient","floor":41.0,"turns":6.0},{"damage":0.0,"enemies":"Spire Growth","floor":45.0,"turns":2.0},{"damage":5.0,"enemies":"Writhing Mass","floor":47.0,"turns":4.0},{"damage":0.0,"enemies":"Reptomancer","floor":48.0,"turns":3.0},{"damage":25.0,"enemies":"Donu and Deca","floor":50.0,"turns":7.0},{"damage":2.0,"enemies":"Time Eater","floor":51.0,"turns":7.0},{"damage":9.0,"enemies":"Shield and Spear","floor":55.0,"turns":4.0},{"damage":55,"enemies":"The Heart","floor":56,"turns":8}],"seed_played":"-8120633241955341390","potions_obtained":[{"floor":1.0,"key":"AttackPotion"},{"floor":5.0,"key":"Strength Potion"},{"floor":8.0,"key":"Explosive Potion"},{"floor":14.0,"key":"EntropicBrew"},{"floor":25.0,"key":"SpeedPotion"},{"floor":28.0,"key":"SteroidPotion"},{"floor":39.0,"key":"GhostInAJar"}],"is_trial":false,"path_per_floor":["M","M","$","?","M","R","M","E","T","?","M","$","R","E","R","B",null,"M","$","?","M","$","R","M","M","T","?","M","?","R","M","R","B",null,"M","$","M","?","M","R","M","?","T","R","M","R","M","E","R","B","B",null,"R","$","E","B",null],"character_chosen":"THE_SILENT","items_purchased":["Calculated Gamble","Flechettes+1","InkBottle"],"campfire_rested":0,"item_purchase_floors":[19,22,54],"current_hp_per_floor":[57,54,54,54,53,53,53,46,46,46,48,48,48,30,30,17,55,56,56,35,21,21,21,23,17,17,17,12,12,12,10,10,12,62,55,55,57,47,44,44,46,46,46,46,48,48,45,47,47,22,20,73,73,73,73,18],"gold":106,"neow_bonus":"REMOVE_CARD","is_prod":false,"is_daily":false,"chose_seed":false,"campfire_upgraded":10,"win_rate":0,"timestamp":1568858075,"path_taken":["M","M","$","?","?","R","M","E","T","?","M","$","R","E","R","BOSS","M","$","?","M","$","R","M","M","T","?","?","?","R","M","R","BOSS","M","$","M","?","M","R","M","?","T","R","?","R","M","E","R","BOSS","BOSS","R","$","E","BOSS"],"build_version":"2019-09-18","purchased_purges":3,"victory":true,"max_hp_per_floor":[66,66,66,66,66,66,66,66,66,66,68,68,68,68,68,68,68,70,70,70,72,72,72,74,76,76,76,76,76,76,76,76,78,78,78,78,80,82,82,82,84,84,84,84,86,86,88,90,90,90,90,90,90,90,99,99],"card_choices":[{"not_picked":["Setup","Outmaneuver","Dodge and Roll"],"picked":"SKIP","floor":1.0},{"not_picked":["Dodge and Roll","Blade Dance","Slice"],"picked":"SKIP","floor":2.0},{"not_picked":["Concentrate","Slice"],"picked":"Backflip","floor":5.0},{"not_picked":["Eviscerate","Deflect","Predator"],"picked":"SKIP","floor":7.0},{"not_picked":["Acrobatics","Endless Agony","Venomology"],"picked":"SKIP","floor":8.0},{"not_picked":["Choke","Eviscerate","Poisoned Stab"],"picked":"Singing Bowl","floor":11.0},{"not_picked":["Poisoned Stab","Dodge and Roll"],"picked":"Prepared","floor":14.0},{"not_picked":["Unload+1","Die Die Die+1"],"picked":"Malaise","floor":16.0},{"not_picked":["Dodge and Roll","Deadly Poison","Bane+1"],"picked":"Singing Bowl","floor":18.0},{"not_picked":["Blade Dance","Bane+1","Poisoned Stab+1"],"picked":"Singing Bowl","floor":21.0},{"not_picked":["Catalyst","Accuracy","Flying Knee+1"],"picked":"Singing Bowl","floor":24.0},{"not_picked":["Catalyst","Underhanded Strike+1","Blade Dance"],"picked":"Singing Bowl","floor":25.0},{"not_picked":["Dagger Throw+1","Blade Dance"],"picked":"Grand Finale+1","floor":28.0},{"not_picked":["Poisoned Stab+1","Blade Dance"],"picked":"Well Laid Plans","floor":31.0},{"not_picked":["Night Terror","Doppelganger","Corpse Explosion"],"picked":"Singing Bowl","floor":33.0},{"not_picked":["Quick Slash+1","Dash+1"],"picked":"Escape Plan","floor":35.0},{"not_picked":["Cloak And Dagger","Well Laid Plans","Dodge and Roll+1"],"picked":"Singing Bowl","floor":37.0},{"not_picked":["Catalyst","Acrobatics","Quick Slash+1"],"picked":"Singing Bowl","floor":38.0},{"not_picked":["Dagger Throw+1","Quick Slash+1"],"picked":"Reflex","floor":39.0},{"not_picked":["Backstab+1","Distraction","Predator+1"],"picked":"Singing Bowl","floor":41.0},{"not_picked":["Riddle With Holes+1","Underhanded Strike+1","Dagger Spray+1"],"picked":"Singing Bowl","floor":45.0},{"not_picked":["PiercingWail","Crippling Poison","Backflip"],"picked":"Singing Bowl","floor":47.0},{"not_picked":["Flying Knee+1","Calculated Gamble","Finisher+1"],"picked":"Singing Bowl","floor":48.0},{"not_picked":["Deadly Poison","Acrobatics","Infinite Blades"],"picked":"Singing Bowl","floor":55.0}],"player_experience":987137,"relics_obtained":[{"floor":8.0,"key":"Du-Vu Doll"},{"floor":9.0,"key":"Singing Bowl"},{"floor":14.0,"key":"Molten Egg 2"},{"floor":20.0,"key":"Enchiridion"},{"floor":34.0,"key":"MawBank"},{"floor":34.0,"key":"Paper Crane"},{"floor":34.0,"key":"CaptainsWheel"},{"floor":38.0,"key":"Ice Cream"},{"floor":43.0,"key":"Smiling Mask"},{"floor":48.0,"key":"Bottled Lightning"},{"floor":55.0,"key":"Strawberry"}],"event_choices":[{"damage_healed":0.0,"max_hp_gain":0.0,"max_hp_loss":0.0,"gold_gain":0.0,"event_name":"Match and Keep!","player_choice":"3 cards matched","floor":4.0,"gold_loss":0.0,"damage_taken":0.0,"cards_obtained":["Neutralize","Doppelganger","Riddle With Holes"]},{"cards_removed":["Strike_G"],"damage_healed":0.0,"max_hp_gain":0.0,"max_hp_loss":0.0,"gold_gain":0.0,"event_name":"The Cleric","player_choice":"Card Removal","floor":10.0,"gold_loss":75.0,"damage_taken":0.0},{"damage_healed":0.0,"max_hp_gain":0.0,"max_hp_loss":0.0,"gold_gain":0.0,"event_name":"Cursed Tome","player_choice":"Obtained Book","floor":20.0,"gold_loss":0.0,"damage_taken":21.0},{"cards_removed":["Decay"],"damage_healed":0.0,"max_hp_gain":0.0,"max_hp_loss":0.0,"gold_gain":0.0,"event_name":"Fountain of Cleansing","player_choice":"Removed Curses","floor":27.0,"gold_loss":0.0,"damage_taken":0.0},{"damage_healed":0.0,"max_hp_gain":0.0,"max_hp_loss":0.0,"gold_gain":0.0,"cards_transformed":["Riddle With Holes","Strike_G"],"event_name":"Drug Dealer","player_choice":"Became Test Subject","floor":29.0,"gold_loss":0.0,"damage_taken":0.0,"cards_obtained":["Tools of the Trade","Acrobatics"]},{"damage_healed":0.0,"max_hp_gain":0.0,"max_hp_loss":0.0,"gold_gain":0.0,"event_name":"Mysterious Sphere","player_choice":"Fight","floor":38.0,"gold_loss":0.0,"damage_taken":0.0},{"damage_healed":0.0,"max_hp_gain":0.0,"max_hp_loss":0.0,"gold_gain":0.0,"event_name":"Tomb of Lord Red Mask","player_choice":"Ignored","floor":42.0,"gold_loss":0.0,"damage_taken":0.0}],"is_beta":true,"boss_relics":[{"not_picked":["Fusion Hammer","Velvet Choker"],"picked":"Cursed Key"},{"not_picked":["Ring of the Serpent","Runic Dome"],"picked":"Calling Bell"}],"items_purged_floors":[3,36,54],"is_endless":false,"potions_floor_spawned":[1,5,8,14,25,28,37,39,45,47],"ascension_level":20}