{"gold_per_floor":[112,132,149,149,149,178,178,207,207,224,73,73,86,102,102,206,206,225,56,82,82,95,95,58,71,94,94,113,125,125,157,157,262,262,279,293,293,313,313,313,323,355,382,382,401,419,419,453,453,453],"floor_reached":51,"playtime":5399,"items_purged":["Defend_G","Strike_G"],"score":814,"play_id":"5ef4fd05-7404-49e9-983c-74d5de10f8e7","local_time":"20190920212512","is_ascension_mode":false,"campfire_choices":[{"data":"Poisoned Stab","floor":7,"key":"SMITH"},{"data":"Footwork","floor":12,"key":"SMITH"},{"data":"Noxious Fumes","floor":15,"key":"SMITH"},{"data":"Bouncing Flask","floor":23,"key":"SMITH"},{"data":"Footwork","floor":30,"key":"SMITH"},{"data":"Deadly Poison","floor":32,"key":"SMITH"},{"data":"Prepared","floor":40,"key":"SMITH"},{"data":"Neutralize","floor":44,"key":"SMITH"},{"floor":47,"key":"REST"},{"data":"Doppelganger","floor":49,"key":"SMITH"}],"neow_cost":"NONE","seed_source_timestamp":2781234524302381,"circlet_count":0,"master_deck":["Defend_G","Defend_G","Defend_G","Survivor","Neutralize+1","Tactician","Poisoned Stab+1","Unload","Leg Sweep","Noxious Fumes+1","Backflip","Footwork+1","Blur","Deflect","Tools of the Trade","Bouncing Flask+1","Well Laid Plans","Deadly Poison+1","Iron Wave","Footwork+1","PiercingWail","PiercingWail","Adrenaline","Dodge and Roll","Doppelganger+1","CurseOfTheBell","Noxious Fumes+1","Prepared+1","Madness","Madness","Deflect","Tactician+1","Underhanded Strike+1","Acrobatics","Adrenaline"],"relics":["Ring of the Snake","NeowsBlessing","Strawberry","White Beast Statue","Mummified Hand","Empty Cage","Red Mask","Boot","Shuriken","Calling Bell","Lantern","Matryoshka","Ginger","Bottled Tornado","Snake Skull","MealTicket","Bronze Scales"],"potions_floor_usage":[6,6,16,20,20,25,27,29,31,31,33,36,38,41,41,42,45,48,50,50],"damage_taken":[{"damage":0,"enemies":"Cultist","floor":1,"turns":1},{"damage":0,"enemies":"Jaw Worm","floor":2,"turns":1},{"damage":0,"enemies":"Small Slimes","floor":3,"turns":1},{"damage":14,"enemies":"Gremlin Nob","floor":6,"turns":4},{"damage":6,"enemies":"3 Sentries","floor":8,"turns":9},{"damage":5,"enemies":"Exordium Wildlife","floor":10,"turns":6},{"damage":0,"enemies":"Looter","floor":13,"turns":4},{"damage":0,"enemies":"3 Louse","floor":14,"turns":3},{"damage":16,"enemies":"Hexaghost","floor":16,"turns":10},{"damage":0,"enemies":"Spheric Guardian","floor":18,"turns":6},{"damage":0,"enemies":"Masked Bandits","floor":20,"turns":3},{"damage":11,"enemies":"3 Byrds","floor":22,"turns":4},{"damage":0,"enemies":"3 Cultists","floor":25,"turns":5},{"damage":0,"enemies":"Centurion and Healer","floor":28,"turns":7},{"damage":0,"enemies":"Snake Plant","floor":29,"turns":4},{"damage":0,"enemies":"Gremlin Leader","floor":31,"turns":6},{"damage":3,"enemies":"Automaton","floor":33,"turns":11},{"damage":0,"enemies":"Orb Walker","floor":35,"turns":5},{"damage":8,"enemies":"3 Darklings","floor":36,"turns":5},{"damage":20,"enemies":"Maw","floor":38,"turns":8},{"damage":6,"enemies":"Writhing Mass","floor":41,"turns":6},{"damage":6,"enemies":"Nemesis","floor":42,"turns":9},{"damage":0,"enemies":"Transient","floor":45,"turns":5},{"damage":11,"enemies":"3 Darklings","floor":46,"turns":5},{"damage":0,"enemies":"Giant Head","floor":48,"turns":7},{"damage":17,"enemies":"Donu and Deca","floor":50,"turns":9}],"seed_played":"-5280147419005106606","potions_obtained":[{"floor":2,"key":"AttackPotion"},{"floor":3,"key":"Weak Potion"},{"floor":10,"key":"Explosive Potion"},{"floor":13,"key":"Swift Potion"},{"floor":14,"key":"Fire Potion"},{"floor":16,"key":"AttackPotion"},{"floor":18,"key":"EssenceOfSteel"},{"floor":20,"key":"Strength Potion"},{"floor":22,"key":"PowerPotion"},{"floor":25,"key":"Swift Potion"},{"floor":27,"key":"Fruit Juice"},{"floor":27,"key":"Fire Potion"},{"floor":28,"key":"PowerPotion"},{"floor":29,"key":"SteroidPotion"},{"floor":31,"key":"Swift Potion"},{"floor":33,"key":"Ancient Potion"},{"floor":35,"key":"Swift Potion"},{"floor":36,"key":"PowerPotion"},{"floor":38,"key":"Fire Potion"},{"floor":41,"key":"Regen Potion"},{"floor":42,"key":"Explosive Potion"},{"floor":45,"key":"Strength Potion"},{"floor":46,"key":"Fire Potion"},{"floor":48,"key":"Swift Potion"}],"is_trial":false,"path_per_floor":["M","M","M","?","?","E","R","E","T","M","$","R","M","M","R","B",null,"M","$","?","?","M","R","$","M","T","?","M","M","R","E","R","B",null,"M","M","?","M","?","R","M","E","T","R","M","M","R","E","R","B",null],"character_chosen":"THE_SILENT","items_purchased":["Footwork","Well Laid Plans","Footwork"],"campfire_rested":1,"item_purchase_floors":[11,19,24],"current_hp_per_floor":[70,70,70,75,75,68,68,62,62,57,57,57,57,57,57,41,82,82,82,82,82,71,71,71,71,71,76,76,76,76,76,76,73,87,87,79,68,48,48,48,42,51,51,51,51,40,66,66,66,49],"gold":453,"neow_bonus":"THREE_ENEMY_KILL","is_prod":false,"is_daily":false,"chose_seed":false,"campfire_upgraded":9,"win_rate":0.0,"timestamp":1569032712,"path_taken":["M","?","M","?","?","E","R","E","T","M","$","R","?","M","R","BOSS","M","$","?","?","?","R","?","M","T","?","?","M","R","E","R","BOSS","M","M","?","M","?","R","M","E","T","R","M","?","R","E","R","BOSS"],"build_version":"2019-09-20","purchased_purges":2,"victory":true,"max_hp_per_floor":[70,70,70,75,75,82,82,82,82,82,82,82,82,82,82,82,82,82,82,82,82,82,82,82,82,82,87,87,87,87,87,87,87,87,87,87,87,87,87,87,87,87,87,87,87,87,87,87,87,87],"card_choices":[{"not_picked":["Outmaneuver","Reflex","Expertise"],"picked":"SKIP","floor":1},{"not_picked":["Prepared","Quick Slash"],"picked":"Tactician","floor":2},{"not_picked":["Masterful Stab","Eviscerate"],"picked":"Poisoned Stab","floor":3},{"not_picked":["Expertise","Deadly Poison"],"picked":"Leg Sweep","floor":6},{"not_picked":["Reflex","Quick Slash"],"picked":"Noxious Fumes","floor":8},{"not_picked":["Finisher","Blade Dance"],"picked":"Backflip","floor":10},{"not_picked":["Leg Sweep","Flechettes"],"picked":"Blur","floor":13},{"not_picked":["Leg Sweep","Quick Slash"],"picked":"Deflect","floor":14},{"not_picked":["Bullet Time","Die Die Die"],"picked":"Tools of the Trade","floor":16},{"not_picked":["Poisoned Stab","Slice"],"picked":"Bouncing Flask","floor":18},{"not_picked":["Quick Slash+1","Flying Knee"],"picked":"Deadly Poison","floor":20},{"not_picked":["Sucker Punch","Masterful Stab","Finisher"],"picked":"SKIP","floor":22},{"not_picked":["Deadly Poison","Deflect"],"picked":"PiercingWail","floor":25},{"not_picked":["Flying Knee+1","Finisher"],"picked":"PiercingWail","floor":28},{"not_picked":["Flying Knee","Dash+1"],"picked":"Adrenaline","floor":29},{"not_picked":["Blur","Tactician"],"picked":"Dodge and Roll","floor":31},{"not_picked":["Bullet Time","Die Die Die"],"picked":"Doppelganger","floor":33},{"not_picked":["Predator+1","Dagger Spray+1"],"picked":"Noxious Fumes+1","floor":35},{"not_picked":["Dagger Spray","Backflip"],"picked":"Prepared","floor":36},{"not_picked":["Noxious Fumes","Deadly Poison"],"picked":"Deflect","floor":38},{"not_picked":["Sucker Punch","Flying Knee+1"],"picked":"Tactician+1","floor":41},{"not_picked":["Slice+1","Endless Agony"],"picked":"Underhanded Strike+1","floor":42},{"not_picked":["Deflect+1","Outmaneuver+1"],"picked":"Acrobatics","floor":45},{"not_picked":["Noxious Fumes","Calculated Gamble"],"picked":"Adrenaline","floor":46},{"not_picked":["Slice+1","Predator","Terror+1"],"picked":"SKIP","floor":48}],"player_experience":5784,"relics_obtained":[{"floor":6,"key":"Strawberry"},{"floor":8,"key":"White Beast Statue"},{"floor":9,"key":"Mummified Hand"},{"floor":20,"key":"Red Mask"},{"floor":26,"key":"Boot"},{"floor":31,"key":"Shuriken"},{"floor":34,"key":"Lantern"},{"floor":34,"key":"Matryoshka"},{"floor":34,"key":"Ginger"},{"floor":42,"key":"Bottled Tornado"},{"floor":43,"key":"Snake Skull"},{"floor":43,"key":"MealTicket"},{"floor":48,"key":"Bronze Scales"}],"event_choices":[{"damage_healed":0,"gold_gain":0,"player_choice":"Donut","damage_taken":0,"max_hp_gain":5,"max_hp_loss":0,"event_name":"Big Fish","floor":4,"gold_loss":0},{"damage_healed":0,"gold_gain":0,"cards_transformed":["Strike_G"],"player_choice":"Change","damage_taken":0,"max_hp_gain":0,"max_hp_loss":0,"event_name":"Living Wall","floor":5,"gold_loss":0,"cards_obtained":["Unload"]},{"damage_healed":0,"gold_gain":0,"player_choice":"Fought Bandits","damage_taken":0,"max_hp_gain":0,"max_hp_loss":0,"event_name":"Masked Bandits","floor":20,"gold_loss":0},{"cards_removed":["Strike_G"],"damage_healed":0,"gold_gain":0,"player_choice":"Took Card","damage_taken":0,"max_hp_gain":0,"max_hp_loss":0,"event_name":"NoteForYourself","floor":21,"gold_loss":0,"cards_obtained":["Iron Wave"]},{"damage_healed":0,"gold_gain":0,"player_choice":"Got Potions","damage_taken":0,"max_hp_gain":0,"max_hp_loss":0,"event_name":"Lab","floor":27,"gold_loss":0},{"damage_healed":0,"gold_gain":0,"player_choice":"Embrace Madness","damage_taken":11,"max_hp_gain":0,"max_hp_loss":0,"event_name":"Winding Halls","floor":37,"gold_loss":0,"cards_obtained":["Madness","Madness"]},{"cards_removed":["Strike_G"],"damage_healed":0,"gold_gain":0,"player_choice":"Card Removal","damage_taken":0,"max_hp_gain":0,"max_hp_loss":0,"event_name":"Wheel of Change","floor":39,"gold_loss":0}],"is_beta":true,"boss_relics":[{"not_picked":["SlaversCollar","Velvet Choker"],"picked":"Empty Cage"},{"not_picked":["Philosopher\u0027s Stone","Runic Pyramid"],"picked":"Calling Bell"}],"items_purged_floors":[11,19],"is_endless":false,"potions_floor_spawned":[2,3,10,13,14,16,18,20,22,25,28,29,31,33,35,36,38,41,42,45,46,48],"ascension_level":0}