{"gold_per_floor":[111,123,123,135,135,135,169,169,169,187,198,232,251,269,269,373,373,390,401,17,30,30,30,64,64,64,74,74,84,98,48,48,48],"floor_reached":33,"playtime":3301,"items_purged":[],"score":281,"play_id":"8ad7dde3-20af-435d-b6a4-86f5e76f7fa1","local_time":"20190805200123","is_ascension_mode":false,"campfire_choices":[{"data":"Clothesline","floor":6,"key":"SMITH"},{"data":"Seeing Red","floor":8,"key":"SMITH"},{"floor":15,"key":"REST"},{"floor":23,"key":"REST"},{"floor":25,"key":"REST"},{"floor":32,"key":"REST"}],"neow_cost":"NONE","seed_source_timestamp":125704685674349,"circlet_count":0,"master_deck":["Strike_R","Strike_R","Strike_R","Strike_R","Strike_R","Defend_R","Defend_R","Defend_R","Defend_R","Bash","Clothesline+1","Armaments","Armaments","Seeing Red+1","Iron Wave","Shockwave","Sword Boomerang","Clothesline","Barricade","Dark Embrace","Sword Boomerang+1","Pommel Strike","Cleave","Metallicize","Dual Wield","Shrug It Off","Warcry+1","Rage+1","Whirlwind+1","Seeing Red+1"],"relics":["Burning Blood","Potion Belt","Ornamental Fan","Centennial Puzzle","Regal Pillow","Bag of Marbles","Fusion Hammer","Charon\u0027s Ashes","Meat on the Bone","Toxic Egg 2"],"potions_floor_usage":[16,16,16,24],"damage_taken":[{"damage":0,"enemies":"Small Slimes","floor":1,"turns":4},{"damage":3,"enemies":"Jaw Worm","floor":2,"turns":4},{"damage":0,"enemies":"2 Louse","floor":4,"turns":3},{"damage":36,"enemies":"Lagavulin","floor":7,"turns":10},{"damage":5,"enemies":"Blue Slaver","floor":10,"turns":5},{"damage":2,"enemies":"Red Slaver","floor":11,"turns":4},{"damage":20,"enemies":"Gremlin Nob","floor":12,"turns":5},{"damage":8,"enemies":"Exordium Wildlife","floor":13,"turns":4},{"damage":4,"enemies":"Blue Slaver","floor":14,"turns":4},{"damage":71,"enemies":"Hexaghost","floor":16,"turns":18},{"damage":16,"enemies":"Spheric Guardian","floor":18,"turns":7},{"damage":18,"enemies":"3 Byrds","floor":19,"turns":8},{"damage":38,"enemies":"3 Cultists","floor":21,"turns":7},{"damage":54,"enemies":"Slavers","floor":24,"turns":7},{"damage":23,"enemies":"Snake Plant","floor":27,"turns":5},{"damage":15,"enemies":"Cultist and Chosen","floor":29,"turns":7},{"damage":10,"enemies":"Snecko","floor":30,"turns":6},{"damage":92,"enemies":"Automaton","floor":33,"turns":12}],"seed_played":"-777662870119150963","potions_obtained":[{"floor":2,"key":"Explosive Potion"},{"floor":7,"key":"Poison Potion"},{"floor":11,"key":"SkillPotion"},{"floor":13,"key":"SpeedPotion"},{"floor":24,"key":"GamblersBrew"},{"floor":27,"key":"Swift Potion"}],"is_trial":false,"path_per_floor":["M","M","?","M","T","R","E","R","T","M","M","E","M","M","R","B",null,"M","M","$","M","?","R","E","R","T","M","?","M","M","$","R","B"],"character_chosen":"IRONCLAD","items_purchased":["Cleave","Charon\u0027s Ashes","Metallicize","Block Potion"],"campfire_rested":4,"item_purchase_floors":[20,20,20,31],"current_hp_per_floor":[80,80,85,85,85,85,55,55,55,56,60,46,44,46,85,20,85,75,63,63,31,31,71,23,63,63,58,58,49,57,57,85,0],"gold":48,"neow_bonus":"RANDOM_COMMON_RELIC","is_prod":false,"is_daily":false,"chose_seed":false,"campfire_upgraded":2,"win_rate":0.0,"timestamp":1565031683,"path_taken":["M","M","?","M","?","R","E","R","T","M","M","E","M","M","R","BOSS","M","M","$","M","?","R","E","R","T","M","?","M","M","?","R","BOSS"],"build_version":"2019-07-17","purchased_purges":0,"victory":false,"max_hp_per_floor":[80,80,85,85,85,85,85,85,85,85,85,85,85,85,85,85,85,85,85,85,85,85,85,85,85,85,85,85,85,85,85,85,85],"card_choices":[{"not_picked":["Shrug It Off","Clash"],"picked":"Clothesline","floor":1},{"not_picked":["Metallicize","Body Slam"],"picked":"Armaments","floor":2},{"not_picked":["Body Slam","Flex"],"picked":"Armaments","floor":4},{"not_picked":["Bludgeon","Heavy Blade"],"picked":"Seeing Red","floor":7},{"not_picked":["Whirlwind","Twin Strike"],"picked":"Iron Wave","floor":10},{"not_picked":["Clash","Heavy Blade"],"picked":"Shockwave","floor":11},{"not_picked":["Clothesline","Fiend Fire"],"picked":"Sword Boomerang","floor":12},{"not_picked":["Heavy Blade","Thunderclap"],"picked":"Clothesline","floor":13},{"not_picked":["Heavy Blade","Feel No Pain"],"picked":"Barricade","floor":14},{"not_picked":["Fiend Fire","Demon Form"],"picked":"Dark Embrace","floor":16},{"not_picked":["Clash+1","Heavy Blade"],"picked":"Sword Boomerang+1","floor":18},{"not_picked":["Twin Strike","Sword Boomerang"],"picked":"Pommel Strike","floor":19},{"not_picked":["True Grit+1","Heavy Blade"],"picked":"Dual Wield","floor":21},{"not_picked":["Cleave","Berserk"],"picked":"Shrug It Off","floor":24},{"not_picked":["Headbutt","Sword Boomerang+1"],"picked":"Warcry+1","floor":27},{"not_picked":["True Grit+1","Reckless Charge+1"],"picked":"Whirlwind+1","floor":29},{"not_picked":["Shockwave+1","Flex+1"],"picked":"Seeing Red+1","floor":30}],"player_experience":2939,"relics_obtained":[{"floor":5,"key":"Ornamental Fan"},{"floor":7,"key":"Centennial Puzzle"},{"floor":9,"key":"Regal Pillow"},{"floor":12,"key":"Bag of Marbles"},{"floor":24,"key":"Meat on the Bone"},{"floor":26,"key":"Toxic Egg 2"}],"event_choices":[{"damage_healed":0,"gold_gain":0,"player_choice":"Donut","damage_taken":0,"max_hp_gain":5,"max_hp_loss":0,"event_name":"Big Fish","floor":3,"gold_loss":0},{"damage_healed":0,"gold_gain":0,"player_choice":"Ignored","damage_taken":0,"max_hp_gain":0,"max_hp_loss":0,"event_name":"Vampires","floor":22,"gold_loss":0},{"damage_healed":0,"gold_gain":0,"player_choice":"Read","damage_taken":0,"max_hp_gain":0,"max_hp_loss":0,"event_name":"The Library","floor":28,"gold_loss":0,"cards_obtained":["Rage"]}],"is_beta":false,"boss_relics":[{"not_picked":["Calling Bell","Empty Cage"],"picked":"Fusion Hammer"}],"items_purged_floors":[],"is_endless":false,"potions_floor_spawned":[2,7,11,13,24,27],"killed_by":"Automaton","ascension_level":0}