{"gold_per_floor":[109,59,69,32,32,62,62,76,76,92,92,118,118,151,151,250,250,267,267,287,287,287,287,306,306,306,306,316,343,74,88,88,186,186,198,198,198,198,213,213,246,270,270,270,125,137,137,149,149,149],"floor_reached":51,"playtime":2135,"items_purged":["Writhe","Normality"],"score":786,"play_id":"8fd7b54f-2d20-4744-bf3b-405d2177fd31","local_time":"20190920125837","is_ascension_mode":false,"campfire_choices":[{"data":"Accuracy","floor":11.0,"key":"SMITH"},{"data":"A Thousand Cuts","floor":13.0,"key":"SMITH"},{"data":"Cloak And Dagger","floor":15.0,"key":"SMITH"},{"data":"Accuracy","floor":23,"key":"SMITH"},{"floor":25,"key":"REST"},{"data":"Blade Dance","floor":27,"key":"SMITH"},{"floor":32,"key":"REST"},{"data":"Blade Dance","floor":40,"key":"SMITH"},{"floor":44,"key":"REST"},{"data":"Blade Dance","floor":47,"key":"SMITH"},{"data":"Blade Dance","floor":49,"key":"SMITH"}],"neow_cost":"NONE","seed_source_timestamp":0,"circlet_count":0,"master_deck":["Strike_G+1","Strike_G+1","Strike_G+1","Strike_G+1","Strike_G+1","Defend_G+1","Defend_G+1","Defend_G+1","Defend_G+1","Defend_G+1","Survivor","Neutralize","Accuracy+1","Blade Dance+1","Dash","Blur","Footwork","Neutralize","A Thousand Cuts+1","Backflip","Blade Dance+1","Blade Dance+1","Cloak And Dagger+1","Storm of Steel","Accuracy+1","Quick Slash","Blur+1","Backflip+1","Blade Dance+1","Backflip+1","Escape Plan","Storm of Steel","Writhe","Clumsy","Cloak And Dagger","The Bomb","Deflect+1","Blade Dance+1","Blade Dance+1"],"special_seed":0,"relics":["Ring of the Snake","NeowsBlessing","FossilizedHelix","The Specimen","Prayer Wheel","Question Card","WristBlade","MutagenicStrength","PreservedInsect","Mercury Hourglass","Tough Bandages","ClockworkSouvenir","Calling Bell","Ancient Tea Set","Mummified Hand","Calipers","Dodecahedron","Bag of Preparation","Shuriken"],"potions_floor_usage":[29,50,50,50],"damage_taken":[{"damage":0.0,"enemies":"Cultist","floor":1.0,"turns":1.0},{"damage":0.0,"enemies":"2 Louse","floor":3.0,"turns":1.0},{"damage":0.0,"enemies":"Gremlin Nob","floor":6.0,"turns":1.0},{"damage":0.0,"enemies":"Small Slimes","floor":8.0,"turns":4.0},{"damage":0.0,"enemies":"Exordium Wildlife","floor":10.0,"turns":4.0},{"damage":8.0,"enemies":"Lagavulin","floor":12.0,"turns":6.0},{"damage":3.0,"enemies":"3 Sentries","floor":14.0,"turns":6.0},{"damage":5.0,"enemies":"Hexaghost","floor":16.0,"turns":9.0},{"damage":20,"enemies":"2 Thieves","floor":18,"turns":4},{"damage":0,"enemies":"Spheric Guardian","floor":20,"turns":1},{"damage":20,"enemies":"Snake Plant","floor":24,"turns":4},{"damage":0,"enemies":"Centurion and Healer","floor":28,"turns":4},{"damage":18,"enemies":"Gremlin Leader","floor":29,"turns":4},{"damage":0,"enemies":"Snecko","floor":31,"turns":3},{"damage":20,"enemies":"Champ","floor":33,"turns":7},{"damage":10,"enemies":"3 Shapes","floor":35,"turns":4},{"damage":0,"enemies":"Orb Walker","floor":39,"turns":2},{"damage":22,"enemies":"Reptomancer","floor":41,"turns":4},{"damage":0,"enemies":"Sphere and 2 Shapes","floor":46,"turns":3},{"damage":0,"enemies":"4 Shapes","floor":48,"turns":2},{"damage":35,"enemies":"Awakened One","floor":50,"turns":8}],"seed_played":"8851485600697026812","potions_obtained":[{"floor":6.0,"key":"Energy Potion"},{"floor":10.0,"key":"Energy Potion"},{"floor":12.0,"key":"Energy Potion"},{"floor":16.0,"key":"Energy Potion"},{"floor":20,"key":"PowerPotion"},{"floor":28,"key":"GhostInAJar"},{"floor":39,"key":"FearPotion"},{"floor":48,"key":"Ancient Potion"}],"is_trial":false,"path_per_floor":["M","$","M","$","?","E","?","M","T","M","R","E","R","E","R","B",null,"M","?","M","?","?","R","M","R","T","R","M","E","$","M","R","B",null,"M","?","?","?","M","R","E","T","T","R","$","M","R","M","R","B",null],"character_chosen":"THE_SILENT","items_purchased":["Blade Dance","Blur","ClockworkSouvenir","Blade Dance"],"campfire_rested":3,"item_purchase_floors":[2,4,30,45],"current_hp_per_floor":[70,70,70,70,70,70,70,70,70,70,70,62,62,59,59,54,70,50,50,50,50,50,50,30,51,51,51,51,33,33,33,54,34,70,60,60,60,60,60,60,38,38,38,57,57,57,57,57,57,22],"gold":149,"neow_bonus":"THREE_ENEMY_KILL","is_prod":false,"is_daily":false,"chose_seed":false,"campfire_upgraded":8,"win_rate":0.0,"timestamp":1568998717,"path_taken":["M","$","?","?","?","E","?","M","T","M","R","E","R","E","R","BOSS","M","?","M","?","?","R","?","R","T","R","M","E","?","M","R","BOSS","M","?","?","?","M","R","E","?","T","R","$","M","R","M","R","BOSS"],"build_version":"2019-07-17","purchased_purges":2,"victory":true,"max_hp_per_floor":[70,70,70,70,70,70,70,70,70,70,70,70,70,70,70,70,70,70,70,70,70,70,70,70,70,70,70,70,70,70,70,70,70,70,70,70,66,66,66,66,66,66,66,66,66,66,66,66,66,66],"card_choices":[{"not_picked":["Cloak And Dagger","Poisoned Stab"],"picked":"Accuracy","floor":1.0},{"not_picked":["Eviscerate","Terror"],"picked":"Dash","floor":3.0},{"not_picked":["Flying Knee","Choke"],"picked":"Footwork","floor":6.0},{"not_picked":["Acrobatics","Flying Knee"],"picked":"Blade Dance","floor":8.0},{"not_picked":["Finisher","Choke"],"picked":"Blade Dance","floor":10.0},{"not_picked":["Blur","Deflect"],"picked":"Cloak And Dagger","floor":12.0},{"not_picked":["Flechettes","Sucker Punch","Quick Slash"],"picked":"SKIP","floor":14.0},{"not_picked":["Venomology","Glass Knife","A Thousand Cuts"],"picked":"Storm of Steel","floor":16.0},{"not_picked":["Reflex","Dagger Throw","Blade Dance"],"picked":"Accuracy","floor":18},{"not_picked":["Poisoned Stab+1","Catalyst","Predator+1","Dagger Spray"],"picked":"SKIP","floor":18},{"not_picked":["Deflect","PiercingWail","Sucker Punch"],"picked":"Quick Slash","floor":20},{"not_picked":["Acrobatics","Deflect","Finisher","Quick Slash"],"picked":"SKIP","floor":20},{"not_picked":["Choke+1","PiercingWail","Riddle With Holes"],"picked":"Blur+1","floor":24},{"not_picked":["Caltrops+1","PiercingWail+1","Predator","Prepared"],"picked":"SKIP","floor":24},{"not_picked":["PiercingWail","Catalyst+1","Sucker Punch"],"picked":"Backflip+1","floor":28},{"not_picked":["Bane+1","Expertise","Flying Knee"],"picked":"Blade Dance+1","floor":28},{"not_picked":["Sucker Punch","Leg Sweep","Dash"],"picked":"Backflip+1","floor":29},{"not_picked":["Dash","Well Laid Plans","Prepared+1"],"picked":"Escape Plan","floor":31},{"not_picked":["Sucker Punch","Bane","Heel Hook","Venomology"],"picked":"SKIP","floor":31},{"not_picked":["Unload","Night Terror","Glass Knife"],"picked":"Storm of Steel","floor":33},{"not_picked":["Quick Slash+1","Predator+1","Slice"],"picked":"Cloak And Dagger","floor":35},{"not_picked":["Sucker Punch","Heel Hook+1","Calculated Gamble","Slice+1"],"picked":"SKIP","floor":35},{"not_picked":["Madness","Dark Shackles","Jack Of All Trades"],"picked":"The Bomb","floor":36},{"not_picked":["Predator+1","Flying Knee","Deflect+1","Prepared+1"],"picked":"SKIP","floor":39},{"not_picked":["Tactician","Deadly Poison","Well Laid Plans","Blur"],"picked":"SKIP","floor":39},{"not_picked":["Leg Sweep","Caltrops+1","Glass Knife"],"picked":"Deflect+1","floor":41},{"not_picked":["Footwork+1","Quick Slash+1","Eviscerate+1","Outmaneuver+1"],"picked":"SKIP","floor":46},{"not_picked":["Deflect","Reflex+1","All Out Attack+1","Skewer+1"],"picked":"SKIP","floor":46},{"not_picked":["PiercingWail+1","Cloak And Dagger","Eviscerate+1"],"picked":"Blade Dance+1","floor":48},{"not_picked":["Reflex+1","Catalyst","Crippling Poison","Masterful Stab"],"picked":"SKIP","floor":48}],"player_experience":86753,"relics_obtained":[{"floor":6.0,"key":"FossilizedHelix"},{"floor":9.0,"key":"The Specimen"},{"floor":12.0,"key":"Prayer Wheel"},{"floor":14.0,"key":"Question Card"},{"floor":26,"key":"Mercury Hourglass"},{"floor":29,"key":"Tough Bandages"},{"floor":34,"key":"Ancient Tea Set"},{"floor":34,"key":"Mummified Hand"},{"floor":34,"key":"Calipers"},{"floor":41,"key":"Dodecahedron"},{"floor":42,"key":"Bag of Preparation"},{"floor":43,"key":"Shuriken"}],"event_choices":[{"damage_healed":0.0,"max_hp_gain":0.0,"max_hp_loss":0.0,"gold_gain":0.0,"event_name":"Liars Game","player_choice":"Ignored","floor":5.0,"gold_loss":0.0,"damage_taken":0.0},{"damage_healed":0.0,"max_hp_gain":0.0,"max_hp_loss":0.0,"gold_gain":0.0,"event_name":"Match and Keep!","player_choice":"3 cards matched","floor":7.0,"gold_loss":0.0,"damage_taken":0.0,"cards_obtained":["Neutralize","A Thousand Cuts","Backflip"]},{"damage_healed":0,"gold_gain":0,"player_choice":"Inject Mutagens","damage_taken":0,"relics_obtained":["MutagenicStrength"],"max_hp_gain":0,"max_hp_loss":0,"event_name":"Drug Dealer","floor":19,"gold_loss":0},{"damage_healed":0,"gold_gain":0,"player_choice":"Simplicity","damage_taken":0,"max_hp_gain":0,"max_hp_loss":0,"event_name":"Back to Basics","floor":21,"gold_loss":0,"cards_upgraded":["Strike_G","Strike_G","Strike_G","Strike_G","Strike_G","Defend_G","Defend_G","Defend_G","Defend_G","Defend_G"]},{"damage_healed":0,"gold_gain":0,"player_choice":"Opened","damage_taken":0,"relics_obtained":["PreservedInsect"],"max_hp_gain":0,"max_hp_loss":0,"event_name":"The Mausoleum","floor":22,"gold_loss":0,"cards_obtained":["Writhe"]},{"damage_healed":0,"gold_gain":0,"player_choice":"Memory 1","damage_taken":0,"max_hp_gain":0,"max_hp_loss":0,"event_name":"SensoryStone","floor":36,"gold_loss":0},{"damage_healed":0,"gold_gain":0,"player_choice":"Max HP","damage_taken":0,"max_hp_gain":0,"max_hp_loss":4,"event_name":"Winding Halls","floor":37,"gold_loss":0},{"damage_healed":0,"gold_gain":0,"player_choice":"Ignored","damage_taken":0,"max_hp_gain":0,"max_hp_loss":0,"event_name":"Tomb of Lord Red Mask","floor":38,"gold_loss":0}],"is_beta":false,"boss_relics":[{"not_picked":["Philosopher\u0027s Stone","Snecko Eye"],"picked":"WristBlade"},{"not_picked":["Lizard Tail","Astrolabe"],"picked":"Calling Bell"}],"items_purged_floors":[30,45],"is_endless":false,"potions_floor_spawned":[6,10,12,16,20,28,39,48],"ascension_level":0}