{"gold_per_floor":[119,119,133,4,4,4,33,33,33,33,54,73,73,92,92,212,212,231,231,244,65,79,123,123,147,221,221,221,346,261,284,284,403,403,417,170,186,186,204,204],"floor_reached":40,"playtime":2852,"items_purged":["Strike_R","Pain"],"score":598,"play_id":"b683130a-15aa-46de-a348-37ae4b61a6a7","local_time":"20190828225808","is_ascension_mode":true,"campfire_choices":[{"data":"Shrug It Off","floor":6.0,"key":"SMITH"},{"floor":13.0,"key":"REST"},{"data":"Flame Barrier","floor":15.0,"key":"SMITH"},{"floor":24.0,"key":"REST"},{"data":"Metamorphosis","floor":28.0,"key":"SMITH"},{"floor":32.0,"key":"REST"}],"neow_cost":"PERCENT_DAMAGE","seed_source_timestamp":0,"circlet_count":0,"master_deck":["Strike_R","Strike_R","Strike_R","Defend_R","Defend_R","Defend_R","Defend_R","Bash","Feed+1","Rampage","Shrug It Off+1","Injury","Uppercut","Impervious","Flame Barrier+1","Exhume","Ghostly Armor","Juggernaut","Metamorphosis+1","Anger","Cleave","Spot Weakness+1","Demon Form","Parasite","Decay","Heavy Blade","Panache"],"special_seed":0,"relics":["Burning Blood","StoneCalendar","Golden Idol","Shuriken","Philosopher\u0027s Stone","Singing Bowl","Bottled Lightning","MutagenicStrength","Turnip","Paper Frog","Unceasing Top","Calling Bell","Red Skull","Mercury Hourglass","Magic Flower","Bronze Scales"],"potions_floor_usage":[],"damage_taken":[{"damage":9.0,"enemies":"2 Louse","floor":1.0,"turns":3.0},{"damage":7.0,"enemies":"Small Slimes","floor":3.0,"turns":5.0},{"damage":22.0,"enemies":"Gremlin Nob","floor":7.0,"turns":4.0},{"damage":1.0,"enemies":"Jaw Worm","floor":11.0,"turns":2.0},{"damage":10.0,"enemies":"Lots of Slimes","floor":12.0,"turns":6.0},{"damage":3.0,"enemies":"Blue Slaver","floor":14.0,"turns":5.0},{"damage":35.0,"enemies":"The Guardian","floor":16.0,"turns":12.0},{"damage":17.0,"enemies":"3 Byrds","floor":18.0,"turns":4.0},{"damage":17.0,"enemies":"Shell Parasite","floor":20.0,"turns":7.0},{"damage":16.0,"enemies":"Cultist and Chosen","floor":22.0,"turns":7.0},{"damage":45.0,"enemies":"Slavers","floor":23.0,"turns":7.0},{"damage":8.0,"enemies":"Snake Plant","floor":25.0,"turns":4.0},{"damage":33.0,"enemies":"Colosseum Slavers","floor":29.0,"turns":6.0},{"damage":15.0,"enemies":"Colosseum Nobs","floor":29.0,"turns":4.0},{"damage":12.0,"enemies":"Centurion and Healer","floor":31.0,"turns":5.0},{"damage":45.0,"enemies":"Champ","floor":33.0,"turns":8.0},{"damage":40.0,"enemies":"Orb Walker","floor":35.0,"turns":4.0},{"damage":19.0,"enemies":"3 Shapes","floor":37.0,"turns":6.0},{"damage":41.0,"enemies":"Spire Growth","floor":39.0,"turns":4.0},{"damage":48,"enemies":"Nemesis","floor":40,"turns":2}],"seed_played":"7335804028030852255","potions_obtained":[{"floor":1.0,"key":"Swift Potion"},{"floor":11.0,"key":"Ancient Potion"},{"floor":14.0,"key":"EssenceOfSteel"},{"floor":18.0,"key":"SkillPotion"},{"floor":22.0,"key":"SteroidPotion"},{"floor":29.0,"key":"Explosive Potion"},{"floor":31.0,"key":"Fire Potion"},{"floor":33.0,"key":"EssenceOfSteel"}],"is_trial":false,"path_per_floor":["M","?","M","$","?","R","E","?","T","$","M","M","R","M","R","B",null,"M","?","M","$","M","E","R","M","T","?","R","?","?","M","R","B",null,"M","$","M","?","M","E"],"character_chosen":"IRONCLAD","items_purchased":["Shrug It Off","Metamorphosis","Bronze Scales"],"campfire_rested":3,"item_purchase_floors":[4,21,36],"current_hp_per_floor":[51,51,54,54,47,47,31,31,31,31,40,40,68,75,75,46,86,79,79,68,68,62,23,55,59,59,59,59,31,31,29,66,27,101,72,72,62,62,32,0],"gold":204,"neow_bonus":"THREE_RARE_CARDS","is_prod":false,"is_daily":false,"chose_seed":false,"campfire_upgraded":3,"win_rate":0,"timestamp":1567058288,"path_taken":["M","?","M","$","?","R","E","?","T","$","M","M","R","M","R","BOSS","M","?","?","$","M","E","R","M","T","?","R","?","?","M","R","BOSS","M","$","M","?","M","E"],"build_version":"2019-07-17","purchased_purges":2,"victory":false,"max_hp_per_floor":[83,83,87,87,87,87,87,87,87,87,91,95,95,99,99,99,99,103,103,103,103,107,107,107,113,113,113,113,121,121,125,125,125,125,127,127,127,127,129,129],"card_choices":[{"not_picked":["Limit Break","Berserk"],"picked":"Feed","floor":0.0},{"not_picked":["Dropkick","Headbutt"],"picked":"Rampage","floor":1.0},{"not_picked":["Reckless Charge","Thunderclap","Sever Soul"],"picked":"SKIP","floor":3.0},{"not_picked":["Battle Trance","Anger","Corruption"],"picked":"SKIP","floor":7.0},{"not_picked":["Thunderclap","Headbutt"],"picked":"Uppercut","floor":11.0},{"not_picked":["Havoc","Cleave"],"picked":"Impervious","floor":12.0},{"not_picked":["Blood for Blood","Thunderclap"],"picked":"Flame Barrier","floor":14.0},{"not_picked":["Feed","Dark Embrace"],"picked":"Exhume","floor":16.0},{"not_picked":["Iron Wave","Warcry"],"picked":"Ghostly Armor","floor":18.0},{"not_picked":["Warcry","Metallicize","Evolve"],"picked":"SKIP","floor":20.0},{"not_picked":["Twin Strike","Thunderclap","Second Wind+1"],"picked":"SKIP","floor":22.0},{"not_picked":["Combust","Fire Breathing"],"picked":"Anger","floor":23.0},{"not_picked":["Hemokinesis","Fire Breathing+1","Uppercut"],"picked":"Singing Bowl","floor":25.0},{"not_picked":["Second Wind","Wild Strike+1"],"picked":"Cleave","floor":29.0},{"not_picked":["Searing Blow+1","Shrug It Off"],"picked":"Spot Weakness+1","floor":31.0},{"not_picked":["Feed","Fiend Fire"],"picked":"Demon Form","floor":33.0},{"not_picked":["Fire Breathing+1","True Grit+1","Twin Strike"],"picked":"Singing Bowl","floor":35.0},{"not_picked":["Carnage+1","Evolve+1"],"picked":"Heavy Blade","floor":37.0},{"not_picked":["Impatience","Dramatic Entrance"],"picked":"Panache","floor":38.0},{"not_picked":["Bloodletting+1","Hemokinesis","Warcry+1"],"picked":"Singing Bowl","floor":39.0}],"player_experience":261882,"relics_obtained":[{"floor":7.0,"key":"StoneCalendar"},{"floor":9.0,"key":"Shuriken"},{"floor":23.0,"key":"Singing Bowl"},{"floor":26.0,"key":"Bottled Lightning"},{"floor":29.0,"key":"Turnip"},{"floor":29.0,"key":"Paper Frog"},{"floor":34.0,"key":"Red Skull"},{"floor":34.0,"key":"Mercury Hourglass"},{"floor":34.0,"key":"Magic Flower"}],"event_choices":[{"damage_healed":0.0,"max_hp_gain":0.0,"max_hp_loss":0.0,"gold_gain":0.0,"event_name":"Living Wall","player_choice":"Grow","floor":2.0,"gold_loss":0.0,"damage_taken":0.0,"cards_upgraded":["Feed"]},{"cards_removed":["Strike_R"],"damage_healed":0.0,"max_hp_gain":0.0,"max_hp_loss":0.0,"gold_gain":0.0,"event_name":"Golden Wing","player_choice":"Card Removal","floor":5.0,"gold_loss":0.0,"damage_taken":7.0},{"damage_healed":0.0,"max_hp_gain":0.0,"max_hp_loss":0.0,"gold_gain":0.0,"event_name":"Golden Idol","player_choice":"Take Wound","floor":8.0,"gold_loss":0.0,"damage_taken":0.0,"relics_obtained":["Golden Idol"],"cards_obtained":["Injury"]},{"damage_healed":0.0,"max_hp_gain":0.0,"max_hp_loss":0.0,"gold_gain":0.0,"event_name":"Match and Keep!","player_choice":"1 cards matched","floor":19.0,"gold_loss":0.0,"damage_taken":0.0,"cards_obtained":["Juggernaut"]},{"damage_healed":0.0,"max_hp_gain":0.0,"max_hp_loss":0.0,"gold_gain":0.0,"event_name":"Drug Dealer","player_choice":"Inject Mutagens","floor":27.0,"gold_loss":0.0,"damage_taken":0.0,"relics_obtained":["MutagenicStrength"]},{"damage_healed":0.0,"max_hp_gain":0.0,"max_hp_loss":0.0,"gold_gain":0.0,"event_name":"Colosseum","player_choice":"Fight","floor":29.0,"gold_loss":0.0,"damage_taken":0.0},{"damage_healed":0.0,"max_hp_gain":0.0,"max_hp_loss":0.0,"gold_gain":0.0,"event_name":"Colosseum","player_choice":"Fought Nobs","floor":29.0,"gold_loss":0.0,"damage_taken":0.0},{"damage_healed":0.0,"max_hp_gain":0.0,"max_hp_loss":0.0,"gold_gain":0.0,"event_name":"Addict","player_choice":"Obtained Relic","floor":30.0,"gold_loss":85.0,"damage_taken":0.0,"relics_obtained":["Unceasing Top"]},{"damage_healed":0.0,"max_hp_gain":0.0,"max_hp_loss":0.0,"gold_gain":0.0,"event_name":"SensoryStone","player_choice":"Memory 1","floor":38.0,"gold_loss":0.0,"damage_taken":0.0}],"is_beta":false,"boss_relics":[{"not_picked":["Runic Cube","Black Star"],"picked":"Philosopher\u0027s Stone"},{"not_picked":["Tiny House","Coffee Dripper"],"picked":"Calling Bell"}],"items_purged_floors":[4,36],"is_endless":false,"potions_floor_spawned":[1,11,14,18,22,29,31,33],"killed_by":"Nemesis","ascension_level":7}