{"gold_per_floor":[118,118,129,144,155,185,201,231,231,231,231,231,18,34,34,138,138,152,169,186,201,32,32],"floor_reached":23,"playtime":1039,"items_purged":["Strike_R"],"score":205,"play_id":"9cf4aab9-2092-4f2f-8025-87b999186d85","local_time":"20190920162757","is_ascension_mode":false,"campfire_choices":[{"data":"Searing Blow","floor":10,"key":"SMITH"},{"data":"Searing Blow+1","floor":12,"key":"SMITH"},{"data":"Searing Blow+2","floor":15,"key":"SMITH"}],"neow_cost":"NONE","seed_source_timestamp":8134430047400,"circlet_count":0,"master_deck":["Strike_R","Strike_R","Strike_R","Strike_R","Defend_R","Defend_R","Defend_R","Defend_R","Bash","Intimidate","Cleave","Searing Blow+3","Pommel Strike","Spot Weakness","Shrug It Off","Double Tap","Reaper","Warcry","CurseOfTheBell","Spot Weakness","Headbutt+1","Warcry","Heavy Blade","Sword Boomerang","Battle Trance"],"relics":["Burning Blood","MealTicket","InkBottle","Strawberry","Anchor","Calling Bell","Regal Pillow","Self Forming Clay","Calipers"],"potions_floor_usage":[6,16,16,20,23,23],"damage_taken":[{"damage":5,"enemies":"Cultist","floor":1,"turns":4},{"damage":3,"enemies":"Jaw Worm","floor":3,"turns":3},{"damage":2,"enemies":"2 Louse","floor":4,"turns":2},{"damage":4,"enemies":"Gremlin Gang","floor":5,"turns":4},{"damage":14,"enemies":"Gremlin Nob","floor":6,"turns":3},{"damage":3,"enemies":"3 Louse","floor":7,"turns":4},{"damage":30,"enemies":"3 Sentries","floor":8,"turns":6},{"damage":0,"enemies":"Lots of Slimes","floor":14,"turns":2},{"damage":41,"enemies":"Hexaghost","floor":16,"turns":10},{"damage":16,"enemies":"Chosen","floor":18,"turns":6},{"damage":26,"enemies":"Spheric Guardian","floor":19,"turns":5},{"damage":10,"enemies":"Centurion and Healer","floor":20,"turns":5},{"damage":29,"enemies":"Snake Plant","floor":21,"turns":5},{"damage":76,"enemies":"Slavers","floor":23,"turns":5}],"seed_played":"-2991713883752598961","potions_obtained":[{"floor":4,"key":"Energy Potion"},{"floor":5,"key":"Dexterity Potion"},{"floor":7,"key":"Dexterity Potion"},{"floor":14,"key":"Block Potion"},{"floor":16,"key":"Fire Potion"},{"floor":18,"key":"PowerPotion"},{"floor":21,"key":"Energy Potion"}],"is_trial":false,"path_per_floor":["M","?","M","M","M","E","M","E","T","R","?","R","$","M","R","B",null,"M","M","M","M","$","E"],"character_chosen":"IRONCLAD","items_purchased":["Double Tap","Reaper","Sword Boomerang","Battle Trance"],"campfire_rested":0,"item_purchase_floors":[13,13,22,22],"current_hp_per_floor":[80,80,80,80,80,72,75,58,58,58,46,46,61,67,67,32,87,77,57,67,44,59,0],"gold":32,"neow_bonus":"RANDOM_COMMON_RELIC","is_prod":false,"is_daily":false,"chose_seed":false,"campfire_upgraded":3,"win_rate":0,"timestamp":1568993277,"path_taken":["M","?","M","M","M","E","M","E","T","R","?","R","$","M","R","BOSS","M","M","M","M","$","E"],"build_version":"2019-09-19","purchased_purges":1,"victory":false,"max_hp_per_floor":[80,80,80,80,80,80,80,87,87,87,87,87,87,87,87,87,87,87,87,87,87,87,87],"card_choices":[{"not_picked":["Wild Strike","Clash"],"picked":"Intimidate","floor":1},{"not_picked":["Iron Wave","Clothesline"],"picked":"Cleave","floor":3},{"not_picked":["Cleave","Armaments","Evolve"],"picked":"SKIP","floor":4},{"not_picked":["Berserk","Second Wind"],"picked":"Searing Blow","floor":5},{"not_picked":["Reckless Charge","Thunderclap"],"picked":"Pommel Strike","floor":6},{"not_picked":["Clash","Shrug It Off"],"picked":"Spot Weakness","floor":7},{"not_picked":["Metallicize","Headbutt"],"picked":"Shrug It Off","floor":8},{"not_picked":["Anger","Flex"],"picked":"Warcry","floor":14},{"not_picked":["Cleave","Shockwave+1"],"picked":"Spot Weakness","floor":18},{"not_picked":["Carnage","Blood for Blood"],"picked":"Headbutt+1","floor":19},{"not_picked":["Rampage","Infernal Blade"],"picked":"Warcry","floor":20},{"not_picked":["Perfected Strike","Shrug It Off"],"picked":"Heavy Blade","floor":21}],"player_experience":112921,"relics_obtained":[{"floor":6,"key":"InkBottle"},{"floor":8,"key":"Strawberry"},{"floor":17,"key":"Regal Pillow"},{"floor":17,"key":"Self Forming Clay"},{"floor":17,"key":"Calipers"}],"event_choices":[{"damage_healed":0,"gold_gain":0,"player_choice":"Ignored","damage_taken":0,"max_hp_gain":0,"max_hp_loss":0,"event_name":"Liars Game","floor":2,"gold_loss":0},{"damage_healed":0,"gold_gain":0,"player_choice":"Success","damage_taken":12,"relics_obtained":["Anchor"],"max_hp_gain":0,"max_hp_loss":0,"event_name":"Scrap Ooze","floor":11,"gold_loss":0}],"is_beta":true,"boss_relics":[{"not_picked":["Astrolabe","Runic Dome"],"picked":"Calling Bell"}],"items_purged_floors":[22],"is_endless":false,"potions_floor_spawned":[4,5,7,14,16,18,21],"killed_by":"Slavers","ascension_level":0}