{"gold_per_floor":[115,42,42,59,12,12,24,24,24,42,117,117,131,141,141,242,242,252,262,262,262,43,43,43],"floor_reached":24,"playtime":1812,"items_purged":[],"score":186,"play_id":"fa599015-2e59-4fe1-bbaf-ff7ba0f430e1","local_time":"20190902152903","is_ascension_mode":false,"campfire_choices":[{"data":"Slice","floor":6,"key":"SMITH"},{"data":"Crippling Poison","floor":8,"key":"SMITH"},{"floor":12,"key":"REST"},{"data":"Well Laid Plans","floor":15,"key":"SMITH"},{"floor":23,"key":"REST"}],"neow_cost":"TEN_PERCENT_HP_LOSS","seed_source_timestamp":71681210351200,"circlet_count":0,"master_deck":["Strike_G","Strike_G","Strike_G","Strike_G","Strike_G","Defend_G","Defend_G","Defend_G","Defend_G","Defend_G","Survivor","Neutralize","Sadistic Nature","Panacea","Riddle With Holes","Infinite Blades+1","Slice","Slice+1","Crippling Poison+1","Slice","Well Laid Plans+1","Backflip+1","Burst+1","Quick Slash+1","Skewer+1","Outmaneuver+1"],"relics":["Ring of the Snake","Letter Opener","Toxic Egg 2","Philosopher\u0027s Stone","MutagenicStrength","TheAbacus"],"potions_floor_usage":[13,16,24],"damage_taken":[{"damage":1,"enemies":"Cultist","floor":1,"turns":4},{"damage":5,"enemies":"Small Slimes","floor":4,"turns":3},{"damage":1,"enemies":"Jaw Worm","floor":7,"turns":3},{"damage":9,"enemies":"Blue Slaver","floor":10,"turns":2},{"damage":5,"enemies":"Large Slime","floor":13,"turns":5},{"damage":7,"enemies":"3 Louse","floor":14,"turns":3},{"damage":47,"enemies":"Slime Boss","floor":16,"turns":11},{"damage":28,"enemies":"2 Thieves","floor":18,"turns":4},{"damage":15,"enemies":"Shell Parasite","floor":19,"turns":5},{"damage":54,"enemies":"Gremlin Leader","floor":24,"turns":4}],"seed_played":"1034092327269981509","potions_obtained":[{"floor":1,"key":"FearPotion"},{"floor":4,"key":"LiquidBronze"},{"floor":16,"key":"FairyPotion"},{"floor":18,"key":"Explosive Potion"}],"is_trial":false,"path_per_floor":["M","$","?","M","$","R","M","R","T","M","T","R","M","M","R","B",null,"M","M","?","?","$","R","E"],"character_chosen":"THE_SILENT","items_purchased":["Infinite Blades","Slice","Outmaneuver+1","TheAbacus"],"campfire_rested":2,"item_purchase_floors":[2,5,22,22],"current_hp_per_floor":[62,62,62,57,57,57,56,56,56,47,47,63,58,51,51,4,63,35,20,20,20,20,38,0],"gold":43,"neow_bonus":"RANDOM_COLORLESS_2","is_prod":false,"is_daily":false,"chose_seed":false,"campfire_upgraded":3,"win_rate":0.0,"timestamp":1567456143,"path_taken":["M","?","?","M","?","R","M","R","T","M","?","R","M","M","R","BOSS","M","M","?","?","$","R","E"],"build_version":"2019-07-17","purchased_purges":0,"victory":false,"max_hp_per_floor":[63,63,63,63,63,63,63,63,63,63,63,63,63,63,63,63,63,63,63,63,63,63,63,63],"card_choices":[{"not_picked":["Prepared","Acrobatics"],"picked":"Riddle With Holes","floor":1},{"not_picked":["Blade Dance","Dagger Spray"],"picked":"Slice","floor":4},{"not_picked":["Deflect","Sucker Punch"],"picked":"Crippling Poison","floor":7},{"not_picked":["Sucker Punch","Caltrops"],"picked":"Slice","floor":10},{"not_picked":["Prepared+1","Endless Agony"],"picked":"Well Laid Plans","floor":13},{"not_picked":["Endless Agony","Poisoned Stab"],"picked":"Backflip+1","floor":14},{"not_picked":["Wraith Form v2","After Image"],"picked":"Burst+1","floor":16},{"not_picked":["Flying Knee","Acrobatics+1"],"picked":"Quick Slash+1","floor":18},{"not_picked":["Bane","Crippling Poison+1"],"picked":"Skewer+1","floor":19}],"player_experience":99101,"relics_obtained":[{"floor":9,"key":"Letter Opener"},{"floor":11,"key":"Toxic Egg 2"}],"event_choices":[{"damage_healed":0,"gold_gain":0,"player_choice":"Grow","damage_taken":0,"max_hp_gain":0,"max_hp_loss":0,"event_name":"Living Wall","floor":3,"gold_loss":0,"cards_upgraded":["Infinite Blades"]},{"damage_healed":0,"gold_gain":0,"player_choice":"Ignored","damage_taken":0,"max_hp_gain":0,"max_hp_loss":0,"event_name":"Vampires","floor":20,"gold_loss":0},{"damage_healed":0,"gold_gain":0,"player_choice":"Inject Mutagens","damage_taken":0,"relics_obtained":["MutagenicStrength"],"max_hp_gain":0,"max_hp_loss":0,"event_name":"Drug Dealer","floor":21,"gold_loss":0}],"is_beta":false,"boss_relics":[{"not_picked":["Cursed Key","Ectoplasm"],"picked":"Philosopher\u0027s Stone"}],"items_purged_floors":[],"is_endless":false,"potions_floor_spawned":[1,4,16,18],"killed_by":"Gremlin Leader","ascension_level":0}