{"gold_per_floor":[16,31,31,31,31,31,59,59,59,77,91,110,170,181,181,254,254,273,273,287,212,232,232,260,260,260,274,299,315,346,346,346,422,422,432,432,452,352,352,352,379,379,403,418,437,437,472,486,486,486,486,486,486,86,119,119],"floor_reached":57,"playtime":1074,"items_purged":["Glass Knife+1","Survivor+1"],"score":3544,"play_id":"1c5749c3-5a73-4eba-81c4-d8bff91015c1","local_time":"20190911170308","is_ascension_mode":true,"campfire_choices":[{"data":"Glass Knife","floor":6,"key":"SMITH"},{"data":"Deadly Poison","floor":15,"key":"SMITH"},{"data":"Grand Finale","floor":23,"key":"SMITH"},{"data":"Adrenaline","floor":32,"key":"SMITH"},{"floor":40,"key":"RECALL"},{"data":"1","floor":42,"key":"LIFT"},{"data":"2","floor":46,"key":"LIFT"},{"data":"3","floor":49,"key":"LIFT"},{"floor":53,"key":"REST"}],"neow_cost":"NO_GOLD","seed_source_timestamp":855777533804900,"circlet_count":0,"master_deck":["AscendersBane","Backflip+1","Grand Finale+1","Footwork+1","Adrenaline+1","Backflip+1","Night Terror+1"],"relics":["Ring of the Snake","MealTicket","PreservedInsect","Singing Bowl","Happy Flower","Pandora\u0027s Box","Pen Nib","Girya","Bottled Lightning","SlaversCollar","Mark of the Bloom","Bag of Marbles","Whetstone","Bag of Preparation","Incense Burner","Oddly Smooth Stone"],"potions_floor_usage":[7,56,56],"damage_taken":[{"damage":2,"enemies":"2 Louse","floor":1,"turns":4},{"damage":0,"enemies":"Jaw Worm","floor":2,"turns":5},{"damage":35,"enemies":"Gremlin Nob","floor":7,"turns":4},{"damage":0,"enemies":"Cultist","floor":10,"turns":3},{"damage":0,"enemies":"3 Louse","floor":11,"turns":3},{"damage":0,"enemies":"Looter","floor":12,"turns":3},{"damage":0,"enemies":"Gremlin Nob","floor":13,"turns":2},{"damage":18,"enemies":"Exordium Wildlife","floor":14,"turns":6},{"damage":23,"enemies":"Hexaghost","floor":16,"turns":11},{"damage":0,"enemies":"3 Byrds","floor":18,"turns":1},{"damage":0,"enemies":"Spheric Guardian","floor":20,"turns":1},{"damage":0,"enemies":"Shelled Parasite and Fungi","floor":22,"turns":1},{"damage":0,"enemies":"Slavers","floor":24,"turns":1},{"damage":0,"enemies":"Cultist and Chosen","floor":27,"turns":1},{"damage":0,"enemies":"Book of Stabbing","floor":28,"turns":1},{"damage":0,"enemies":"Centurion and Healer","floor":29,"turns":1},{"damage":0,"enemies":"Gremlin Leader","floor":30,"turns":1},{"damage":0,"enemies":"Collector","floor":33,"turns":1},{"damage":0,"enemies":"3 Shapes","floor":35,"turns":1},{"damage":0,"enemies":"Orb Walker","floor":37,"turns":1},{"damage":0,"enemies":"Nemesis","floor":41,"turns":1},{"damage":0,"enemies":"Writhing Mass","floor":44,"turns":1},{"damage":0,"enemies":"Transient","floor":45,"turns":2},{"damage":0,"enemies":"Reptomancer","floor":47,"turns":1},{"damage":0,"enemies":"3 Darklings","floor":48,"turns":1},{"damage":0,"enemies":"Donu and Deca","floor":50,"turns":1},{"damage":0,"enemies":"Time Eater","floor":51,"turns":2},{"damage":0,"enemies":"Shield and Spear","floor":55,"turns":1},{"damage":32,"enemies":"The Heart","floor":56,"turns":4}],"seed_played":"-4463114092521104587","potions_obtained":[{"floor":1,"key":"DuplicationPotion"},{"floor":11,"key":"FairyPotion"},{"floor":16,"key":"Poison Potion"},{"floor":20,"key":"SteroidPotion"},{"floor":41,"key":"Ancient Potion"}],"is_trial":false,"path_per_floor":["M","M","?","$","?","R","E","$","T","M","M","M","?","M","R","B",null,"M","?","M","$","M","R","E","?","T","M","E","M","E","?","R","B",null,"M","?","M","$","?","R","E","R","T","M","M","R","E","M","R","B","B",null,"R","$","E","B",null],"character_chosen":"THE_SILENT","items_purchased":["Incense Burner","Ancient Potion"],"campfire_rested":1,"item_purchase_floors":[54,54],"current_hp_per_floor":[57,57,57,57,52,52,17,32,32,32,34,34,36,18,18,17,57,59,39,41,56,58,58,60,60,60,62,64,66,66,66,66,66,83,85,85,85,85,85,85,85,85,85,85,85,85,85,85,85,85,85,85,85,85,85,53],"gold":119,"neow_bonus":"REMOVE_TWO","is_prod":false,"is_daily":false,"chose_seed":false,"campfire_upgraded":4,"win_rate":0,"timestamp":1568192588,"path_taken":["M","M","?","$","?","R","E","?","T","M","?","M","?","M","R","BOSS","M","?","M","$","M","R","E","?","T","M","E","M","E","?","R","BOSS","M","?","M","$","?","R","E","R","T","M","M","R","E","M","R","BOSS","BOSS","R","$","E","BOSS"],"build_version":"2019-09-10","purchased_purges":2,"victory":true,"max_hp_per_floor":[66,66,66,66,66,66,66,66,66,66,68,68,70,70,70,70,70,72,77,79,79,81,81,83,83,83,85,87,89,89,89,89,89,89,91,91,93,93,93,93,95,95,95,97,99,99,101,103,103,103,103,103,103,103,105,105],"card_choices":[{"not_picked":["Choke","Dodge and Roll"],"picked":"Deadly Poison","floor":1},{"not_picked":["Slice","Concentrate","Bane"],"picked":"SKIP","floor":2},{"not_picked":["Concentrate","Setup","Flying Knee"],"picked":"SKIP","floor":7},{"not_picked":["Well Laid Plans","Slice"],"picked":"Backflip","floor":10},{"not_picked":["Caltrops","Quick Slash","Acrobatics"],"picked":"Singing Bowl","floor":11},{"not_picked":["Cloak And Dagger","Dagger Spray"],"picked":"Grand Finale","floor":12},{"not_picked":["Poisoned Stab","PiercingWail","Blur"],"picked":"Singing Bowl","floor":13},{"not_picked":["Blade Dance","Bane"],"picked":"Footwork","floor":14},{"not_picked":["Tools of the Trade","Wraith Form v2"],"picked":"Adrenaline","floor":16},{"not_picked":["Dagger Throw","Bane","Deadly Poison"],"picked":"Singing Bowl","floor":18},{"not_picked":["Sucker Punch+1","PiercingWail","Bane"],"picked":"Singing Bowl","floor":20},{"not_picked":["Bane","Wraith Form v2","Endless Agony"],"picked":"Singing Bowl","floor":22},{"not_picked":["Underhanded Strike","Poisoned Stab","Sucker Punch"],"picked":"Singing Bowl","floor":24},{"not_picked":["Dagger Throw","Dagger Spray","Endless Agony+1"],"picked":"Singing Bowl","floor":27},{"not_picked":["Reflex+1","Noxious Fumes+1","Poisoned Stab"],"picked":"Singing Bowl","floor":28},{"not_picked":["Dagger Spray","Underhanded Strike+1","Expertise"],"picked":"Singing Bowl","floor":29},{"not_picked":["Heel Hook","Envenom"],"picked":"Backflip","floor":30},{"not_picked":["Glass Knife","Venomology"],"picked":"Night Terror","floor":33},{"not_picked":["Backflip","Endless Agony","Infinite Blades"],"picked":"Singing Bowl","floor":35},{"not_picked":["Heel Hook+1","Quick Slash+1","PiercingWail"],"picked":"Singing Bowl","floor":37},{"not_picked":["Dodge and Roll","Flying Knee","Footwork"],"picked":"Singing Bowl","floor":41},{"not_picked":["Leg Sweep","Flying Knee","Finisher"],"picked":"Singing Bowl","floor":44},{"not_picked":["Prepared+1","Cloak And Dagger","Caltrops+1"],"picked":"Singing Bowl","floor":45},{"not_picked":["Flying Knee","PiercingWail","Unload"],"picked":"Singing Bowl","floor":47},{"not_picked":["Backflip","Footwork","Quick Slash+1"],"picked":"Singing Bowl","floor":48},{"not_picked":["Bane","Catalyst","Dagger Throw"],"picked":"Singing Bowl","floor":55}],"player_experience":945961,"relics_obtained":[{"floor":7,"key":"PreservedInsect"},{"floor":9,"key":"Singing Bowl"},{"floor":13,"key":"Happy Flower"},{"floor":24,"key":"Pen Nib"},{"floor":28,"key":"Girya"},{"floor":30,"key":"Bottled Lightning"},{"floor":41,"key":"Bag of Marbles"},{"floor":43,"key":"Whetstone"},{"floor":47,"key":"Bag of Preparation"},{"floor":55,"key":"Oddly Smooth Stone"}],"event_choices":[{"damage_healed":0,"gold_gain":0,"cards_transformed":["Strike_G"],"player_choice":"Change","damage_taken":0,"max_hp_gain":0,"max_hp_loss":0,"event_name":"Living Wall","floor":3,"gold_loss":0,"cards_obtained":["Glass Knife"]},{"damage_healed":0,"gold_gain":0,"player_choice":"Success","damage_taken":5,"relics_obtained":["MealTicket"],"max_hp_gain":0,"max_hp_loss":0,"event_name":"Scrap Ooze","floor":5,"gold_loss":0},{"damage_healed":0,"gold_gain":0,"player_choice":"Searched \u00271\u0027 times","damage_taken":0,"max_hp_gain":0,"max_hp_loss":0,"event_name":"Dead Adventurer","floor":13,"gold_loss":0},{"damage_healed":0,"gold_gain":0,"player_choice":"Shed Blood","damage_taken":25,"max_hp_gain":5,"max_hp_loss":0,"event_name":"Forgotten Altar","floor":19,"gold_loss":0},{"cards_removed":["Deadly Poison"],"damage_healed":0,"gold_gain":0,"player_choice":"Elegance","damage_taken":0,"max_hp_gain":0,"max_hp_loss":0,"event_name":"Back to Basics","floor":25,"gold_loss":0},{"damage_healed":0,"gold_gain":0,"player_choice":"Ignored","damage_taken":0,"max_hp_gain":0,"max_hp_loss":0,"event_name":"The Mausoleum","floor":31,"gold_loss":0},{"damage_healed":0,"gold_gain":0,"player_choice":"Upgrade","damage_taken":0,"relics_obtained":["Mark of the Bloom"],"max_hp_gain":0,"max_hp_loss":0,"event_name":"MindBloom","floor":36,"gold_loss":0,"cards_upgraded":["Survivor","Neutralize","Backflip","Footwork","Backflip","Night Terror"]},{"cards_removed":["Neutralize"],"damage_healed":0,"gold_gain":0,"player_choice":"Removed Attack","damage_taken":0,"max_hp_gain":0,"max_hp_loss":0,"event_name":"Falling","floor":39,"gold_loss":0}],"is_beta":true,"boss_relics":[{"not_picked":["Black Star","Coffee Dripper"],"picked":"Pandora\u0027s Box"},{"not_picked":["Busted Crown","Snecko Eye"],"picked":"SlaversCollar"}],"items_purged_floors":[21,38],"is_endless":false,"potions_floor_spawned":[1,11,16,20,27,29,41,44],"ascension_level":20}