{"gold_per_floor":[116,41,51,67,67,67,97,97,169,180,205,130,143,159,159,254,254,271,287,303,203,303,303,105,105,129,129,140,140,140,157,157,254,254,268,42,93,108,121,121,121,137,137,137,186,206,206,217,217,217],"floor_reached":50,"playtime":3585,"items_purged":["Strike_R","Strike_R","Strike_R","Corruption"],"score":454,"play_id":"8ff949b7-8d90-4d6a-89a0-627cd70281ba","local_time":"20180925120831","is_ascension_mode":false,"campfire_choices":[{"data":"Bash","floor":6,"key":"SMITH"},{"data":"Cleave","floor":8,"key":"SMITH"},{"floor":15,"key":"REST"},{"data":"Double Tap","floor":23,"key":"SMITH"},{"floor":25,"key":"REST"},{"data":"Limit Break","floor":27,"key":"SMITH"},{"floor":32,"key":"REST"},{"floor":40,"key":"REST"},{"floor":44,"key":"REST"},{"floor":47,"key":"REST"},{"floor":49,"key":"REST"}],"neow_cost":"NONE","seed_source_timestamp":787680409413442,"circlet_count":0,"master_deck":["Defend_R","Defend_R","Bash+1","Limit Break+1","Pommel Strike","Reaper","Headbutt","Twin Strike","Cleave+1","Clothesline+1","Flex","Anger+1","Sword Boomerang+1","Double Tap+1","Rampage+1","Ghostly Armor+1","Pommel Strike+1","Carnage+1","Disarm","Wild Strike+1","Demon Form","Heavy Blade+1","Double Tap+1","Heavy Blade+1","Impervious","Wild Strike+1","Carnage+1","Clash+1","Warcry"],"relics":["Burning Blood","Boot","Molten Egg 2","Pantograph","Astrolabe","PreservedInsect","Velvet Choker","Unceasing Top","Bag of Marbles","Dream Catcher"],"potions_floor_usage":[16,16,31,31,33,39],"damage_taken":[{"damage":4,"enemies":"2 Louse","floor":1,"turns":3},{"damage":10,"enemies":"Small Slimes","floor":3,"turns":3},{"damage":11,"enemies":"Jaw Worm","floor":4,"turns":2},{"damage":27,"enemies":"Gremlin Nob","floor":7,"turns":4},{"damage":8,"enemies":"Lots of Slimes","floor":10,"turns":3},{"damage":35,"enemies":"Lagavulin","floor":11,"turns":6},{"damage":10,"enemies":"Red Slaver","floor":13,"turns":4},{"damage":0,"enemies":"Gremlin Gang","floor":14,"turns":3},{"damage":77,"enemies":"The Guardian","floor":16,"turns":8},{"damage":15,"enemies":"3 Byrds","floor":18,"turns":4},{"damage":27,"enemies":"2 Thieves","floor":19,"turns":3},{"damage":33,"enemies":"Cultist and Chosen","floor":20,"turns":6},{"damage":14,"enemies":"Centurion and Healer","floor":28,"turns":6},{"damage":46,"enemies":"3 Cultists","floor":31,"turns":5},{"damage":46,"enemies":"Collector","floor":33,"turns":7},{"damage":24,"enemies":"3 Shapes","floor":35,"turns":4},{"damage":14,"enemies":"Mysterious Sphere","floor":37,"turns":4},{"damage":7,"enemies":"Orb Walker","floor":38,"turns":3},{"damage":52,"enemies":"Maw","floor":39,"turns":8},{"damage":30,"enemies":"Reptomancer","floor":42,"turns":6},{"damage":34,"enemies":"3 Darklings","floor":46,"turns":4},{"damage":13,"enemies":"Maw","floor":48,"turns":6},{"damage":81,"enemies":"Time Eater","floor":50,"turns":5}],"seed_played":"-7503180431283185896","potions_obtained":[{"floor":1,"key":"FearPotion"},{"floor":3,"key":"Strength Potion"},{"floor":7,"key":"Energy Potion"},{"floor":16,"key":"Energy Potion"},{"floor":18,"key":"Regen Potion"},{"floor":38,"key":"PowerPotion"},{"floor":46,"key":"Dexterity Potion"}],"is_trial":false,"path_per_floor":["M","$","M","M","?","R","E","R","T","M","E","$","M","M","R","B",null,"M","M","M","$","?","R","$","R","T","R","M","?","$","M","R","B",null,"M","$","?","M","M","R","?","M","T","R","T","M","R","M","R"],"character_chosen":"IRONCLAD","items_purchased":["Reaper","Demon Form","Carnage+1"],"campfire_rested":7,"item_purchase_floors":[2,24,36],"current_hp_per_floor":[80,80,76,71,71,71,56,56,56,62,33,33,29,35,59,15,80,80,59,40,40,40,40,40,64,64,64,56,56,56,39,63,61,80,62,62,66,65,31,55,55,31,31,55,55,52,76,69,80,0],"gold":217,"neow_bonus":"ONE_RANDOM_RARE_CARD","is_prod":false,"is_daily":false,"chose_seed":false,"campfire_upgraded":4,"win_rate":0.0,"timestamp":1537891711,"path_taken":["M","$","M","M","?","R","E","R","T","?","E","$","M","M","R","BOSS","M","M","M","$","?","R","$","R","T","R","M","?","$","M","R","BOSS","M","$","?","?","M","R","?","M","T","R","?","?","R","M","R","BOSS"],"build_version":"2018-09-20","purchased_purges":4,"victory":false,"max_hp_per_floor":[80,80,80,80,80,80,80,80,80,80,80,80,80,80,80,80,80,80,80,80,80,80,80,80,80,80,80,80,80,80,80,80,80,80,80,80,80,80,80,80,80,80,80,80,80,80,80,80,80,80],"card_choices":[{"not_picked":["Battle Trance","Body Slam"],"picked":"Pommel Strike","floor":1},{"not_picked":["Body Slam","Blood for Blood"],"picked":"Headbutt","floor":3},{"not_picked":["Rupture","Flex"],"picked":"Twin Strike","floor":4},{"not_picked":["Flex","Dropkick"],"picked":"Cleave","floor":7},{"not_picked":["Flex","Burning Pact"],"picked":"Clothesline+1","floor":10},{"not_picked":["Dropkick+1","Feel No Pain"],"picked":"Flex","floor":11},{"not_picked":["Cleave+1","True Grit"],"picked":"Anger+1","floor":13},{"not_picked":["Searing Blow+1","Bloodletting"],"picked":"Sword Boomerang+1","floor":14},{"not_picked":["Fiend Fire+1","Limit Break"],"picked":"Double Tap","floor":16},{"not_picked":["Sever Soul+1","Armaments"],"picked":"Carnage+1","floor":18},{"not_picked":["Twin Strike+1","Iron Wave+1"],"picked":"Disarm","floor":19},{"not_picked":["Clothesline+1","Armaments"],"picked":"Wild Strike+1","floor":20},{"not_picked":["Clash+1","Spot Weakness"],"picked":"Heavy Blade+1","floor":28},{"not_picked":["Armaments","Pommel Strike+1"],"picked":"Heavy Blade+1","floor":31},{"not_picked":["Berserk","Offering"],"picked":"Impervious","floor":33},{"not_picked":["Cleave+1","Metallicize"],"picked":"Wild Strike+1","floor":35},{"not_picked":["Uppercut+1","Cleave+1","Ghostly Armor"],"picked":"SKIP","floor":38},{"not_picked":["Dropkick+1","Disarm","Reckless Charge+1"],"picked":"SKIP","floor":39},{"not_picked":["Wild Strike+1","Dual Wield","Perfected Strike+1"],"picked":"SKIP","floor":42},{"not_picked":["Cleave+1","Sword Boomerang+1"],"picked":"Clash+1","floor":46},{"not_picked":["Clothesline+1","Searing Blow+1"],"picked":"Warcry","floor":47},{"not_picked":["Twin Strike+1","Sword Boomerang+1","Burning Pact+1"],"picked":"SKIP","floor":48}],"player_experience":25267,"relics_obtained":[{"floor":7,"key":"Boot"},{"floor":9,"key":"Molten Egg 2"},{"floor":11,"key":"Pantograph"},{"floor":26,"key":"PreservedInsect"},{"floor":37,"key":"Unceasing Top"},{"floor":43,"key":"Bag of Marbles"},{"floor":45,"key":"Dream Catcher"}],"event_choices":[{"event_name":"Living Wall","player_choice":"Forget","floor":5,"damage_taken":0},{"event_name":"Golden Shrine","player_choice":"Pray","floor":22,"damage_taken":0},{"event_name":"Match and Keep!","player_choice":"2 cards matched","floor":29,"damage_taken":0},{"event_name":"Mysterious Sphere","player_choice":"Fight","floor":37,"damage_taken":0},{"event_name":"Upgrade Shrine","player_choice":"Upgraded","floor":41,"damage_taken":0}],"is_beta":false,"boss_relics":[{"not_picked":["Black Star","Runic Pyramid"],"picked":"Astrolabe"},{"not_picked":["Black Blood","White Beast Statue"],"picked":"Velvet Choker"}],"items_purged_floors":[12,21,24,36],"is_endless":false,"potions_floor_spawned":[1,3,7,10,14,16,18,20,38,46],"killed_by":"Time Eater","ascension_level":0}