{"gold_per_floor":[109,109,122,139,214,247,422,422,422,33,33,45,57,57,57,157,157,171,183,183],"floor_reached":20,"playtime":1221,"items_purged":[],"score":174,"play_id":"31a239ff-8017-4ce0-a5f4-d3a324978637","local_time":"20190916164903","is_ascension_mode":false,"campfire_choices":[{"data":"Doubt","floor":11.0,"key":"PURGE"},{"floor":15,"key":"DIG"}],"neow_cost":"NONE","seed_source_timestamp":0,"circlet_count":0,"master_deck":["Strike_B","Strike_B","Strike_B","Strike_B","Defend_B","Defend_B","Defend_B","Defend_B","Zap","Dualcast","Amplify","Capacitor","Go for the Eyes","Defragment","Conserve Battery+1","Cold Snap","Creative AI","Coolheaded+1","Amplify+1","Glacier+1","Leap+1"],"special_seed":0,"relics":["Cracked Core","Peace Pipe","Shovel","Strawberry","Lee\u0027s Waffle","Pen Nib","War Paint","Toxic Egg 2","Inserter"],"potions_floor_usage":[],"damage_taken":[{"damage":2.0,"enemies":"Cultist","floor":1.0,"turns":5.0},{"damage":0.0,"enemies":"Small Slimes","floor":3.0,"turns":3.0},{"damage":5.0,"enemies":"2 Louse","floor":4.0,"turns":3.0},{"damage":40.0,"enemies":"Gremlin Nob","floor":6.0,"turns":5.0},{"damage":13.0,"enemies":"2 Fungi Beasts","floor":12.0,"turns":4.0},{"damage":30.0,"enemies":"3 Louse","floor":13.0,"turns":5.0},{"damage":13,"enemies":"Hexaghost","floor":16,"turns":14},{"damage":19,"enemies":"Spheric Guardian","floor":18,"turns":7},{"damage":76,"enemies":"3 Byrds","floor":19,"turns":7},{"damage":11,"enemies":"Cultist and Chosen","floor":20,"turns":4}],"seed_played":"8171744880293282438","potions_obtained":[{"floor":1.0,"key":"Energy Potion"},{"floor":4.0,"key":"FairyPotion"},{"floor":6.0,"key":"Weak Potion"},{"floor":18,"key":"SkillPotion"}],"is_trial":false,"path_per_floor":["M","T","M","M","?","E","?","?","T","$","R","M","M","?","R","B",null,"M","M","M"],"character_chosen":"DEFECT","items_purchased":["Lee\u0027s Waffle","Pen Nib","Cold Snap"],"campfire_rested":0,"item_purchase_floors":[10,10,10],"current_hp_per_floor":[73,73,73,68,57,17,17,42,49,89,89,76,46,43,43,30,89,70,8,0],"gold":183,"neow_bonus":"ONE_RANDOM_RARE_CARD","is_prod":false,"is_daily":false,"chose_seed":false,"campfire_upgraded":0,"win_rate":0.0,"timestamp":1568666943,"path_taken":["M","?","M","M","?","E","?","?","T","$","R","M","M","?","R","BOSS","M","M","M"],"build_version":"2019-07-17","purchased_purges":0,"victory":false,"max_hp_per_floor":[75,75,75,75,75,75,75,75,82,89,89,89,89,89,89,89,89,89,89,89],"card_choices":[{"not_picked":["Static Discharge","Conserve Battery"],"picked":"Capacitor","floor":1.0},{"not_picked":["Beam Cell","Self Repair"],"picked":"Go for the Eyes","floor":3.0},{"not_picked":["Consume","Force Field"],"picked":"Defragment","floor":4.0},{"not_picked":["Gash","Darkness"],"picked":"Conserve Battery","floor":6.0},{"not_picked":["Beam Cell","Consume"],"picked":"Creative AI","floor":12.0},{"not_picked":["Conserve Battery","Ball Lightning"],"picked":"Coolheaded","floor":13.0},{"not_picked":["Reboot+1","Electrodynamics"],"picked":"Amplify+1","floor":16},{"not_picked":["Aggregate+1","Steam+1"],"picked":"Glacier+1","floor":18},{"not_picked":["Steam+1","Sweeping Beam"],"picked":"Leap+1","floor":19}],"player_experience":33259,"relics_obtained":[{"floor":2.0,"key":"Peace Pipe"},{"floor":6.0,"key":"Shovel"},{"floor":9.0,"key":"Strawberry"},{"floor":15,"key":"Toxic Egg 2"}],"event_choices":[{"damage_healed":0.0,"max_hp_gain":0.0,"max_hp_loss":0.0,"gold_gain":75.0,"event_name":"World of Goop","player_choice":"Gather Gold","floor":5.0,"gold_loss":0.0,"damage_taken":11.0},{"damage_healed":0.0,"max_hp_gain":0.0,"max_hp_loss":0.0,"gold_gain":175.0,"event_name":"Liars Game","player_choice":"AGREE","floor":7.0,"gold_loss":0.0,"damage_taken":0.0,"cards_obtained":["Doubt"]},{"damage_healed":25.0,"max_hp_gain":0.0,"max_hp_loss":0.0,"gold_gain":0.0,"event_name":"Big Fish","player_choice":"Banana","floor":8.0,"gold_loss":0.0,"damage_taken":0.0},{"damage_healed":0.0,"max_hp_gain":0.0,"max_hp_loss":0.0,"gold_gain":0.0,"event_name":"Scrap Ooze","player_choice":"Success","floor":14.0,"gold_loss":0.0,"damage_taken":3.0,"relics_obtained":["War Paint"]}],"is_beta":false,"boss_relics":[{"not_picked":["Philosopher\u0027s Stone","FrozenCore"],"picked":"Inserter"}],"items_purged_floors":[],"is_endless":false,"potions_floor_spawned":[1,4,6,16,18],"killed_by":"Cultist and Chosen","ascension_level":0}