{"gold_per_floor":[115,125,142,161,161,196,196,196,196,196,253,273,300,316,316,419,419,419,329,254,254,254,254,254,254,254,254,254,254,254,154,154,154,154,154,154,154,154,154,154,154,154,154,154,29,29,0,0,0,0],"floor_reached":50,"playtime":5339,"items_purged":["Strike_G","Defend_G+1","Writhe"],"score":585,"play_id":"0d12360d-b7a0-4c40-9fae-0c56fad904c8","local_time":"20181002184831","is_ascension_mode":true,"campfire_choices":[{"floor":7,"key":"REST"},{"data":"Leg Sweep","floor":10,"key":"SMITH"},{"data":"Cloak And Dagger","floor":15,"key":"SMITH"},{"data":"Cloak And Dagger","floor":23,"key":"SMITH"},{"data":"Neutralize","floor":25,"key":"SMITH"},{"data":"Bouncing Flask","floor":30,"key":"SMITH"},{"data":"Terror","floor":32,"key":"SMITH"},{"data":"A Thousand Cuts","floor":40,"key":"SMITH"},{"data":"Madness","floor":42,"key":"SMITH"},{"floor":49,"key":"REST"}],"neow_cost":"NONE","seed_source_timestamp":0,"circlet_count":0,"master_deck":["Defend_G+1","Defend_G+1","Defend_G+1","Strike_G+1","Strike_G+1","Strike_G+1","Survivor","Neutralize+1","Endless Agony","Leg Sweep+1","Footwork+1","Dagger Throw","Terror+1","Tactician","Cloak And Dagger+1","Dash","Cloak And Dagger+1","Bouncing Flask+1","PiercingWail","After Image","Leg Sweep+1","After Image","Well Laid Plans","Infinite Blades","Dodge and Roll+1","A Thousand Cuts+1","Noxious Fumes+1","Madness","Madness+1","Footwork+1","Crippling Poison+1","Prepared+1","Purity"],"special_seed":0,"relics":["Ring of the Snake","Dream Catcher","Question Card","Dodecahedron","Anchor","Ectoplasm","Omamori","Shuriken","Calling Bell","Orichalcum","Kunai","Nunchaku","Blood Vial","Frozen Egg 2","Red Mask"],"potions_floor_usage":[6,11,13,16,38,48,50,50],"damage_taken":[{"damage":2,"enemies":"Small Slimes","floor":1,"turns":4},{"damage":0,"enemies":"Cultist","floor":2,"turns":4},{"damage":0,"enemies":"2 Louse","floor":3,"turns":3},{"damage":2,"enemies":"Large Slime","floor":4,"turns":9},{"damage":32,"enemies":"3 Sentries","floor":6,"turns":12},{"damage":8,"enemies":"3 Sentries","floor":11,"turns":11},{"damage":0,"enemies":"3 Louse","floor":12,"turns":4},{"damage":1,"enemies":"Gremlin Nob","floor":13,"turns":5},{"damage":0,"enemies":"Blue Slaver","floor":14,"turns":2},{"damage":2,"enemies":"The Guardian","floor":16,"turns":11},{"damage":2,"enemies":"Shell Parasite","floor":18,"turns":7},{"damage":0,"enemies":"Chosen","floor":22,"turns":5},{"damage":6,"enemies":"3 Cultists","floor":24,"turns":8},{"damage":0,"enemies":"Shelled Parasite and Fungi","floor":29,"turns":5},{"damage":0,"enemies":"Champ","floor":33,"turns":10},{"damage":6,"enemies":"3 Shapes","floor":35,"turns":5},{"damage":1,"enemies":"Orb Walker","floor":37,"turns":5},{"damage":3,"enemies":"4 Shapes","floor":38,"turns":8},{"damage":5,"enemies":"Transient","floor":39,"turns":5},{"damage":0,"enemies":"Giant Head","floor":41,"turns":8},{"damage":18,"enemies":"Maw","floor":44,"turns":8},{"damage":13,"enemies":"Spire Growth","floor":48,"turns":6},{"damage":42,"enemies":"Awakened One","floor":50,"turns":3}],"seed_played":"9020372991365631280","potions_obtained":[{"floor":1,"key":"Ancient Potion"},{"floor":4,"key":"SpeedPotion"},{"floor":6,"key":"Fire Potion"},{"floor":8,"key":"Fire Potion"},{"floor":11,"key":"Block Potion"},{"floor":14,"key":"GhostInAJar"},{"floor":22,"key":"Weak Potion"},{"floor":35,"key":"LiquidBronze"},{"floor":38,"key":"LiquidBronze"}],"is_trial":false,"path_per_floor":["M","M","M","M","?","E","R","?","T","R","?","M","E","M","R","B",null,"M","?","$","?","M","R","M","R","T","?","T","M","R","$","R","B",null,"M","?","M","M","M","R","E","R","T","M","$","?","?","M","R"],"character_chosen":"THE_SILENT","items_purchased":[],"campfire_rested":2,"item_purchase_floors":[],"current_hp_per_floor":[68,68,68,66,66,34,55,55,55,55,47,47,46,46,46,44,70,68,68,68,68,68,68,62,62,62,62,62,62,62,62,62,62,70,64,55,54,51,46,46,46,46,46,30,30,30,30,19,40,0],"gold":0,"neow_bonus":"TRANSFORM_CARD","is_prod":false,"is_daily":false,"chose_seed":false,"campfire_upgraded":8,"win_rate":0,"timestamp":1538520511,"path_taken":["M","M","M","M","?","E","R","?","T","R","?","M","E","M","R","BOSS","M","?","$","?","M","R","M","R","T","?","?","M","R","$","R","BOSS","M","?","M","M","?","R","E","R","T","M","$","?","?","M","R","BOSS"],"build_version":"2018-09-27","purchased_purges":3,"victory":false,"max_hp_per_floor":[70,70,70,70,70,70,70,70,70,70,70,70,70,70,70,70,70,70,70,70,70,70,70,70,70,70,70,70,70,70,70,70,70,70,70,70,70,70,70,70,70,70,70,70,70,70,70,70,70,70],"card_choices":[{"not_picked":["Endless Agony","PiercingWail"],"picked":"Leg Sweep","floor":1},{"not_picked":["Skewer","Leg Sweep"],"picked":"Footwork","floor":2},{"not_picked":["Expertise","Acrobatics"],"picked":"Dagger Throw","floor":3},{"not_picked":["PiercingWail","Skewer"],"picked":"Terror","floor":4},{"not_picked":["Prepared","Accuracy"],"picked":"Tactician","floor":6},{"not_picked":["Poisoned Stab","Sucker Punch"],"picked":"Cloak And Dagger","floor":7},{"not_picked":["Acrobatics","Deflect","Reflex"],"picked":"Dash","floor":11},{"not_picked":["Escape Plan","Bane","Catalyst"],"picked":"Cloak And Dagger","floor":12},{"not_picked":["Catalyst","Blade Dance","Deadly Poison"],"picked":"Bouncing Flask","floor":13},{"not_picked":["Venomology","Outmaneuver","Deflect"],"picked":"PiercingWail","floor":14},{"not_picked":["Adrenaline","Doppelganger","Unload"],"picked":"After Image","floor":16},{"not_picked":["Expertise","Prepared+1","Escape Plan"],"picked":"Leg Sweep+1","floor":18},{"not_picked":["Quick Slash+1","Blade Dance","Deflect+1"],"picked":"Well Laid Plans","floor":22},{"not_picked":["Caltrops","Slice","Terror"],"picked":"Infinite Blades","floor":24},{"not_picked":["PiercingWail+1","Terror","Slice"],"picked":"Dodge and Roll+1","floor":29},{"not_picked":["Venomology","Corpse Explosion","Glass Knife"],"picked":"A Thousand Cuts","floor":33},{"not_picked":["Masterful Stab","Expertise","Dodge and Roll+1"],"picked":"Noxious Fumes+1","floor":35},{"not_picked":["Flying Knee+1","Expertise+1","Backflip+1"],"picked":"Footwork+1","floor":37},{"not_picked":["Dodge and Roll","Backflip","Dagger Spray"],"picked":"Crippling Poison+1","floor":38},{"not_picked":["Poisoned Stab+1","Finisher+1","Riddle With Holes+1"],"picked":"Prepared+1","floor":39},{"not_picked":["All Out Attack","Cloak And Dagger+1","Caltrops","Choke"],"picked":"SKIP","floor":41},{"not_picked":["Dagger Throw","Deadly Poison+1","Tactician+1","Wraith Form v2+1"],"picked":"SKIP","floor":44},{"not_picked":["Mind Blast","Flash of Steel","Forethought"],"picked":"Purity","floor":46},{"not_picked":["Sucker Punch+1","Terror+1","Flying Knee","PiercingWail+1"],"picked":"SKIP","floor":48}],"player_experience":76752,"relics_obtained":[{"floor":6,"key":"Dream Catcher"},{"floor":9,"key":"Question Card"},{"floor":11,"key":"Dodecahedron"},{"floor":13,"key":"Anchor"},{"floor":26,"key":"Omamori"},{"floor":28,"key":"Shuriken"},{"floor":34,"key":"Orichalcum"},{"floor":34,"key":"Kunai"},{"floor":34,"key":"Nunchaku"},{"floor":41,"key":"Blood Vial"},{"floor":43,"key":"Frozen Egg 2"}],"event_choices":[{"event_name":"Accursed Blacksmith","player_choice":"Forge","floor":5,"damage_taken":0},{"event_name":"The Lab","player_choice":"Got Potions","floor":8,"damage_taken":0},{"event_name":"Dead Adventurer","player_choice":"Searched \u00271\u0027 times","floor":11,"damage_taken":0},{"event_name":"Designer","player_choice":"Full Service","floor":19,"damage_taken":0},{"event_name":"Duplicator","player_choice":"One dupe","floor":21,"damage_taken":0},{"event_name":"Back to Basics","player_choice":"Simplicity","floor":27,"damage_taken":0},{"event_name":"Winding Halls","player_choice":"Embrace Madness","floor":36,"damage_taken":0},{"event_name":"SensoryStone","player_choice":"Memory 1","floor":46,"damage_taken":0},{"event_name":"Tomb of Lord Red Mask","player_choice":"Paid","floor":47,"damage_taken":0}],"is_beta":false,"boss_relics":[{"not_picked":["HoveringKite","Ring of the Serpent"],"picked":"Ectoplasm"},{"not_picked":["White Beast Statue","Black Star"],"picked":"Calling Bell"}],"items_purged_floors":[20,31,45],"is_endless":false,"potions_floor_spawned":[1,4,6,11,14,22,24,29,35,38,44],"killed_by":"Awakened One","ascension_level":1}