{"gold_per_floor":[110,129,149,166,181,214,214,242,310,310,340,352,352,387,387,489,489,489,429,429,429,354,354,354,354,354,354,354,354,354,73,73,73,73,73,73,73,73,73,73,73,73,73,73,73,73,73,2,2,2,2,2,2,2,2],"floor_reached":55,"playtime":5216,"items_purged":["Zap"],"score":746,"play_id":"4d239cca-f9f3-42c2-b328-90cec0c62be1","local_time":"20190828171430","is_ascension_mode":false,"campfire_choices":[{"floor":7,"key":"REST"},{"floor":10,"key":"REST"},{"floor":15,"key":"REST"},{"data":"Creative AI","floor":23,"key":"SMITH"},{"data":"Defragment","floor":28,"key":"SMITH"},{"floor":30,"key":"RECALL"},{"data":"Tempest","floor":32,"key":"SMITH"},{"floor":40,"key":"REST"},{"floor":44,"key":"REST"},{"data":"Reinforced Body","floor":49,"key":"SMITH"},{"data":"Reinforced Body","floor":52,"key":"SMITH"}],"neow_cost":"NONE","seed_source_timestamp":199654146403109,"circlet_count":0,"master_deck":["Defend_B","Defend_B","Defend_B","Dualcast","Finesse","Cold Snap+1","Ball Lightning","Ball Lightning+1","Echo Form","Melter+1","Conserve Battery","Reinforced Body+1","Conserve Battery","Redo","Tempest+1","Creative AI+1","Chill","Bite+1","Bite+1","Bite+1","Bite+1","Bite+1","Go for the Eyes+1","Defragment+1","Seek","White Noise+1","Scrape+1","Writhe","Reinforced Body+1","Reprogram","Capacitor+1"],"relics":["Cracked Core","Molten Egg 2","Bottled Tornado","Question Card","Du-Vu Doll","Strawberry","Ectoplasm","Whetstone","Lee\u0027s Waffle","Cursed Key","Happy Flower","Letter Opener"],"potions_floor_usage":[6,8,16,24,29,37,41,46,46],"damage_taken":[{"damage":1,"enemies":"Jaw Worm","floor":1,"turns":3},{"damage":5,"enemies":"2 Louse","floor":2,"turns":2},{"damage":1,"enemies":"Small Slimes","floor":3,"turns":3},{"damage":0,"enemies":"Blue Slaver","floor":4,"turns":3},{"damage":14,"enemies":"Exordium Wildlife","floor":5,"turns":4},{"damage":19,"enemies":"3 Sentries","floor":6,"turns":5},{"damage":9,"enemies":"Gremlin Nob","floor":8,"turns":4},{"damage":13,"enemies":"3 Sentries","floor":11,"turns":7},{"damage":1,"enemies":"Looter","floor":12,"turns":3},{"damage":2,"enemies":"Lagavulin","floor":14,"turns":6},{"damage":0,"enemies":"Slime Boss","floor":16,"turns":5},{"damage":0,"enemies":"Spheric Guardian","floor":18,"turns":3},{"damage":31,"enemies":"2 Thieves","floor":19,"turns":4},{"damage":12,"enemies":"Centurion and Healer","floor":24,"turns":6},{"damage":29,"enemies":"Shelled Parasite and Fungi","floor":25,"turns":6},{"damage":21,"enemies":"Snake Plant","floor":27,"turns":7},{"damage":36,"enemies":"Slavers","floor":29,"turns":9},{"damage":28,"enemies":"Champ","floor":33,"turns":8},{"damage":12,"enemies":"Orb Walker","floor":35,"turns":3},{"damage":18,"enemies":"3 Shapes","floor":36,"turns":9},{"damage":27,"enemies":"Jaw Worm Horde","floor":37,"turns":3},{"damage":21,"enemies":"3 Darklings","floor":41,"turns":5},{"damage":22,"enemies":"Spire Growth","floor":42,"turns":5},{"damage":11,"enemies":"Transient","floor":46,"turns":5},{"damage":0,"enemies":"Maw","floor":47,"turns":7},{"damage":102,"enemies":"Awakened One","floor":50,"turns":16},{"damage":69,"enemies":"Shield and Spear","floor":54,"turns":6},{"damage":65,"enemies":"The Heart","floor":55,"turns":2}],"seed_played":"7213089663496380802","potions_obtained":[{"floor":4,"key":"PowerPotion"},{"floor":6,"key":"Block Potion"},{"floor":8,"key":"Fire Potion"},{"floor":12,"key":"Strength Potion"},{"floor":18,"key":"Block Potion"},{"floor":25,"key":"FocusPotion"},{"floor":29,"key":"Poison Potion"},{"floor":35,"key":"SkillPotion"},{"floor":36,"key":"Block Potion"},{"floor":37,"key":"Weak Potion"}],"is_trial":false,"path_per_floor":["M","M","M","M","M","E","R","E","T","R","E","M","?","E","R","B",null,"M","M","?","?","?","R","M","M","T","M","R","E","R","$","R","B",null,"M","M","M","?","?","R","M","M","T","R","?","M","M","$","R","B",null,"R","$","E","B"],"character_chosen":"DEFECT","items_purchased":["Lee\u0027s Waffle","Reprogram"],"campfire_rested":5,"item_purchase_floors":[31,48],"current_hp_per_floor":[74,69,68,68,54,35,57,48,48,70,57,56,41,46,70,70,82,82,51,51,42,42,42,45,46,46,62,62,50,50,69,69,56,69,58,55,31,31,31,51,45,35,35,55,55,62,69,69,69,12,69,69,69,12,0],"gold":2,"neow_bonus":"RANDOM_COLORLESS","is_prod":false,"is_daily":false,"chose_seed":false,"campfire_upgraded":5,"win_rate":0,"timestamp":1567008870,"path_taken":["M","M","M","M","M","E","R","E","T","R","E","M","?","E","R","BOSS","M","M","?","?","?","R","M","M","T","M","R","E","R","?","R","BOSS","M","M","M","?","?","R","M","M","T","R","?","?","?","?","R","BOSS","R","$","E","BOSS"],"build_version":"2019-07-17","purchased_purges":1,"victory":false,"max_hp_per_floor":[75,75,75,75,75,75,75,75,75,75,75,75,75,82,82,82,82,82,82,57,62,62,62,62,62,62,62,62,62,62,69,69,69,69,69,69,69,69,69,69,69,69,69,69,69,69,69,69,69,69,69,69,69,69,69],"card_choices":[{"not_picked":["Rebound","Compile Driver"],"picked":"Cold Snap","floor":1},{"not_picked":["Go for the Eyes","Sweeping Beam"],"picked":"Ball Lightning","floor":2},{"not_picked":["Compile Driver","Cold Snap"],"picked":"Ball Lightning","floor":3},{"not_picked":["Leap","Sweeping Beam"],"picked":"Echo Form","floor":4},{"not_picked":["Streamline","Coolheaded"],"picked":"Melter","floor":5},{"not_picked":["All For One","Steam Power"],"picked":"Conserve Battery","floor":6},{"not_picked":["Tempest","Rebound+1"],"picked":"Reinforced Body","floor":8},{"not_picked":["Storm","Beam Cell+1","Barrage+1"],"picked":"Conserve Battery","floor":11},{"not_picked":["Go for the Eyes+1","Conserve Battery","Cold Snap+1"],"picked":"Redo","floor":12},{"not_picked":["Conserve Battery","Static Discharge","Force Field"],"picked":"Tempest","floor":14},{"not_picked":["All For One+1","Thunder Strike+1","Amplify"],"picked":"Creative AI","floor":16},{"not_picked":["Conserve Battery","Hologram","Lockon+1"],"picked":"Chill","floor":18},{"not_picked":["Cold Snap+1","Go for the Eyes+1","Sweeping Beam+1","Ball Lightning+1"],"picked":"SKIP","floor":19},{"not_picked":["Stack","Barrage+1","Redo"],"picked":"Go for the Eyes+1","floor":24},{"not_picked":["Creative AI","Steam Power","Melter+1"],"picked":"Defragment","floor":25},{"not_picked":["Hologram","Coolheaded","Cold Snap+1","Melter+1"],"picked":"SKIP","floor":27},{"not_picked":["Steam+1","Rebound+1","Beam Cell+1","Chill"],"picked":"SKIP","floor":29},{"not_picked":["Thunder Strike+1","Electrodynamics","Multi-Cast"],"picked":"Seek","floor":33},{"not_picked":["Lockon+1","Gash+1","Stack+1"],"picked":"White Noise+1","floor":35},{"not_picked":["Stack+1","Leap","Melter+1","Beam Cell+1"],"picked":"SKIP","floor":36},{"not_picked":["Gash+1","Beam Cell+1","Compile Driver+1","Melter+1"],"picked":"SKIP","floor":37},{"not_picked":["Barrage+1","Rip and Tear+1","Redo","Genetic Algorithm+1"],"picked":"SKIP","floor":41},{"not_picked":["Conserve Battery","Sweeping Beam+1","Gash+1"],"picked":"Scrape+1","floor":42},{"not_picked":["Sweeping Beam+1","Beam Cell+1","Undo","Genetic Algorithm"],"picked":"SKIP","floor":46},{"not_picked":["Fusion","Heatsinks","Beam Cell+1","Rainbow"],"picked":"SKIP","floor":47},{"not_picked":["Compile Driver+1","Aggregate+1","Self Repair"],"picked":"Capacitor+1","floor":54}],"player_experience":56201,"relics_obtained":[{"floor":6,"key":"Molten Egg 2"},{"floor":8,"key":"Bottled Tornado"},{"floor":9,"key":"Question Card"},{"floor":11,"key":"Du-Vu Doll"},{"floor":14,"key":"Strawberry"},{"floor":29,"key":"Whetstone"},{"floor":43,"key":"Happy Flower"},{"floor":54,"key":"Letter Opener"}],"event_choices":[{"damage_healed":0,"gold_gain":0,"player_choice":"Entered Light","damage_taken":15,"max_hp_gain":0,"max_hp_loss":0,"event_name":"Shining Light","floor":13,"gold_loss":0,"cards_upgraded":["Strike_B","Cold Snap"]},{"damage_healed":0,"gold_gain":0,"player_choice":"Became a vampire","damage_taken":0,"max_hp_gain":0,"max_hp_loss":25,"event_name":"Vampires","floor":20,"gold_loss":0,"cards_obtained":["Bite","Bite","Bite","Bite","Bite"]},{"damage_healed":0,"gold_gain":0,"player_choice":"Shed Blood","damage_taken":14,"max_hp_gain":5,"max_hp_loss":0,"event_name":"Forgotten Altar","floor":21,"gold_loss":0},{"cards_removed":["Defend_B"],"damage_healed":0,"gold_gain":0,"player_choice":"Gave Gold","damage_taken":0,"max_hp_gain":0,"max_hp_loss":0,"event_name":"Beggar","floor":22,"gold_loss":75},{"damage_healed":0,"gold_gain":0,"player_choice":"Ignored","damage_taken":0,"max_hp_gain":0,"max_hp_loss":0,"event_name":"Mysterious Sphere","floor":38,"gold_loss":0},{"damage_healed":0,"gold_gain":0,"player_choice":"Ignored","damage_taken":0,"max_hp_gain":0,"max_hp_loss":0,"event_name":"The Moai Head","floor":39,"gold_loss":0},{"damage_healed":0,"gold_gain":0,"player_choice":"Copied","damage_taken":0,"max_hp_gain":0,"max_hp_loss":0,"event_name":"Duplicator","floor":45,"gold_loss":0,"cards_obtained":["Reinforced Body"]}],"is_beta":false,"boss_relics":[{"not_picked":["Snecko Eye","Black Star"],"picked":"Ectoplasm"},{"not_picked":["Lizard Tail","Philosopher\u0027s Stone"],"picked":"Cursed Key"}],"items_purged_floors":[31],"is_endless":false,"potions_floor_spawned":[4,6,8,12,18,25,29,35,36,37],"killed_by":"The Heart","ascension_level":0}