{"gold_per_floor":[110,110,125,136,154,179,179,197,197,197,225,225,260,279,279,383,433,446,157,157,177,194,207,219,57,57,74,107,107,120,140,140,140],"floor_reached":33,"playtime":9583,"items_purged":[],"score":343,"play_id":"aa055374-f80a-48cb-9d03-b3e0359735d6","local_time":"20190816192326","is_ascension_mode":false,"campfire_choices":[{"floor":7,"key":"REST"},{"data":"Finisher","floor":10,"key":"SMITH"},{"data":"Blade Dance","floor":15,"key":"SMITH"},{"floor":29,"key":"REST"},{"floor":32,"key":"REST"}],"neow_cost":"NONE","seed_source_timestamp":27849432666436,"circlet_count":0,"master_deck":["Strike_G+1","Strike_G+1","Strike_G+1","Strike_G+1","Strike_G+1","Defend_G+1","Defend_G+1","Defend_G+1","Defend_G+1","Defend_G+1","Survivor","Neutralize","Endless Agony","Slice","Slice","Finisher+1","Crippling Poison","Blade Dance+1","Die Die Die","Terror","Slice","A Thousand Cuts","Blade Dance","Blade Dance","Thinking Ahead","Acrobatics","Infinite Blades","Finisher","Slice","Dodge and Roll+1","Good Instincts","Underhanded Strike","Well Laid Plans","Prepared","Noxious Fumes"],"relics":["Ring of the Snake","NlothsMask","Vajra","Question Card","Torii","Tiny House","Membership Card","Bottled Flame","Darkstone Periapt","WingedGreaves"],"potions_floor_usage":[5,6,16,16,28,28,28,30],"damage_taken":[{"damage":2,"enemies":"Cultist","floor":1,"turns":5},{"damage":0,"enemies":"Jaw Worm","floor":3,"turns":5},{"damage":2,"enemies":"2 Louse","floor":4,"turns":2},{"damage":12,"enemies":"Exordium Thugs","floor":5,"turns":6},{"damage":11,"enemies":"Lagavulin","floor":6,"turns":5},{"damage":3,"enemies":"Red Slaver","floor":8,"turns":2},{"damage":10,"enemies":"Gremlin Nob","floor":11,"turns":3},{"damage":9,"enemies":"3 Sentries","floor":13,"turns":4},{"damage":0,"enemies":"Lots of Slimes","floor":14,"turns":1},{"damage":43,"enemies":"The Guardian","floor":16,"turns":10},{"damage":3,"enemies":"Chosen","floor":18,"turns":5},{"damage":13,"enemies":"Shell Parasite","floor":21,"turns":3},{"damage":3,"enemies":"Snake Plant","floor":22,"turns":4},{"damage":1,"enemies":"Snecko","floor":23,"turns":5},{"damage":13,"enemies":"Cultist and Chosen","floor":24,"turns":7},{"damage":3,"enemies":"Chosen and Byrds","floor":27,"turns":4},{"damage":41,"enemies":"Slavers","floor":28,"turns":5},{"damage":2,"enemies":"3 Cultists","floor":30,"turns":5},{"damage":21,"enemies":"Snake Plant","floor":31,"turns":3},{"damage":36,"enemies":"Collector","floor":33,"turns":5}],"seed_played":"-6563157069325883753","potions_obtained":[{"floor":0,"key":"EssenceOfSteel"},{"floor":0,"key":"AttackPotion"},{"floor":0,"key":"Poison Potion"},{"floor":5,"key":"AttackPotion"},{"floor":8,"key":"Swift Potion"},{"floor":16,"key":"EssenceOfSteel"},{"floor":17,"key":"Dexterity Potion"},{"floor":23,"key":"Fire Potion"},{"floor":24,"key":"Regen Potion"},{"floor":28,"key":"Block Potion"}],"is_trial":false,"path_per_floor":["M","?","M","M","M","E","R","M","T","R","E","?","E","M","R","B",null,"M","$","?","M","M","M","M","$","T","M","E","R","M","M","R","B"],"character_chosen":"THE_SILENT","items_purchased":["Membership Card","Thinking Ahead","Acrobatics","Bottled Flame","Good Instincts"],"campfire_rested":3,"item_purchase_floors":[19,19,19,25,25],"current_hp_per_floor":[68,68,68,66,54,43,64,61,61,61,51,70,61,61,61,18,75,72,72,72,59,56,55,42,42,42,39,12,34,32,11,33,0],"gold":140,"neow_bonus":"THREE_SMALL_POTIONS","is_prod":false,"is_daily":false,"chose_seed":false,"campfire_upgraded":2,"win_rate":0.0,"timestamp":1565979806,"path_taken":["M","?","?","M","M","E","R","M","T","R","E","?","E","M","R","BOSS","M","$","?","M","M","M","M","?","T","?","E","R","M","M","R","BOSS"],"build_version":"2019-07-17","purchased_purges":0,"victory":false,"max_hp_per_floor":[70,70,70,70,70,70,70,70,70,70,70,70,70,70,70,70,75,75,75,75,75,75,75,75,75,75,75,75,75,75,75,75,75],"card_choices":[{"not_picked":["Noxious Fumes","Eviscerate"],"picked":"Endless Agony","floor":1},{"not_picked":["Choke","Tactician"],"picked":"Slice","floor":3},{"not_picked":["Outmaneuver","Dagger Spray"],"picked":"Slice","floor":4},{"not_picked":["Backflip","Masterful Stab"],"picked":"Finisher","floor":5},{"not_picked":["Deadly Poison","Poisoned Stab"],"picked":"Crippling Poison","floor":6},{"not_picked":["Dagger Throw","Backstab"],"picked":"Blade Dance","floor":8},{"not_picked":["Dash","Skewer"],"picked":"Die Die Die","floor":11},{"not_picked":["Poisoned Stab","Calculated Gamble","Bouncing Flask"],"picked":"Terror","floor":13},{"not_picked":["Distraction","Tactician","Quick Slash"],"picked":"Slice","floor":14},{"not_picked":["Die Die Die","Bullet Time","After Image"],"picked":"A Thousand Cuts","floor":16},{"not_picked":["Deflect","Quick Slash","Dodge and Roll"],"picked":"Blade Dance","floor":17},{"not_picked":["Deflect","Outmaneuver","Dagger Throw"],"picked":"Blade Dance","floor":18},{"not_picked":["PiercingWail","Masterful Stab","Acrobatics"],"picked":"Infinite Blades","floor":21},{"not_picked":["Bullet Time","Slice+1","Dagger Spray"],"picked":"Finisher","floor":22},{"not_picked":["Prepared","Blur+1","Deflect"],"picked":"Slice","floor":23},{"not_picked":["Acrobatics","Outmaneuver+1","Dagger Spray"],"picked":"Dodge and Roll+1","floor":24},{"not_picked":["Dagger Spray","Tactician","Glass Knife"],"picked":"Underhanded Strike","floor":27},{"not_picked":["Deadly Poison+1","All Out Attack+1","Tools of the Trade"],"picked":"Well Laid Plans","floor":28},{"not_picked":["Acrobatics+1","Deadly Poison+1","PiercingWail"],"picked":"Prepared","floor":30},{"not_picked":["Backflip","Sucker Punch","Flying Knee"],"picked":"Noxious Fumes","floor":31}],"player_experience":12539,"relics_obtained":[{"floor":6,"key":"Vajra"},{"floor":11,"key":"Question Card"},{"floor":13,"key":"Torii"},{"floor":26,"key":"Darkstone Periapt"},{"floor":28,"key":"WingedGreaves"}],"event_choices":[{"damage_healed":0,"gold_gain":0,"player_choice":"Trade","damage_taken":0,"relics_obtained":["NlothsMask"],"max_hp_gain":0,"max_hp_loss":0,"event_name":"FaceTrader","floor":2,"gold_loss":0},{"damage_healed":23,"gold_gain":0,"player_choice":"Banana","damage_taken":0,"max_hp_gain":0,"max_hp_loss":0,"event_name":"Big Fish","floor":12,"gold_loss":0},{"damage_healed":0,"gold_gain":0,"player_choice":"Simplicity","damage_taken":0,"max_hp_gain":0,"max_hp_loss":0,"event_name":"Back to Basics","floor":20,"gold_loss":0,"cards_upgraded":["Strike_G","Strike_G","Strike_G","Strike_G","Strike_G","Defend_G","Defend_G","Defend_G","Defend_G"]}],"is_beta":false,"boss_relics":[{"not_picked":["Orrery","Empty Cage"],"picked":"Tiny House"}],"items_purged_floors":[],"is_endless":false,"potions_floor_spawned":[4,5,8,14,16,23,24,27,28],"killed_by":"Collector","ascension_level":0}