{"gold_per_floor":[110,110,285,285,295,320,320,340,340,340,340,369,384,384,384,483,483,498,511,87,101,47,47,81,2,80,0,0,0,16,16,16,121,121,135,235,262,262,262,262,288,288,288,317,72,72,82,102,102,102],"floor_reached":50,"playtime":2204,"items_purged":["Strike_R","Strike_R"],"score":834,"play_id":"2ff312d5-1c93-4ec9-8e13-dea28bba4b08","local_time":"20190919190340","is_ascension_mode":true,"campfire_choices":[{"floor":7.0,"key":"REST"},{"data":"Armaments","floor":10.0,"key":"SMITH"},{"floor":15.0,"key":"REST"},{"floor":23.0,"key":"REST"},{"floor":28.0,"key":"REST"},{"floor":32.0,"key":"REST"},{"floor":40.0,"key":"REST"},{"floor":42.0,"key":"REST"},{"floor":46.0,"key":"REST"},{"floor":49.0,"key":"REST"}],"neow_cost":"NONE","seed_source_timestamp":0,"circlet_count":0,"master_deck":["AscendersBane","Strike_R","Defend_R","Defend_R","Defend_R+1","Defend_R+1","Bash","Dark Embrace","Inflame+1","Whirlwind","Armaments+1","Iron Wave","Flame Barrier","Twin Strike","Immolate","Sword Boomerang","Anger","Heavy Blade","Inflame","Shame","Bludgeon","Warcry","Spot Weakness+1","Entrench+1","Sword Boomerang+1","Armaments","Sentinel","Parasite","Rage+1"],"special_seed":0,"relics":["Burning Blood","Gambling Chip","Shuriken","Regal Pillow","Fusion Hammer","Turnip","Pear","Paper Frog","Matryoshka","Charon\u0027s Ashes","Black Star","WingedGreaves","Vajra","Ancient Tea Set","Question Card","Bottled Flame","Oddly Smooth Stone","Art of War","Bag of Preparation","Smiling Mask","Potion Belt"],"potions_floor_usage":[50],"damage_taken":[{"damage":13.0,"enemies":"Small Slimes","floor":1.0,"turns":4.0},{"damage":2.0,"enemies":"Jaw Worm","floor":5.0,"turns":3.0},{"damage":51.0,"enemies":"Gremlin Nob","floor":6.0,"turns":6.0},{"damage":2.0,"enemies":"2 Louse","floor":8.0,"turns":2.0},{"damage":16.0,"enemies":"Lagavulin","floor":12.0,"turns":8.0},{"damage":8.0,"enemies":"Exordium Thugs","floor":13.0,"turns":6.0},{"damage":34.0,"enemies":"Hexaghost","floor":16.0,"turns":10.0},{"damage":18.0,"enemies":"2 Thieves","floor":18.0,"turns":4.0},{"damage":0.0,"enemies":"Chosen","floor":19.0,"turns":4.0},{"damage":11.0,"enemies":"Sentry and Sphere","floor":21.0,"turns":3.0},{"damage":51.0,"enemies":"Book of Stabbing","floor":24.0,"turns":6.0},{"damage":19.0,"enemies":"Snake Plant","floor":30.0,"turns":4.0},{"damage":39.0,"enemies":"Champ","floor":33.0,"turns":9.0},{"damage":18.0,"enemies":"3 Darklings","floor":35.0,"turns":5.0},{"damage":16.0,"enemies":"Mind Bloom Boss Battle","floor":36.0,"turns":8.0},{"damage":24.0,"enemies":"Reptomancer","floor":41.0,"turns":5.0},{"damage":81.0,"enemies":"Nemesis","floor":44.0,"turns":7.0},{"damage":3.0,"enemies":"3 Shapes","floor":47.0,"turns":2.0},{"damage":6.0,"enemies":"Writhing Mass","floor":48.0,"turns":5.0},{"damage":98,"enemies":"Awakened One","floor":50,"turns":5}],"seed_played":"970188999962656447","potions_obtained":[{"floor":1.0,"key":"Weak Potion"},{"floor":6.0,"key":"GamblersBrew"},{"floor":16.0,"key":"Block Potion"},{"floor":18.0,"key":"Dexterity Potion"},{"floor":24.0,"key":"Ancient Potion"},{"floor":36.0,"key":"Dexterity Potion"},{"floor":47.0,"key":"GamblersBrew"}],"is_trial":false,"path_per_floor":["M","?","?","?","M","E","R","M","T","R","?","E","M","?","R","B",null,"M","M","$","M","$","R","E","$","T","?","R","T","M","?","R","B",null,"M","?","T","?","?","R","E","R","T","E","$","R","M","M","R","B"],"character_chosen":"IRONCLAD","items_purchased":["Turnip","Anger","Heavy Blade","Inflame","Armaments","Potion Belt"],"campfire_rested":9,"item_purchase_floors":[20,20,22,25,45,45],"current_hp_per_floor":[65,58,58,58,62,17,41,45,45,45,29,19,17,17,56,28,67,55,61,61,56,56,80,45,45,45,45,87,87,74,74,90,57,82,70,60,60,60,60,90,72,90,90,15,15,57,60,60,90,0],"gold":102,"neow_bonus":"ONE_RANDOM_RARE_CARD","is_prod":false,"is_daily":false,"chose_seed":false,"campfire_upgraded":1,"win_rate":0,"timestamp":1568945020,"path_taken":["M","?","?","?","?","E","R","M","T","R","?","E","M","?","R","BOSS","M","?","$","?","$","R","E","$","T","?","R","?","M","?","R","BOSS","M","?","?","?","?","R","E","R","T","E","$","R","M","?","R","BOSS"],"build_version":"2019-07-17","purchased_purges":2,"victory":false,"max_hp_per_floor":[80,80,80,80,80,80,80,80,80,80,80,80,80,80,80,80,80,80,80,80,80,80,80,90,90,90,90,90,90,90,90,90,90,90,90,90,90,90,90,90,90,90,90,90,90,90,90,90,90,90],"card_choices":[{"not_picked":["Clash","Metallicize"],"picked":"Inflame","floor":1.0},{"not_picked":["Havoc","Thunderclap"],"picked":"Whirlwind","floor":5.0},{"not_picked":["Havoc","Rage"],"picked":"Armaments","floor":6.0},{"not_picked":["Bloodletting","Burning Pact"],"picked":"Iron Wave","floor":8.0},{"not_picked":["Dark Embrace","Power Through"],"picked":"Flame Barrier","floor":12.0},{"not_picked":["Thunderclap","Headbutt"],"picked":"Twin Strike","floor":13.0},{"not_picked":["Brutality","Fiend Fire"],"picked":"Immolate","floor":16.0},{"not_picked":["Flex","Searing Blow+1","Warcry"],"picked":"SKIP","floor":18.0},{"not_picked":["Feel No Pain","Perfected Strike"],"picked":"Sword Boomerang","floor":19.0},{"not_picked":["Wild Strike","Sever Soul","Fiend Fire"],"picked":"SKIP","floor":21.0},{"not_picked":["Whirlwind","Clothesline","Twin Strike"],"picked":"SKIP","floor":24.0},{"not_picked":["Sentinel+1","Flex","Clash"],"picked":"SKIP","floor":30.0},{"not_picked":["Offering","Double Tap"],"picked":"Bludgeon","floor":33.0},{"not_picked":["Blood for Blood","Perfected Strike"],"picked":"Warcry","floor":35.0},{"not_picked":["Armaments","Perfected Strike+1"],"picked":"Spot Weakness+1","floor":36.0},{"not_picked":["Seeing Red","Rage+1"],"picked":"Entrench+1","floor":41.0},{"not_picked":["Evolve","Berserk","Twin Strike"],"picked":"Sword Boomerang+1","floor":44.0},{"not_picked":["Pommel Strike","Thunderclap","Pummel+1"],"picked":"Sentinel","floor":47.0},{"not_picked":["Twin Strike","Clash","Dual Wield+1"],"picked":"Rage+1","floor":48.0}],"player_experience":330223,"relics_obtained":[{"floor":6.0,"key":"Gambling Chip"},{"floor":9.0,"key":"Shuriken"},{"floor":12.0,"key":"Regal Pillow"},{"floor":24.0,"key":"Pear"},{"floor":26.0,"key":"Paper Frog"},{"floor":29.0,"key":"Matryoshka"},{"floor":36.0,"key":"WingedGreaves"},{"floor":37.0,"key":"Vajra"},{"floor":37.0,"key":"Ancient Tea Set"},{"floor":41.0,"key":"Question Card"},{"floor":41.0,"key":"Bottled Flame"},{"floor":43.0,"key":"Oddly Smooth Stone"},{"floor":43.0,"key":"Art of War"},{"floor":44.0,"key":"Bag of Preparation"},{"floor":44.0,"key":"Smiling Mask"}],"event_choices":[{"cards_removed":["Strike_R"],"damage_healed":0.0,"max_hp_gain":0.0,"max_hp_loss":0.0,"gold_gain":0.0,"event_name":"Golden Wing","player_choice":"Card Removal","floor":2.0,"gold_loss":0.0,"damage_taken":7.0},{"damage_healed":0.0,"max_hp_gain":0.0,"max_hp_loss":0.0,"gold_gain":175.0,"event_name":"Liars Game","player_choice":"AGREE","floor":3.0,"gold_loss":0.0,"damage_taken":0.0,"cards_obtained":["Doubt"]},{"cards_removed":["Doubt"],"damage_healed":0.0,"max_hp_gain":0.0,"max_hp_loss":0.0,"gold_gain":0.0,"event_name":"Purifier","player_choice":"Purged","floor":4.0,"gold_loss":0.0,"damage_taken":0.0},{"damage_healed":0.0,"max_hp_gain":0.0,"max_hp_loss":0.0,"gold_gain":0.0,"event_name":"Shining Light","player_choice":"Entered Light","floor":11.0,"gold_loss":0.0,"damage_taken":16.0,"cards_upgraded":["Defend_R","Defend_R"]},{"damage_healed":0.0,"max_hp_gain":0.0,"max_hp_loss":0.0,"gold_gain":0.0,"event_name":"Accursed Blacksmith","player_choice":"Forge","floor":14.0,"gold_loss":0.0,"damage_taken":0.0,"cards_upgraded":["Inflame"]},{"damage_healed":0.0,"max_hp_gain":0.0,"max_hp_loss":0.0,"gold_gain":0.0,"event_name":"Masked Bandits","player_choice":"Paid Fearfully","floor":27.0,"gold_loss":80.0,"damage_taken":0.0},{"damage_healed":0.0,"max_hp_gain":0.0,"max_hp_loss":0.0,"gold_gain":0.0,"event_name":"Addict","player_choice":"Stole Relic","floor":31.0,"gold_loss":0.0,"damage_taken":0.0,"relics_obtained":["Charon\u0027s Ashes"],"cards_obtained":["Shame"]},{"damage_healed":0.0,"max_hp_gain":0.0,"max_hp_loss":0.0,"gold_gain":0.0,"event_name":"MindBloom","player_choice":"Fight","floor":36.0,"gold_loss":0.0,"damage_taken":0.0},{"damage_healed":0.0,"max_hp_gain":0.0,"max_hp_loss":0.0,"gold_gain":0.0,"event_name":"Mysterious Sphere","player_choice":"Ignored","floor":38.0,"gold_loss":0.0,"damage_taken":0.0},{"cards_removed":["Strike_R"],"damage_healed":0.0,"max_hp_gain":0.0,"max_hp_loss":0.0,"gold_gain":0.0,"event_name":"Falling","player_choice":"Removed Attack","floor":39.0,"gold_loss":0.0,"damage_taken":0.0}],"is_beta":false,"boss_relics":[{"not_picked":["Orrery","Runic Pyramid"],"picked":"Fusion Hammer"},{"not_picked":["Astrolabe","Coffee Dripper"],"picked":"Black Star"}],"items_purged_floors":[20,45],"is_endless":false,"potions_floor_spawned":[1,6,16,18,21,24,30,36,47],"killed_by":"Awakened One","ascension_level":11}