{"gold_per_floor":[116,41,52,68,79,109,123,137,160,174,202,202,233,233,233,336,336,355,368,368,379,19,19,51,51,74,74,93,18,37,50,50,148,148,161,178,53,71,122,122,137,137,164,14,14,14,29,29,29,29],"floor_reached":51,"playtime":2554,"items_purged":["Strike_R","Strike_R","Strike_R","Power Through"],"score":829,"play_id":"2d48fec8-6099-4a92-8085-cb4194b349f0","local_time":"20181001134501","is_ascension_mode":true,"campfire_choices":[{"floor":12,"key":"REST"},{"data":"Feed","floor":15,"key":"SMITH"},{"data":"Demon Form","floor":23,"key":"SMITH"},{"floor":25,"key":"REST"},{"data":"Metallicize","floor":27,"key":"SMITH"},{"data":"Inflame","floor":32,"key":"SMITH"},{"data":"Bash","floor":40,"key":"SMITH"},{"data":"Spot Weakness","floor":46,"key":"SMITH"},{"floor":49,"key":"REST"}],"neow_cost":"","seed_source_timestamp":1312997530852422,"circlet_count":0,"master_deck":["Strike_R","Defend_R","Defend_R","Defend_R","Defend_R","Headbutt+1","Headbutt","Twin Strike","Feed+1","Metallicize+1","Heavy Blade+1","True Grit","Demon Form+1","Inflame+1","Heavy Blade+1","Ghostly","Ghostly","Ghostly","Ghostly","Ghostly","Spot Weakness+1","Disarm","Feed","Armaments+1","Warcry+1","Madness","Madness"],"relics":["Burning Blood","Blood Vial","Whetstone","Pen Nib","Orichalcum","Runic Dome","Matryoshka","Bag of Marbles","Omamori","Boot","Cursed Key","Bottled Tornado","Red Skull","Regal Pillow"],"potions_floor_usage":[6,11,11,13,28,30,48,50,50],"damage_taken":[{"damage":8,"enemies":"Small Slimes","floor":1,"turns":3},{"damage":1,"enemies":"Cultist","floor":3,"turns":3},{"damage":0,"enemies":"2 Louse","floor":4,"turns":3},{"damage":16,"enemies":"Large Slime","floor":5,"turns":4},{"damage":14,"enemies":"Lagavulin","floor":6,"turns":7},{"damage":13,"enemies":"Red Slaver","floor":7,"turns":2},{"damage":16,"enemies":"2 Fungi Beasts","floor":8,"turns":3},{"damage":12,"enemies":"Blue Slaver","floor":10,"turns":3},{"damage":17,"enemies":"3 Sentries","floor":11,"turns":9},{"damage":17,"enemies":"Gremlin Nob","floor":13,"turns":4},{"damage":27,"enemies":"Slime Boss","floor":16,"turns":12},{"damage":6,"enemies":"3 Byrds","floor":18,"turns":7},{"damage":11,"enemies":"Spheric Guardian","floor":19,"turns":4},{"damage":25,"enemies":"Snake Plant","floor":21,"turns":4},{"damage":21,"enemies":"Gremlin Leader","floor":24,"turns":5},{"damage":0,"enemies":"Snecko","floor":28,"turns":4},{"damage":0,"enemies":"Centurion and Healer","floor":30,"turns":7},{"damage":0,"enemies":"Snake Plant","floor":31,"turns":6},{"damage":40,"enemies":"Automaton","floor":33,"turns":8},{"damage":3,"enemies":"3 Shapes","floor":35,"turns":5},{"damage":0,"enemies":"3 Darklings","floor":36,"turns":5},{"damage":34,"enemies":"Transient","floor":38,"turns":5},{"damage":1,"enemies":"4 Shapes","floor":41,"turns":5},{"damage":16,"enemies":"Spire Growth","floor":47,"turns":4},{"damage":0,"enemies":"3 Darklings","floor":48,"turns":1},{"damage":0,"enemies":"Donu and Deca","floor":50,"turns":6}],"seed_played":"5926010051366716233","potions_obtained":[{"floor":4,"key":"PowerPotion"},{"floor":6,"key":"AttackPotion"},{"floor":7,"key":"FearPotion"},{"floor":10,"key":"SkillPotion"},{"floor":13,"key":"Poison Potion"},{"floor":18,"key":"Fire Potion"},{"floor":19,"key":"Strength Potion"},{"floor":33,"key":"FearPotion"},{"floor":36,"key":"Strength Potion"},{"floor":41,"key":"SmokeBomb"}],"is_trial":false,"path_per_floor":["M","$","M","M","M","E","M","M","T","M","E","R","E","?","R","B",null,"M","M","?","M","$","R","E","R","T","R","M","?","M","M","R","B",null,"M","M","$","M","T","R","M","?","T","$","?","R","M","M","R","B"],"character_chosen":"IRONCLAD","items_purchased":["Matryoshka"],"campfire_rested":3,"item_purchase_floors":[22],"current_hp_per_floor":[78,78,80,80,70,62,57,52,52,51,45,71,62,62,62,47,93,97,92,48,33,33,33,24,40,40,40,52,52,64,68,68,38,72,79,82,82,54,54,54,64,53,53,53,53,53,49,57,89,89],"gold":29,"neow_bonus":"","is_prod":false,"is_daily":false,"chose_seed":false,"campfire_upgraded":6,"win_rate":0,"timestamp":1538415901,"path_taken":["M","$","M","M","M","E","M","M","T","M","E","R","E","?","R","BOSS","M","M","?","M","$","R","E","R","T","R","M","?","M","M","R","BOSS","M","M","$","M","?","R","M","?","T","$","?","R","M","M","R","BOSS"],"build_version":"2018-09-27","purchased_purges":4,"victory":true,"max_hp_per_floor":[80,80,80,80,80,80,80,83,83,86,89,89,89,89,89,93,93,97,97,48,52,52,52,56,56,56,56,60,60,64,68,68,72,72,79,82,82,82,82,82,85,85,85,85,85,85,89,89,89,89],"card_choices":[{"not_picked":["Anger","Heavy Blade"],"picked":"Headbutt","floor":1},{"not_picked":["Infernal Blade","Anger"],"picked":"Headbutt","floor":3},{"not_picked":["Armaments","Perfected Strike"],"picked":"Twin Strike","floor":4},{"not_picked":["Perfected Strike","Flex"],"picked":"Power Through","floor":5},{"not_picked":["Entrench","Flex"],"picked":"Feed","floor":6},{"not_picked":["Clothesline","Headbutt"],"picked":"Metallicize","floor":7},{"not_picked":["Carnage","Dual Wield"],"picked":"Heavy Blade","floor":8},{"not_picked":["Twin Strike","Searing Blow"],"picked":"True Grit","floor":10},{"not_picked":["Headbutt","Pommel Strike","Anger"],"picked":"SKIP","floor":11},{"not_picked":["Sentinel","Berserk","Twin Strike"],"picked":"SKIP","floor":13},{"not_picked":["Sentinel","Berserk","Twin Strike"],"picked":"SKIP","floor":13},{"not_picked":["Dark Embrace","Bludgeon"],"picked":"Demon Form","floor":16},{"not_picked":["Anger","Cleave"],"picked":"Inflame","floor":18},{"not_picked":["Armaments","Body Slam"],"picked":"Heavy Blade+1","floor":19},{"not_picked":["Burning Pact","Clothesline","Wild Strike"],"picked":"SKIP","floor":21},{"not_picked":["Twin Strike","Anger+1","True Grit"],"picked":"SKIP","floor":24},{"not_picked":["Flex","Iron Wave"],"picked":"Spot Weakness","floor":28},{"not_picked":["Second Wind","Headbutt"],"picked":"Disarm","floor":30},{"not_picked":["Twin Strike+1","Fire Breathing","Uppercut"],"picked":"SKIP","floor":31},{"not_picked":["Dark Embrace","Bludgeon"],"picked":"Feed","floor":33},{"not_picked":["True Grit","Perfected Strike"],"picked":"Armaments+1","floor":35},{"not_picked":["Headbutt","Spot Weakness","Blood for Blood"],"picked":"SKIP","floor":36},{"not_picked":["Heavy Blade","Evolve+1"],"picked":"Warcry+1","floor":38},{"not_picked":["Body Slam+1","Intimidate","Shrug It Off+1"],"picked":"SKIP","floor":41},{"not_picked":["Thunderclap","Clothesline","Berserk"],"picked":"SKIP","floor":47}],"player_experience":74198,"relics_obtained":[{"floor":6,"key":"Blood Vial"},{"floor":9,"key":"Whetstone"},{"floor":11,"key":"Pen Nib"},{"floor":13,"key":"Orichalcum"},{"floor":24,"key":"Bag of Marbles"},{"floor":26,"key":"Omamori"},{"floor":26,"key":"Boot"},{"floor":39,"key":"Bottled Tornado"},{"floor":39,"key":"Red Skull"},{"floor":43,"key":"Regal Pillow"}],"event_choices":[{"event_name":"Liars Game","player_choice":"disagreed","floor":14,"damage_taken":0},{"event_name":"Ghosts","player_choice":"Became a Ghost","floor":20,"damage_taken":0},{"event_name":"Beggar","player_choice":"Gave Gold","floor":29,"damage_taken":0},{"event_name":"Winding Halls","player_choice":"Embrace Madness","floor":42,"damage_taken":0},{"event_name":"Falling","player_choice":"Removed Attack","floor":45,"damage_taken":0}],"is_beta":false,"boss_relics":[{"not_picked":["Mark of Pain","Ectoplasm"],"picked":"Runic Dome"},{"not_picked":["White Beast Statue","Busted Crown"],"picked":"Cursed Key"}],"items_purged_floors":[2,22,37,44],"is_endless":false,"potions_floor_spawned":[4,6,7,10,13,18,19,33,36,41],"ascension_level":1}