{"gold_per_floor":[111,122,1,1,16,16,45,45,93,93,139,170,199,231,231,326,326,340,50,50,76,108,150,183,217,272,303,253,279,293,243,243,341,341,357,375,375,403,428,456,489,522,545,578,379,399,429,229,229,229,229,229,46,84,84],"floor_reached":56,"playtime":1512,"items_purged":["Slice","Slice","Quick Slash","Leg Sweep","Prepared+1","PiercingWail"],"score":2343,"play_id":"76c07f92-7e98-4dd4-8c2b-d5eb27689fe8","local_time":"20190912235125","daily_mods":["SealedDeck","Red Cards","Colorless Cards","Flight","DeadlyEvents","Elite Swarm","Lethality","Night Terrors","Terminal"],"is_ascension_mode":false,"campfire_choices":[{"data":"Body Slam","floor":6.0,"key":"SMITH"},{"data":"Deep Breath","floor":8.0,"key":"SMITH"},{"data":"Prepared","floor":10.0,"key":"SMITH"},{"data":"Berserk","floor":15.0,"key":"SMITH"},{"floor":32.0,"key":"RECALL"},{"data":"Madness","floor":49,"key":"SMITH"},{"data":"Backflip","floor":52,"key":"SMITH"}],"neow_cost":"","seed_source_timestamp":0,"circlet_count":0,"master_deck":["Body Slam+1","Deep Breath+1","Madness+1","Backflip+1","After Image","Berserk+1","Escape Plan+1","Apotheosis+1","Thinking Ahead+1","Evolve+1","Barricade+1"],"special_seed":0,"relics":["Ring of the Snake","PreservedInsect","Smiling Mask","InkBottle","Meat on the Bone","Blue Candle","CeramicFish","Coffee Dripper","Toxic Egg 2","Anchor","HornCleat","Du-Vu Doll","Oddly Smooth Stone","Matryoshka","Sundial","SlaversCollar","Snake Skull","Omamori","Frozen Egg 2","Molten Egg 2","Question Card","Lantern","MealTicket","Thread and Needle","Medical Kit","Kunai","ClockworkSouvenir","Orichalcum","Shuriken"],"potions_floor_usage":[55,55,55],"damage_taken":[{"damage":0.0,"enemies":"Cultist","floor":1.0,"turns":2.0},{"damage":0.0,"enemies":"Small Slimes","floor":2.0,"turns":2.0},{"damage":0.0,"enemies":"Jaw Worm","floor":5.0,"turns":2.0},{"damage":0.0,"enemies":"Lagavulin","floor":7.0,"turns":3.0},{"damage":0.0,"enemies":"3 Sentries","floor":12.0,"turns":3.0},{"damage":0.0,"enemies":"Gremlin Nob","floor":13.0,"turns":1.0},{"damage":0.0,"enemies":"3 Sentries","floor":14.0,"turns":1.0},{"damage":0.0,"enemies":"Hexaghost","floor":16.0,"turns":3.0},{"damage":0.0,"enemies":"3 Byrds","floor":18.0,"turns":2.0},{"damage":0.0,"enemies":"Shell Parasite","floor":21.0,"turns":2.0},{"damage":0.0,"enemies":"Gremlin Leader","floor":22.0,"turns":1.0},{"damage":0.0,"enemies":"Book of Stabbing","floor":23.0,"turns":2.0},{"damage":0.0,"enemies":"Slavers","floor":24.0,"turns":2.0},{"damage":0.0,"enemies":"Gremlin Leader","floor":25.0,"turns":2.0},{"damage":0.0,"enemies":"Book of Stabbing","floor":27.0,"turns":2.0},{"damage":0.0,"enemies":"Gremlin Leader","floor":29.0,"turns":1.0},{"damage":0.0,"enemies":"Centurion and Healer","floor":30.0,"turns":1.0},{"damage":0.0,"enemies":"Automaton","floor":33.0,"turns":1.0},{"damage":0.0,"enemies":"3 Darklings","floor":35.0,"turns":1.0},{"damage":0.0,"enemies":"Orb Walker","floor":36.0,"turns":1.0},{"damage":0.0,"enemies":"Nemesis","floor":38.0,"turns":1.0},{"damage":0.0,"enemies":"Reptomancer","floor":39.0,"turns":1.0},{"damage":0.0,"enemies":"Giant Head","floor":40.0,"turns":1.0},{"damage":0.0,"enemies":"Reptomancer","floor":41.0,"turns":1.0},{"damage":0.0,"enemies":"Giant Head","floor":42.0,"turns":1.0},{"damage":0,"enemies":"Nemesis","floor":44,"turns":1},{"damage":0,"enemies":"Sphere and 2 Shapes","floor":46,"turns":1},{"damage":0,"enemies":"Giant Head","floor":47,"turns":1},{"damage":0,"enemies":"Donu and Deca","floor":50,"turns":1},{"damage":0,"enemies":"Shield and Spear","floor":54,"turns":1},{"damage":0,"enemies":"The Heart","floor":55,"turns":3}],"seed_played":"8266299496725472499","potions_obtained":[{"floor":2.0,"key":"Explosive Potion"},{"floor":5.0,"key":"Strength Potion"},{"floor":12.0,"key":"Fruit Juice"},{"floor":18.0,"key":"Ancient Potion"},{"floor":30.0,"key":"Dexterity Potion"},{"floor":36.0,"key":"Ancient Potion"},{"floor":46,"key":"DuplicationPotion"},{"floor":47,"key":"GhostInAJar"},{"floor":54,"key":"PowerPotion"}],"is_trial":true,"path_per_floor":["M","M","$","?","M","R","E","R","T","R","T","E","E","E","R","B",null,"M","$","?","M","E","E","E","E","T","E","$","E","M","$","R","B",null,"M","M","?","E","E","E","E","E","T","E","$","M","E","$","R","B",null,"R","$","E","B",null],"character_chosen":"THE_SILENT","items_purchased":["Backflip","Toxic Egg 2","Medical Kit","ClockworkSouvenir","Evolve+1","Orichalcum"],"campfire_rested":0,"item_purchase_floors":[3,19,45,48,53,53],"current_hp_per_floor":[1,1,1,1,1,1,1,1,1,1,1,5,4,3,2,1,1,1,1,1,1,1,1,1,1,1,1,1,1,1,1,1,1,1,1,1,1,1,1,1,1,1,1,1,1,1,1,1,1,1,1,1,1,1,1],"gold":84,"neow_bonus":"","is_prod":false,"is_daily":false,"chose_seed":false,"campfire_upgraded":6,"win_rate":0,"timestamp":1568303485,"path_taken":["M","?","$","?","?","R","E","R","T","R","?","E","?","E","R","BOSS","M","$","?","?","?","E","E","E","T","E","$","E","?","$","R","BOSS","M","?","?","?","?","E","E","E","T","E","$","?","E","$","R","BOSS","R","$","E","BOSS"],"build_version":"2019-09-11v2","purchased_purges":6,"victory":true,"max_hp_per_floor":[1,1,1,1,1,1,1,1,1,1,1,5,4,3,2,1,1,1,1,1,1,1,1,1,1,1,1,1,1,1,1,1,1,1,1,1,1,1,1,1,1,1,1,1,1,1,1,1,1,1,1,1,1,1,1],"card_choices":[{"not_picked":["Iron Wave","Dagger Throw","Underhanded Strike"],"picked":"SKIP","floor":1.0},{"not_picked":["Clash","Body Slam","Bane"],"picked":"SKIP","floor":2.0},{"not_picked":["Terror","Perfected Strike","Havoc"],"picked":"SKIP","floor":5.0},{"not_picked":["Corpse Explosion","Die Die Die","Demon Form"],"picked":"SKIP","floor":7.0},{"not_picked":["Burst","Tools of the Trade","Doppelganger"],"picked":"SKIP","floor":12.0},{"not_picked":["Chrysalis","Malaise"],"picked":"After Image","floor":13.0},{"not_picked":["Thinking Ahead","Offering"],"picked":"Berserk","floor":14.0},{"not_picked":["Backflip+1","Clothesline","Iron Wave"],"picked":"SKIP","floor":18.0},{"not_picked":["Bloodletting+1","Enlightenment+1"],"picked":"Escape Plan+1","floor":21.0},{"not_picked":["Transmutation+1","Chrysalis+1","Doppelganger+1"],"picked":"SKIP","floor":22.0},{"not_picked":["Malaise+1","Chrysalis+1"],"picked":"Apotheosis+1","floor":23.0},{"not_picked":["Envenom","Glass Knife","Secret Weapon+1"],"picked":"SKIP","floor":24.0},{"not_picked":["Bullet Time+1","Feed","Doppelganger+1"],"picked":"SKIP","floor":25.0},{"not_picked":["Burst+1","Sadistic Nature","The Bomb+1"],"picked":"SKIP","floor":27.0},{"not_picked":["Storm of Steel+1","Venomology+1","Immolate"],"picked":"SKIP","floor":29.0},{"not_picked":["Flying Knee","Pommel Strike","Good Instincts+1"],"picked":"SKIP","floor":30.0},{"not_picked":["PiercingWail+1","Havoc+1","Deep Breath+1"],"picked":"SKIP","floor":35.0},{"not_picked":["Sword Boomerang","Deadly Poison+1","Caltrops"],"picked":"SKIP","floor":36.0},{"not_picked":["Immolate","Unload","Grand Finale"],"picked":"SKIP","floor":38.0},{"not_picked":["Envenom","Violence+1","The Bomb+1"],"picked":"SKIP","floor":39.0},{"not_picked":["Storm of Steel+1","Tools of the Trade","Immolate"],"picked":"SKIP","floor":40.0},{"not_picked":["Envenom+1","Unload","Offering+1"],"picked":"SKIP","floor":41.0},{"not_picked":["Double Tap+1","Envenom+1","Die Die Die+1"],"picked":"SKIP","floor":42},{"not_picked":["Feed+1","Metamorphosis+1","Wraith Form v2+1","Thinking Ahead+1"],"picked":"SKIP","floor":44},{"not_picked":["Feed+1","Metamorphosis+1","Wraith Form v2+1"],"picked":"Thinking Ahead+1","floor":44},{"not_picked":["Flying Knee+1","Dagger Spray+1","Battle Trance+1","True Grit+1"],"picked":"SKIP","floor":46},{"not_picked":["Bludgeon+1","Feed+1","Wraith Form v2+1","Apotheosis+1"],"picked":"SKIP","floor":47},{"not_picked":["Secret Technique+1","Violence+1","Secret Weapon+1"],"picked":"Barricade+1","floor":54}],"player_experience":958773,"relics_obtained":[{"floor":7.0,"key":"PreservedInsect"},{"floor":9.0,"key":"Smiling Mask"},{"floor":11.0,"key":"InkBottle"},{"floor":12.0,"key":"Meat on the Bone"},{"floor":13.0,"key":"Blue Candle"},{"floor":14.0,"key":"CeramicFish"},{"floor":22.0,"key":"Anchor"},{"floor":23.0,"key":"HornCleat"},{"floor":24.0,"key":"Du-Vu Doll"},{"floor":25.0,"key":"Oddly Smooth Stone"},{"floor":27.0,"key":"Matryoshka"},{"floor":29.0,"key":"Sundial"},{"floor":38.0,"key":"Snake Skull"},{"floor":39.0,"key":"Omamori"},{"floor":40.0,"key":"Frozen Egg 2"},{"floor":41.0,"key":"Molten Egg 2"},{"floor":42,"key":"Question Card"},{"floor":43,"key":"Lantern"},{"floor":43,"key":"MealTicket"},{"floor":44,"key":"Thread and Needle"},{"floor":47,"key":"Kunai"},{"floor":54,"key":"Shuriken"}],"event_choices":[{"damage_healed":0.0,"max_hp_gain":0.0,"max_hp_loss":0.0,"gold_gain":0.0,"event_name":"Wheel of Change","player_choice":"Full Heal","floor":4.0,"gold_loss":0.0,"damage_taken":0.0},{"cards_removed":["Cloak And Dagger"],"damage_healed":5.0,"max_hp_gain":0.0,"max_hp_loss":0.0,"gold_gain":0.0,"event_name":"Bonfire Elementals","player_choice":"Offered Common","floor":37.0,"gold_loss":0.0,"damage_taken":0.0},{"cards_removed":["Cloak And Dagger"],"damage_healed":5.0,"max_hp_gain":0.0,"max_hp_loss":0.0,"gold_gain":0.0,"event_name":"Bonfire Elementals","player_choice":"Offered Special","floor":37.0,"gold_loss":0.0,"damage_taken":0.0}],"is_beta":true,"boss_relics":[{"not_picked":["Runic Dome","Philosopher\u0027s Stone"],"picked":"Coffee Dripper"},{"not_picked":["Sozu","Ring of the Serpent"],"picked":"SlaversCollar"}],"items_purged_floors":[3,19,28,31,45,48],"is_endless":false,"potions_floor_spawned":[2,5,12,18,22,24,30,36,41,44,46,47,54],"ascension_level":0}