{"gold_per_floor":[113,126,301,301,313,313,43,59,59,59,78,78,88,1,1,102,102,118,118,33,16,29,29],"floor_reached":23,"playtime":2027,"items_purged":[],"score":181,"play_id":"937d899a-204b-4d17-a152-64ad189e5475","local_time":"20190902190916","is_ascension_mode":false,"campfire_choices":[{"data":"Crippling Poison","floor":6,"key":"SMITH"},{"data":"Masterful Stab","floor":10,"key":"SMITH"},{"data":"Poisoned Stab","floor":12,"key":"SMITH"},{"data":"Leg Sweep","floor":15,"key":"SMITH"}],"neow_cost":"NONE","seed_source_timestamp":84676636852500,"circlet_count":0,"master_deck":["Strike_G","Strike_G","Strike_G","Strike_G","Strike_G","Defend_G","Defend_G","Defend_G","Defend_G","Defend_G","Survivor","Neutralize","Backflip","Quick Slash","Crippling Poison+1","Leg Sweep+1","Masterful Stab+1","Poisoned Stab+1","Escape Plan+1","Apotheosis+1","Corpse Explosion+1","Slice","RitualDagger","Bouncing Flask+1","Terror+1"],"relics":["Ring of the Snake","Membership Card","Toxic Egg 2","Black Star","Question Card"],"potions_floor_usage":[16,23,23],"damage_taken":[{"damage":11,"enemies":"Small Slimes","floor":1,"turns":5},{"damage":11,"enemies":"Cultist","floor":2,"turns":8},{"damage":0,"enemies":"Jaw Worm","floor":5,"turns":5},{"damage":4,"enemies":"Red Slaver","floor":8,"turns":5},{"damage":0,"enemies":"Looter","floor":11,"turns":4},{"damage":0,"enemies":"Exordium Thugs","floor":13,"turns":4},{"damage":25,"enemies":"Hexaghost","floor":16,"turns":12},{"damage":0,"enemies":"Shell Parasite","floor":18,"turns":6},{"damage":5,"enemies":"Chosen","floor":22,"turns":4},{"damage":74,"enemies":"Gremlin Leader","floor":23,"turns":6}],"seed_played":"4433419272632888953","potions_obtained":[{"floor":1,"key":"Strength Potion"},{"floor":2,"key":"EssenceOfSteel"},{"floor":11,"key":"Explosive Potion"},{"floor":16,"key":"Poison Potion"}],"is_trial":false,"path_per_floor":["M","M","?","?","M","R","$","M","T","R","M","R","M","$","R","B",null,"M","?","?","$","M","E"],"character_chosen":"THE_SILENT","items_purchased":["Leg Sweep","Membership Card","Apotheosis+1","Bouncing Flask+1"],"campfire_rested":0,"item_purchase_floors":[7,7,14,21],"current_hp_per_floor":[66,55,55,55,55,55,55,51,51,51,51,51,51,51,51,26,77,77,71,71,71,66,0],"gold":29,"neow_bonus":"TEN_PERCENT_HP_BONUS","is_prod":false,"is_daily":false,"chose_seed":false,"campfire_upgraded":4,"win_rate":0.0,"timestamp":1567469356,"path_taken":["M","M","?","?","M","R","$","M","T","R","?","R","M","?","R","BOSS","M","?","?","?","?","E"],"build_version":"2019-07-17","purchased_purges":0,"victory":false,"max_hp_per_floor":[77,77,77,77,77,77,77,77,77,77,77,77,77,77,77,77,77,77,77,77,77,77,77],"card_choices":[{"not_picked":["Flying Knee","Dagger Spray"],"picked":"Backflip","floor":1},{"not_picked":["Prepared","Terror"],"picked":"Quick Slash","floor":2},{"not_picked":["Blade Dance","Quick Slash"],"picked":"Crippling Poison","floor":5},{"not_picked":["Blade Dance","Sucker Punch"],"picked":"Masterful Stab","floor":8},{"not_picked":["PiercingWail+1","Blade Dance+1"],"picked":"Poisoned Stab","floor":11},{"not_picked":["Prepared+1","Blade Dance+1"],"picked":"Escape Plan+1","floor":13},{"not_picked":["Venomology+1","Unload"],"picked":"Corpse Explosion+1","floor":16},{"not_picked":["Outmaneuver+1","Dagger Spray"],"picked":"Slice","floor":18},{"not_picked":["Bane+1","Slice","Quick Slash"],"picked":"Terror+1","floor":22}],"player_experience":100913,"relics_obtained":[{"floor":9,"key":"Toxic Egg 2"}],"event_choices":[{"damage_healed":0,"gold_gain":175,"player_choice":"AGREE","damage_taken":0,"max_hp_gain":0,"max_hp_loss":0,"event_name":"Liars Game","floor":3,"gold_loss":0,"cards_obtained":["Doubt"]},{"cards_removed":["Doubt"],"damage_healed":0,"gold_gain":0,"player_choice":"Purged","damage_taken":0,"max_hp_gain":0,"max_hp_loss":0,"event_name":"Purifier","floor":4,"gold_loss":0},{"damage_healed":0,"gold_gain":0,"player_choice":"Joined the Cult","damage_taken":6,"max_hp_gain":0,"max_hp_loss":0,"event_name":"Nest","floor":19,"gold_loss":0,"cards_obtained":["RitualDagger"]},{"damage_healed":0,"gold_gain":0,"player_choice":"Obtained Relic","damage_taken":0,"relics_obtained":["Question Card"],"max_hp_gain":0,"max_hp_loss":0,"event_name":"Addict","floor":20,"gold_loss":85}],"is_beta":false,"boss_relics":[{"not_picked":["Coffee Dripper","Runic Dome"],"picked":"Black Star"}],"items_purged_floors":[],"is_endless":false,"potions_floor_spawned":[1,2,11,16,22],"killed_by":"Gremlin Leader","ascension_level":0}