{"gold_per_floor":[109,34,34,34,134,167,167,200,200,24,50,50,70,103,103,198,198,214,214,194,204,234,260,260,292,292,327,339,374,274,154,154,251,251,266,266,285,310,328,328,358,201,201,227,131,164,164,190,190,190,190,190,29,60,60],"floor_reached":56,"playtime":1763,"items_purged":["Iron Wave","True Grit","Slice+1","Iron Wave+1","Thinking Ahead"],"score":2061,"play_id":"cabf46bc-304d-4289-8cfe-06ec3709a046","local_time":"20190826142508","daily_mods":["SealedDeck","Red Cards","Colorless Cards","DeadlyEvents","Elite Swarm","Lethality","Night Terrors","Terminal"],"is_ascension_mode":false,"campfire_choices":[{"data":"Deadly Poison","floor":7.0,"key":"SMITH"},{"data":"Apotheosis","floor":15.0,"key":"SMITH"},{"floor":24,"key":"RECALL"},{"data":"Barricade","floor":32,"key":"SMITH"},{"data":"Burning Pact","floor":40,"key":"SMITH"},{"data":"Adrenaline","floor":47,"key":"SMITH"},{"data":"Calculated Gamble","floor":49,"key":"SMITH"},{"data":"Impatience","floor":52,"key":"SMITH"}],"neow_cost":"","seed_source_timestamp":0,"circlet_count":0,"master_deck":["PiercingWail","Backflip","Catalyst","Deadly Poison+1","Impatience+1","Calculated Gamble+1","Escape Plan+1","Adrenaline+1","Burning Pact+1","Apotheosis+1","Corpse Explosion","Adrenaline+1","Madness","Barricade+1","Body Slam"],"special_seed":0,"relics":["Ring of the Snake","Lantern","Potion Belt","Meat on the Bone","Pantograph","Anchor","Gambling Chip","Orrery","Whetstone","Turnip","Kunai","The Courier","Sundial","Coffee Dripper","Vajra","Pen Nib","War Paint","Membership Card","Question Card","MawBank","Pear","Blood Vial","Paper Crane","Bronze Scales","FossilizedHelix"],"potions_floor_usage":[55,55,55,55,55],"damage_taken":[{"damage":0.0,"enemies":"2 Louse","floor":1.0,"turns":2.0},{"damage":0.0,"enemies":"Gremlin Nob","floor":6.0,"turns":3.0},{"damage":0.0,"enemies":"Lagavulin","floor":8.0,"turns":3.0},{"damage":0.0,"enemies":"3 Sentries","floor":11.0,"turns":5.0},{"damage":0.0,"enemies":"Cultist","floor":13.0,"turns":1.0},{"damage":0.0,"enemies":"Gremlin Nob","floor":14.0,"turns":2.0},{"damage":0.0,"enemies":"Hexaghost","floor":16.0,"turns":3.0},{"damage":0.0,"enemies":"3 Byrds","floor":18.0,"turns":2.0},{"damage":0.0,"enemies":"Spheric Guardian","floor":21.0,"turns":1.0},{"damage":0.0,"enemies":"Gremlin Leader","floor":22.0,"turns":3.0},{"damage":0.0,"enemies":"Book of Stabbing","floor":23.0,"turns":3.0},{"damage":0,"enemies":"Slavers","floor":25,"turns":2},{"damage":0,"enemies":"Gremlin Leader","floor":27,"turns":3},{"damage":0,"enemies":"Snecko","floor":28,"turns":3},{"damage":0,"enemies":"Slavers","floor":29,"turns":1},{"damage":0,"enemies":"Champ","floor":33,"turns":2},{"damage":0,"enemies":"3 Darklings","floor":35,"turns":1},{"damage":0,"enemies":"Orb Walker","floor":37,"turns":1},{"damage":0,"enemies":"Nemesis","floor":38,"turns":1},{"damage":0,"enemies":"Sphere and 2 Shapes","floor":39,"turns":1},{"damage":0,"enemies":"Giant Head","floor":41,"turns":1},{"damage":0,"enemies":"Nemesis","floor":44,"turns":1},{"damage":0,"enemies":"Giant Head","floor":46,"turns":1},{"damage":0,"enemies":"Nemesis","floor":48,"turns":1},{"damage":0,"enemies":"Time Eater","floor":50,"turns":3},{"damage":0,"enemies":"Shield and Spear","floor":54,"turns":1},{"damage":0,"enemies":"The Heart","floor":55,"turns":3}],"seed_played":"-7828596134802589120","potions_obtained":[{"floor":1.0,"key":"EssenceOfSteel"},{"floor":6.0,"key":"Dexterity Potion"},{"floor":8.0,"key":"Fire Potion"},{"floor":18.0,"key":"Regen Potion"},{"floor":20.0,"key":"Fruit Juice"},{"floor":23.0,"key":"PowerPotion"},{"floor":38,"key":"SkillPotion"},{"floor":46,"key":"PowerPotion"}],"is_trial":true,"path_per_floor":["M","$","?","?","?","E","R","E","T","$","E","$","M","E","R","B",null,"M","?","?","M","E","E","R","E","T","E","M","E","$","$","R","B",null,"M","?","M","E","M","R","E","$","T","E","$","E","R","E","R","B",null,"R","$","E","B",null],"character_chosen":"THE_SILENT","items_purchased":["Burning Pact","Membership Card","PowerPotion","Paper Crane","Bronze Scales"],"campfire_rested":0,"item_purchase_floors":[10,42,45,53,53],"current_hp_per_floor":[68,67,64,64,64,63,62,61,60,59,58,57,56,55,54,53,52,51,50,54,53,52,51,50,49,48,47,46,45,44,43,42,41,40,39,38,37,36,35,34,33,32,31,30,29,38,37,36,35,34,33,32,31,30,29],"gold":60,"neow_bonus":"","is_prod":false,"is_daily":false,"chose_seed":false,"campfire_upgraded":7,"win_rate":0,"timestamp":1566800708,"path_taken":["M","$","?","?","?","E","R","?","T","$","E","$","M","E","R","BOSS","M","?","?","M","?","E","R","E","T","E","?","E","?","$","R","BOSS","M","?","?","?","M","R","E","$","T","E","$","E","R","E","R","BOSS","R","$","E","BOSS"],"build_version":"2019-07-17","purchased_purges":5,"victory":true,"max_hp_per_floor":[68,67,66,65,64,63,62,61,60,59,58,57,56,55,54,53,52,51,50,54,53,52,51,50,49,48,47,46,45,44,43,42,41,40,39,38,37,36,35,34,33,32,31,30,29,38,37,36,35,34,33,32,31,30,29],"card_choices":[{"not_picked":["Disarm","Shockwave"],"picked":"Escape Plan","floor":1.0},{"not_picked":["Reaper","Bludgeon"],"picked":"Thinking Ahead","floor":6.0},{"not_picked":["Unload","Exhume"],"picked":"Adrenaline","floor":8.0},{"not_picked":["Exhume","Wraith Form v2"],"picked":"Apotheosis","floor":11.0},{"not_picked":["Battle Trance","Disarm","Clash"],"picked":"SKIP","floor":13.0},{"not_picked":["Envenom","A Thousand Cuts"],"picked":"Corpse Explosion","floor":14.0},{"not_picked":["A Thousand Cuts","Chrysalis"],"picked":"Adrenaline","floor":16.0},{"not_picked":["True Grit","Warcry"],"picked":"Madness","floor":17.0},{"not_picked":["Flying Knee","Warcry","Headbutt"],"picked":"SKIP","floor":18.0},{"not_picked":["Clash","Burning Pact","Poisoned Stab"],"picked":"SKIP","floor":21.0},{"not_picked":["Limit Break","Envenom"],"picked":"Barricade","floor":22.0},{"not_picked":["Impervious","Tools of the Trade","Venomology"],"picked":"SKIP","floor":23.0},{"not_picked":["Secret Weapon","Phantasmal Killer","Apotheosis"],"picked":"SKIP","floor":25},{"not_picked":["Exhume","Wraith Form v2","Storm of Steel"],"picked":"SKIP","floor":27},{"not_picked":["Wild Strike","Poisoned Stab+1"],"picked":"Body Slam","floor":28},{"not_picked":["Apotheosis","Bullet Time","Transmutation"],"picked":"SKIP","floor":29},{"not_picked":["Prepared","True Grit","Rage+1"],"picked":"SKIP","floor":35},{"not_picked":["Blade Dance+1","Flying Knee+1","Bouncing Flask+1"],"picked":"SKIP","floor":37},{"not_picked":["Secret Weapon","A Thousand Cuts","Unload"],"picked":"SKIP","floor":38},{"not_picked":["Acrobatics+1","Slice+1","Clash+1"],"picked":"SKIP","floor":39},{"not_picked":["Violence","Master of Strategy","Berserk"],"picked":"SKIP","floor":41},{"not_picked":["Fiend Fire","Night Terror","Dark Embrace","Sadistic Nature"],"picked":"SKIP","floor":44},{"not_picked":["Barricade","Malaise","Transmutation","Immolate"],"picked":"SKIP","floor":46},{"not_picked":["Bullet Time","Mayhem","Violence","Offering"],"picked":"SKIP","floor":48},{"not_picked":["Exhume","Dark Embrace","Envenom","Storm of Steel"],"picked":"SKIP","floor":54}],"player_experience":877401,"relics_obtained":[{"floor":6.0,"key":"Potion Belt"},{"floor":8.0,"key":"Meat on the Bone"},{"floor":9.0,"key":"Pantograph"},{"floor":11.0,"key":"Anchor"},{"floor":14.0,"key":"Gambling Chip"},{"floor":22.0,"key":"Whetstone"},{"floor":23.0,"key":"Turnip"},{"floor":25,"key":"Kunai"},{"floor":27,"key":"The Courier"},{"floor":29,"key":"Sundial"},{"floor":38,"key":"Pen Nib"},{"floor":41,"key":"War Paint"},{"floor":43,"key":"Question Card"},{"floor":44,"key":"MawBank"},{"floor":46,"key":"Pear"},{"floor":48,"key":"Blood Vial"},{"floor":54,"key":"FossilizedHelix"}],"event_choices":[{"damage_healed":0.0,"max_hp_gain":0.0,"max_hp_loss":0.0,"gold_gain":0.0,"event_name":"Scrap Ooze","player_choice":"Success","floor":3.0,"gold_loss":0.0,"damage_taken":3.0,"relics_obtained":["Lantern"]},{"damage_healed":0.0,"max_hp_gain":0.0,"max_hp_loss":0.0,"gold_gain":0.0,"event_name":"Liars Game","player_choice":"Ignored","floor":4.0,"gold_loss":0.0,"damage_taken":0.0},{"damage_healed":0.0,"max_hp_gain":0.0,"max_hp_loss":0.0,"gold_gain":100.0,"event_name":"Wheel of Change","player_choice":"Gold","floor":5.0,"gold_loss":0.0,"damage_taken":0.0},{"damage_healed":0.0,"max_hp_gain":0.0,"max_hp_loss":0.0,"gold_gain":0.0,"event_name":"Ghosts","player_choice":"Ignored","floor":19.0,"gold_loss":0.0,"damage_taken":0.0},{"damage_healed":0.0,"max_hp_gain":0.0,"max_hp_loss":0.0,"gold_gain":0.0,"event_name":"The Woman in Blue","player_choice":"Bought 1 Potion","floor":20.0,"gold_loss":0.0,"damage_taken":0.0},{"damage_healed":0,"gold_gain":0,"player_choice":"Gave Potion","damage_taken":0,"relics_obtained":["Vajra"],"max_hp_gain":0,"max_hp_loss":0,"event_name":"WeMeetAgain","floor":36,"gold_loss":0}],"is_beta":false,"boss_relics":[{"not_picked":["Tiny House","Velvet Choker"],"picked":"Orrery"},{"not_picked":["White Beast Statue","HoveringKite"],"picked":"Coffee Dripper"}],"items_purged_floors":[2,10,30,31,45],"is_endless":false,"potions_floor_spawned":[1,6,8,18,23,25,38,41,46],"ascension_level":0}