{"gold_per_floor":[214,389,409,227,239,239,258,291,359,386,386,412,431,450,450,545,545,558,578,16,16,34,62,62,79,104,131,145,173,188,203,203,203],"floor_reached":33,"playtime":2690,"items_purged":["Doubt"],"score":385,"play_id":"d2979728-5c72-4e99-b70c-cca33ea95ed5","local_time":"20190822232502","is_ascension_mode":true,"campfire_choices":[{"data":"Armaments","floor":6.0,"key":"SMITH"},{"data":"Power Through","floor":15.0,"key":"SMITH"},{"data":"Apotheosis","floor":24.0,"key":"SMITH"},{"data":"Flame Barrier","floor":32,"key":"SMITH"}],"neow_cost":"NONE","seed_source_timestamp":0,"circlet_count":0,"master_deck":["Strike_R","Strike_R","Defend_R","Defend_R","Defend_R","Defend_R","Bash","Anger","Armaments+1","Spot Weakness","Combust","Whirlwind","Shrug It Off","Battle Trance","Power Through+1","Bludgeon","Dropkick+1","Entrench+1","Offering+1","Anger+1","Flex+1","Apotheosis+1","Inflame","Flame Barrier+1","Seeing Red+1","Rupture"],"special_seed":0,"relics":["Burning Blood","Mango","Shuriken","Art of War","Orichalcum","Astrolabe","Thread and Needle","Meat on the Bone","Bag of Marbles","Self Forming Clay","Pen Nib"],"potions_floor_usage":[],"damage_taken":[{"damage":12.0,"enemies":"Small Slimes","floor":1.0,"turns":4.0},{"damage":8.0,"enemies":"Jaw Worm","floor":3.0,"turns":5.0},{"damage":1.0,"enemies":"Cultist","floor":5.0,"turns":3.0},{"damage":17.0,"enemies":"Lots of Slimes","floor":7.0,"turns":3.0},{"damage":36.0,"enemies":"Lagavulin","floor":8.0,"turns":6.0},{"damage":41.0,"enemies":"3 Sentries","floor":10.0,"turns":7.0},{"damage":9.0,"enemies":"Looter","floor":13.0,"turns":4.0},{"damage":0.0,"enemies":"Gremlin Gang","floor":14.0,"turns":3.0},{"damage":36.0,"enemies":"Hexaghost","floor":16.0,"turns":8.0},{"damage":10.0,"enemies":"Spheric Guardian","floor":18.0,"turns":4.0},{"damage":12.0,"enemies":"2 Thieves","floor":19.0,"turns":4.0},{"damage":0.0,"enemies":"Snake Plant","floor":22.0,"turns":1.0},{"damage":17.0,"enemies":"Gremlin Leader","floor":23.0,"turns":7.0},{"damage":7.0,"enemies":"Sentry and Sphere","floor":25.0,"turns":6.0},{"damage":23.0,"enemies":"Slavers","floor":27.0,"turns":7.0},{"damage":18.0,"enemies":"Centurion and Healer","floor":28.0,"turns":5.0},{"damage":16.0,"enemies":"Book of Stabbing","floor":29.0,"turns":6.0},{"damage":0.0,"enemies":"Snecko","floor":30.0,"turns":4.0},{"damage":15,"enemies":"Cultist and Chosen","floor":31,"turns":4},{"damage":63,"enemies":"Collector","floor":33,"turns":7}],"seed_played":"-8071399108804190413","potions_obtained":[{"floor":5.0,"key":"PowerPotion"},{"floor":7.0,"key":"SkillPotion"},{"floor":8.0,"key":"SteroidPotion"},{"floor":10.0,"key":"Fire Potion"},{"floor":16.0,"key":"FearPotion"},{"floor":19.0,"key":"Strength Potion"},{"floor":23.0,"key":"Block Potion"},{"floor":28.0,"key":"SpeedPotion"},{"floor":29.0,"key":"SkillPotion"}],"is_trial":false,"path_per_floor":["M","?","M","$","M","R","M","E","T","E","?","T","M","M","R","B",null,"M","M","$","$","M","E","R","M","T","E","M","E","M","M","R","B"],"character_chosen":"IRONCLAD","items_purchased":["Spot Weakness","Combust","Apotheosis","Thread and Needle","Inflame"],"campfire_rested":0,"item_purchase_floors":[4,4,20,20,20],"current_hp_per_floor":[74,74,72,72,77,77,66,50,50,15,46,46,43,49,49,19,94,90,84,84,84,90,79,79,78,78,61,61,63,69,60,60,0],"gold":203,"neow_bonus":"HUNDRED_GOLD","is_prod":false,"is_daily":false,"chose_seed":false,"campfire_upgraded":4,"win_rate":0,"timestamp":1566541502,"path_taken":["M","?","M","$","M","R","M","E","T","E","?","?","?","M","R","BOSS","M","M","?","$","M","E","R","M","T","E","M","E","M","M","R","BOSS"],"build_version":"2019-07-17","purchased_purges":1,"victory":false,"max_hp_per_floor":[80,80,80,80,80,80,80,94,94,94,94,94,94,94,94,94,94,94,94,94,94,94,94,94,94,94,94,94,94,94,94,94,94],"card_choices":[{"not_picked":["Havoc","Rupture"],"picked":"Anger","floor":1.0},{"not_picked":["Reckless Charge","Sword Boomerang"],"picked":"Armaments","floor":3.0},{"not_picked":["Clash","Wild Strike","Anger"],"picked":"SKIP","floor":5.0},{"not_picked":["Clash","Wild Strike","Anger"],"picked":"SKIP","floor":5.0},{"not_picked":["Offering","Havoc","Feel No Pain"],"picked":"SKIP","floor":7.0},{"not_picked":["Body Slam","Armaments"],"picked":"Whirlwind","floor":8.0},{"not_picked":["Wild Strike","Power Through"],"picked":"Shrug It Off","floor":10.0},{"not_picked":["Sword Boomerang","Headbutt"],"picked":"Battle Trance","floor":13.0},{"not_picked":["Bloodletting","Sword Boomerang"],"picked":"Power Through","floor":14.0},{"not_picked":["Offering","Reaper"],"picked":"Bludgeon","floor":16.0},{"not_picked":["Cleave","Wild Strike"],"picked":"Anger+1","floor":18.0},{"not_picked":["Sword Boomerang","Twin Strike"],"picked":"Flex+1","floor":19.0},{"not_picked":["Dropkick","Anger"],"picked":"Flame Barrier","floor":22.0},{"not_picked":["Hemokinesis","Flex","Perfected Strike"],"picked":"SKIP","floor":23.0},{"not_picked":["Anger","Flex","Body Slam"],"picked":"SKIP","floor":25.0},{"not_picked":["True Grit+1","Combust"],"picked":"Seeing Red+1","floor":27.0},{"not_picked":["Armaments","Perfected Strike","Havoc+1"],"picked":"SKIP","floor":28.0},{"not_picked":["Brutality","Clothesline","Headbutt"],"picked":"SKIP","floor":29.0},{"not_picked":["Bloodletting","Headbutt+1"],"picked":"Rupture","floor":30},{"not_picked":["Iron Wave","Wild Strike","Clash"],"picked":"SKIP","floor":31}],"player_experience":216665,"relics_obtained":[{"floor":8.0,"key":"Mango"},{"floor":9.0,"key":"Shuriken"},{"floor":10.0,"key":"Art of War"},{"floor":12.0,"key":"Orichalcum"},{"floor":23.0,"key":"Meat on the Bone"},{"floor":26.0,"key":"Bag of Marbles"},{"floor":27.0,"key":"Self Forming Clay"},{"floor":29.0,"key":"Pen Nib"}],"event_choices":[{"damage_healed":0.0,"max_hp_gain":0.0,"max_hp_loss":0.0,"gold_gain":175.0,"event_name":"Liars Game","player_choice":"AGREE","floor":2.0,"gold_loss":0.0,"damage_taken":0.0,"cards_obtained":["Doubt"]},{"damage_healed":31.0,"max_hp_gain":0.0,"max_hp_loss":0.0,"gold_gain":0.0,"event_name":"Big Fish","player_choice":"Banana","floor":11.0,"gold_loss":0.0,"damage_taken":0.0}],"is_beta":false,"boss_relics":[{"not_picked":["Busted Crown","Black Blood"],"picked":"Astrolabe"}],"items_purged_floors":[4],"is_endless":false,"potions_floor_spawned":[5,7,8,10,16,19,23,28,29],"killed_by":"Collector","ascension_level":4}