{"gold_per_floor":[109,121,136,147,159,159,178,196,243,243,275,225,244,279,279,384,384,398,100,100,119,119,119,150,150,224,237,253,13,23,55,55,55],"floor_reached":33,"playtime":2939,"items_purged":[],"score":326,"play_id":"aa18e257-9bc7-4418-a01c-322e73d9ddfb","local_time":"20190805171325","is_ascension_mode":false,"campfire_choices":[{"data":"Strike_R","floor":6,"key":"SMITH"},{"data":"Seeing Red","floor":10,"key":"SMITH"},{"floor":15,"key":"REST"},{"data":"Perfected Strike","floor":23,"key":"SMITH"},{"floor":25,"key":"REST"},{"floor":32,"key":"REST"}],"neow_cost":"","seed_source_timestamp":115985426725410,"circlet_count":0,"master_deck":["Strike_R+1","Strike_R","Strike_R","Strike_R","Strike_R","Defend_R","Defend_R","Defend_R+1","Bash","Iron Wave","Iron Wave","Perfected Strike","Rampage","Iron Wave","Seeing Red+1","Bludgeon","Iron Wave","Twin Strike","Disarm","Juggernaut","Pommel Strike","Perfected Strike+1","Cleave","Iron Wave","Sever Soul+1","Shrug It Off+1","Cleave+1","Rage","Madness+1","Perfected Strike+1","Infernal Blade","Armaments"],"relics":["Burning Blood","Ancient Tea Set","Lantern","Mercury Hourglass","Runic Cube","Bag of Preparation","Dream Catcher","Frozen Egg 2","Matryoshka","Membership Card","War Paint"],"potions_floor_usage":[4,16,31,33,33],"damage_taken":[{"damage":5,"enemies":"Jaw Worm","floor":1,"turns":6},{"damage":4,"enemies":"Cultist","floor":2,"turns":4},{"damage":11,"enemies":"2 Louse","floor":3,"turns":3},{"damage":2,"enemies":"Large Slime","floor":4,"turns":6},{"damage":9,"enemies":"Blue Slaver","floor":5,"turns":4},{"damage":10,"enemies":"Red Slaver","floor":7,"turns":4},{"damage":1,"enemies":"2 Fungi Beasts","floor":8,"turns":3},{"damage":36,"enemies":"Gremlin Nob","floor":11,"turns":6},{"damage":3,"enemies":"Large Slime","floor":13,"turns":4},{"damage":9,"enemies":"3 Sentries","floor":14,"turns":6},{"damage":32,"enemies":"The Guardian","floor":16,"turns":10},{"damage":6,"enemies":"Chosen","floor":18,"turns":5},{"damage":15,"enemies":"2 Thieves","floor":21,"turns":4},{"damage":25,"enemies":"Gremlin Leader","floor":24,"turns":7},{"damage":8,"enemies":"Snecko","floor":27,"turns":3},{"damage":16,"enemies":"Centurion and Healer","floor":28,"turns":5},{"damage":1,"enemies":"3 Cultists","floor":30,"turns":4},{"damage":24,"enemies":"Book of Stabbing","floor":31,"turns":6},{"damage":94,"enemies":"Champ","floor":33,"turns":11}],"seed_played":"-8613944789757047497","potions_obtained":[{"floor":1,"key":"Ancient Potion"},{"floor":5,"key":"BloodPotion"},{"floor":8,"key":"AttackPotion"},{"floor":13,"key":"Strength Potion"},{"floor":16,"key":"Weak Potion"},{"floor":24,"key":"Swift Potion"},{"floor":27,"key":"AttackPotion"}],"is_trial":false,"path_per_floor":["M","M","M","M","M","R","M","M","T","R","E","?","M","E","R","B",null,"M","$","?","M","?","R","E","R","T","M","M","$","M","E","R","B"],"character_chosen":"IRONCLAD","items_purchased":["Bag of Preparation","Dream Catcher","Membership Card","Madness"],"campfire_rested":3,"item_purchase_floors":[19,19,29,29],"current_hp_per_floor":[80,80,75,79,76,76,72,77,77,77,47,47,50,47,71,45,80,80,80,80,71,71,71,52,76,76,74,64,64,69,51,75,0],"gold":55,"neow_bonus":"","is_prod":false,"is_daily":false,"chose_seed":false,"campfire_upgraded":3,"win_rate":0.0,"timestamp":1565021605,"path_taken":["M","M","M","M","M","R","M","M","T","R","E","?","M","E","R","BOSS","M","$","?","?","?","R","E","R","T","M","?","?","M","E","R","BOSS"],"build_version":"2019-07-17","purchased_purges":0,"victory":false,"max_hp_per_floor":[80,80,80,80,80,80,80,80,80,80,80,80,80,80,80,80,80,80,80,80,80,80,80,80,80,80,80,80,80,80,80,80,80],"card_choices":[{"not_picked":["Searing Blow","Corruption"],"picked":"Iron Wave","floor":1},{"not_picked":["Headbutt","Perfected Strike"],"picked":"Iron Wave","floor":2},{"not_picked":["Clothesline","Bloodletting"],"picked":"Perfected Strike","floor":3},{"not_picked":["Armaments","Sword Boomerang"],"picked":"Rampage","floor":4},{"not_picked":["Thunderclap","Twin Strike"],"picked":"Iron Wave","floor":5},{"not_picked":["Thunderclap","Burning Pact"],"picked":"Seeing Red","floor":7},{"not_picked":["Iron Wave","Ghostly Armor"],"picked":"Bludgeon","floor":8},{"not_picked":["Flex","Berserk"],"picked":"Iron Wave","floor":11},{"not_picked":["Flex","Anger"],"picked":"Twin Strike","floor":13},{"not_picked":["Ghostly Armor","Sword Boomerang"],"picked":"Disarm","floor":14},{"not_picked":["Impervious","Fiend Fire"],"picked":"Juggernaut","floor":16},{"not_picked":["Feel No Pain","Disarm"],"picked":"Pommel Strike","floor":18},{"not_picked":["Clash","Flex"],"picked":"Cleave","floor":21},{"not_picked":["Ghostly Armor","Warcry"],"picked":"Sever Soul+1","floor":24},{"not_picked":["Warcry","Iron Wave"],"picked":"Shrug It Off+1","floor":25},{"not_picked":["Clash+1","Thunderclap"],"picked":"Cleave+1","floor":27},{"not_picked":["Power Through","Cleave"],"picked":"Rage","floor":28},{"not_picked":["Body Slam+1","Pummel+1"],"picked":"Perfected Strike+1","floor":30},{"not_picked":["Disarm","True Grit"],"picked":"Infernal Blade","floor":31},{"not_picked":["Berserk+1","Pommel Strike"],"picked":"Armaments","floor":32}],"player_experience":0,"relics_obtained":[{"floor":9,"key":"Ancient Tea Set"},{"floor":11,"key":"Lantern"},{"floor":14,"key":"Mercury Hourglass"},{"floor":24,"key":"Frozen Egg 2"},{"floor":26,"key":"Matryoshka"},{"floor":31,"key":"War Paint"}],"event_choices":[{"damage_healed":0,"gold_gain":0,"player_choice":"Left Gold","damage_taken":0,"max_hp_gain":0,"max_hp_loss":0,"event_name":"World of Goop","floor":12,"gold_loss":50},{"damage_healed":0,"gold_gain":0,"player_choice":"Copied","damage_taken":0,"max_hp_gain":0,"max_hp_loss":0,"event_name":"Duplicator","floor":20,"gold_loss":0,"cards_obtained":["Perfected Strike"]},{"cards_removed":["Defend_R"],"damage_healed":0,"gold_gain":0,"player_choice":"Took Card","damage_taken":0,"max_hp_gain":0,"max_hp_loss":0,"event_name":"NoteForYourself","floor":22,"gold_loss":0,"cards_obtained":["Iron Wave"]}],"is_beta":false,"boss_relics":[{"not_picked":["Cursed Key","Black Star"],"picked":"Runic Cube"}],"items_purged_floors":[],"is_endless":false,"potions_floor_spawned":[1,5,8,13,16,24,27],"killed_by":"Champ","ascension_level":0}