{"gold_per_floor":[16,16,28,47,47,47,72,72,97,97,61,92,107,117,117,221,221,232,263,273,292,217,217,217],"floor_reached":24,"playtime":1484,"items_purged":[],"score":444,"play_id":"fa70e458-d059-4df4-867e-910de7bcebb7","local_time":"20190905212159","is_ascension_mode":true,"campfire_choices":[{"data":"Footwork","floor":6.0,"key":"SMITH"},{"data":"Neutralize","floor":8.0,"key":"SMITH"},{"floor":10.0,"key":"REST"},{"data":"Dash","floor":15.0,"key":"SMITH"},{"floor":23.0,"key":"REST"}],"neow_cost":"NO_GOLD","seed_source_timestamp":0,"circlet_count":0,"master_deck":["Strike_G","Strike_G","Strike_G","Defend_G","Defend_G","Defend_G","Defend_G","Defend_G","Survivor","Neutralize+1","Escape Plan","Footwork+1","Deadly Poison","PiercingWail","After Image","Masterful Stab","Deadly Poison","Noxious Fumes","Flying Knee","Noxious Fumes","Dash+1","Corpse Explosion","Calculated Gamble","Crippling Poison","Distraction"],"special_seed":0,"relics":["Ring of the Snake","Unceasing Top","Happy Flower","Vajra","Dream Catcher","Snecko Eye","Red Mask"],"potions_floor_usage":[24],"damage_taken":[{"damage":3.0,"enemies":"2 Louse","floor":1.0,"turns":4.0},{"damage":0.0,"enemies":"Small Slimes","floor":3.0,"turns":4.0},{"damage":0.0,"enemies":"Cultist","floor":4.0,"turns":4.0},{"damage":16.0,"enemies":"3 Sentries","floor":7.0,"turns":13.0},{"damage":2.0,"enemies":"Gremlin Nob","floor":12.0,"turns":4.0},{"damage":0.0,"enemies":"Large Slime","floor":13.0,"turns":5.0},{"damage":2.0,"enemies":"Blue Slaver","floor":14.0,"turns":3.0},{"damage":14.0,"enemies":"Hexaghost","floor":16.0,"turns":9.0},{"damage":26.0,"enemies":"Chosen","floor":18.0,"turns":7.0},{"damage":7.0,"enemies":"Masked Bandits","floor":19.0,"turns":3.0},{"damage":7.0,"enemies":"Shell Parasite","floor":20.0,"turns":6.0},{"damage":14.0,"enemies":"Snecko","floor":21.0,"turns":6.0},{"damage":31,"enemies":"Gremlin Leader","floor":24,"turns":6}],"seed_played":"-4305256669413340281","potions_obtained":[{"floor":1.0,"key":"Strength Potion"},{"floor":7.0,"key":"Dexterity Potion"},{"floor":12.0,"key":"SkillPotion"},{"floor":20.0,"key":"Energy Potion"}],"is_trial":false,"path_per_floor":["M","?","M","M","?","R","E","R","T","R","$","E","M","M","R","B",null,"M","?","M","M","?","R","E"],"character_chosen":"THE_SILENT","items_purchased":["Noxious Fumes"],"campfire_rested":2,"item_purchase_floors":[11],"current_hp_per_floor":[60,60,60,60,60,60,44,44,44,65,65,63,63,61,61,47,64,38,31,24,10,10,31,0],"gold":217,"neow_bonus":"ONE_RARE_RELIC","is_prod":false,"is_daily":false,"chose_seed":false,"campfire_upgraded":3,"win_rate":0,"timestamp":1567743719,"path_taken":["M","?","M","M","?","R","E","R","T","R","$","E","M","?","R","BOSS","M","?","M","M","?","R","E"],"build_version":"2019-07-17","purchased_purges":0,"victory":false,"max_hp_per_floor":[70,70,70,70,70,70,70,70,70,70,70,70,70,70,70,70,70,70,70,70,70,70,70,70],"card_choices":[{"not_picked":["Blade Dance","Riddle With Holes"],"picked":"Escape Plan","floor":1.0},{"not_picked":["Acrobatics","Flying Knee"],"picked":"Deadly Poison","floor":3.0},{"not_picked":["Blade Dance","Terror"],"picked":"PiercingWail","floor":4.0},{"not_picked":["Underhanded Strike","Sucker Punch"],"picked":"Deadly Poison","floor":7.0},{"not_picked":["Deadly Poison","Night Terror"],"picked":"Flying Knee","floor":12.0},{"not_picked":["Prepared","Deflect"],"picked":"Noxious Fumes","floor":13.0},{"not_picked":["Masterful Stab","Flying Knee"],"picked":"Dash","floor":14.0},{"not_picked":["Night Terror","Doppelganger"],"picked":"Corpse Explosion","floor":16.0},{"not_picked":["Dagger Spray+1","Backstab","Well Laid Plans+1"],"picked":"SKIP","floor":18.0},{"not_picked":["Outmaneuver","Well Laid Plans+1"],"picked":"Calculated Gamble","floor":19.0},{"not_picked":["Deadly Poison","Deflect"],"picked":"Crippling Poison","floor":20.0},{"not_picked":["Catalyst","PiercingWail","Calculated Gamble+1"],"picked":"SKIP","floor":21.0},{"not_picked":["Bane","Endless Agony"],"picked":"Distraction","floor":23.0}],"player_experience":300105,"relics_obtained":[{"floor":7.0,"key":"Happy Flower"},{"floor":9.0,"key":"Vajra"},{"floor":12.0,"key":"Dream Catcher"},{"floor":19.0,"key":"Red Mask"}],"event_choices":[{"damage_healed":0.0,"max_hp_gain":0.0,"max_hp_loss":0.0,"gold_gain":0.0,"cards_transformed":["Strike_G"],"event_name":"Living Wall","player_choice":"Change","floor":2.0,"gold_loss":0.0,"damage_taken":0.0,"cards_obtained":["Footwork"]},{"damage_healed":0.0,"max_hp_gain":0.0,"max_hp_loss":0.0,"gold_gain":0.0,"event_name":"Match and Keep!","player_choice":"2 cards matched","floor":5.0,"gold_loss":0.0,"damage_taken":0.0,"cards_obtained":["After Image","Masterful Stab"]},{"damage_healed":0.0,"max_hp_gain":0.0,"max_hp_loss":0.0,"gold_gain":0.0,"event_name":"Masked Bandits","player_choice":"Fought Bandits","floor":19.0,"gold_loss":0.0,"damage_taken":0.0},{"cards_removed":["Strike_G"],"damage_healed":0.0,"max_hp_gain":0.0,"max_hp_loss":0.0,"gold_gain":0.0,"event_name":"Beggar","player_choice":"Gave Gold","floor":22.0,"gold_loss":75.0,"damage_taken":0.0}],"is_beta":false,"boss_relics":[{"not_picked":["Philosopher\u0027s Stone","Busted Crown"],"picked":"Snecko Eye"}],"items_purged_floors":[],"is_endless":false,"potions_floor_spawned":[1,7,12,13,20],"killed_by":"Gremlin Leader","ascension_level":9}