{"gold_per_floor":[115,129,147,147,165,165,188,188,188,188,224,247,266,287,287,417,417,430,529,548,188,207,207,222,222,222,258,173,173],"floor_reached":29,"playtime":2553,"items_purged":["Defend_B"],"score":286,"play_id":"f8e4fc2b-9dc9-4144-ac88-90825c7da5a9","local_time":"20190918153212","is_ascension_mode":true,"campfire_choices":[{"data":"Go for the Eyes","floor":6.0,"key":"SMITH"},{"floor":10.0,"key":"REST"},{"floor":15.0,"key":"REST"},{"floor":23.0,"key":"REST"},{"floor":25.0,"key":"REST"}],"neow_cost":"NONE","seed_source_timestamp":0,"circlet_count":0,"master_deck":["Strike_B","Strike_B","Strike_B","Strike_B","Defend_B","Defend_B","Defend_B+1","Zap","Dualcast","Go for the Eyes+1","Coolheaded","Ball Lightning","Rainbow","Gash","Defragment","Conserve Battery","Cold Snap","All For One","Double Energy+1","Leap","Cold Snap","Loop","Mayhem","Hologram","Loop"],"special_seed":0,"relics":["Runic Pyramid","Golden Idol","Dodecahedron","Matryoshka","Black Star","PreservedInsect","Smiling Mask","Question Card","Kunai","Meat on the Bone"],"potions_floor_usage":[29],"damage_taken":[{"damage":2.0,"enemies":"Small Slimes","floor":1.0,"turns":5.0},{"damage":1.0,"enemies":"Jaw Worm","floor":2.0,"turns":4.0},{"damage":0.0,"enemies":"2 Louse","floor":3.0,"turns":3.0},{"damage":4.0,"enemies":"2 Fungi Beasts","floor":5.0,"turns":6.0},{"damage":9.0,"enemies":"3 Louse","floor":7.0,"turns":5.0},{"damage":21.0,"enemies":"3 Sentries","floor":11.0,"turns":6.0},{"damage":1.0,"enemies":"Looter","floor":12.0,"turns":3.0},{"damage":4.0,"enemies":"2 Fungi Beasts","floor":13.0,"turns":4.0},{"damage":7.0,"enemies":"Large Slime","floor":14.0,"turns":4.0},{"damage":11.0,"enemies":"Slime Boss","floor":16.0,"turns":6.0},{"damage":25.0,"enemies":"2 Thieves","floor":18.0,"turns":5.0},{"damage":4.0,"enemies":"Chosen","floor":20.0,"turns":5.0},{"damage":21.0,"enemies":"Shelled Parasite and Fungi","floor":22.0,"turns":6.0},{"damage":18.0,"enemies":"Snecko","floor":24.0,"turns":5.0},{"damage":37.0,"enemies":"Book of Stabbing","floor":27.0,"turns":6.0},{"damage":15,"enemies":"Snake Plant","floor":29,"turns":2}],"seed_played":"8436493335533798437","potions_obtained":[{"floor":2.0,"key":"SteroidPotion"},{"floor":12.0,"key":"AttackPotion"},{"floor":13.0,"key":"Energy Potion"},{"floor":24.0,"key":"AttackPotion"}],"is_trial":false,"path_per_floor":["M","M","M","?","M","R","M","?","T","R","E","M","M","M","R","B",null,"M","?","M","$","M","R","M","R","T","E","?","M"],"character_chosen":"DEFECT","items_purchased":["Cold Snap","Loop","Mayhem"],"campfire_rested":4,"item_purchase_floors":[21,21,21],"current_hp_per_floor":[73,72,72,54,50,50,41,41,41,63,42,41,37,30,52,41,75,50,50,46,46,25,47,29,51,51,14,14,0],"gold":173,"neow_bonus":"BOSS_RELIC","is_prod":false,"is_daily":false,"chose_seed":false,"campfire_upgraded":1,"win_rate":0,"timestamp":1568835132,"path_taken":["M","M","M","?","M","R","M","?","T","R","E","M","M","M","R","BOSS","M","?","M","$","M","R","M","R","T","E","?","M"],"build_version":"2019-07-17","purchased_purges":1,"victory":false,"max_hp_per_floor":[75,75,75,75,75,75,75,75,75,75,75,75,75,75,75,75,75,75,75,75,75,75,75,75,75,75,75,75,75],"card_choices":[{"not_picked":["Beam Cell","Gash"],"picked":"Go for the Eyes","floor":1.0},{"not_picked":["Barrage","Rebound","Steam Power"],"picked":"SKIP","floor":2.0},{"not_picked":["Barrage","Compile Driver"],"picked":"Coolheaded","floor":3.0},{"not_picked":["Steam","Redo"],"picked":"Ball Lightning","floor":5.0},{"not_picked":["Capacitor","Recycle"],"picked":"Rainbow","floor":7.0},{"not_picked":["Beam Cell","Chaos"],"picked":"Gash","floor":11.0},{"not_picked":["Gash","Barrage"],"picked":"Defragment","floor":12.0},{"not_picked":["Darkness","Biased Cognition"],"picked":"Conserve Battery","floor":13.0},{"not_picked":["Conserve Battery","Melter"],"picked":"Cold Snap","floor":14.0},{"not_picked":["Thunder Strike","Biased Cognition"],"picked":"All For One","floor":16.0},{"not_picked":["Streamline","Rebound+1"],"picked":"Double Energy+1","floor":18.0},{"not_picked":["Sunder","Turbo"],"picked":"Leap","floor":20.0},{"not_picked":["Steam","Melter"],"picked":"Hologram","floor":22.0},{"not_picked":["Coolheaded","Multi-Cast"],"picked":"Loop","floor":24.0},{"not_picked":["Chaos","Steam Power","Ball Lightning+1"],"picked":"SKIP","floor":27.0}],"player_experience":104383,"relics_obtained":[{"floor":9.0,"key":"Dodecahedron"},{"floor":11.0,"key":"Matryoshka"},{"floor":26.0,"key":"PreservedInsect"},{"floor":26.0,"key":"Smiling Mask"},{"floor":27.0,"key":"Question Card"},{"floor":27.0,"key":"Kunai"}],"event_choices":[{"damage_healed":0.0,"max_hp_gain":0.0,"max_hp_loss":0.0,"gold_gain":0.0,"event_name":"Golden Idol","player_choice":"Take Damage","floor":4.0,"gold_loss":0.0,"damage_taken":18.0,"relics_obtained":["Golden Idol"]},{"damage_healed":0.0,"max_hp_gain":0.0,"max_hp_loss":0.0,"gold_gain":0.0,"event_name":"Living Wall","player_choice":"Grow","floor":8.0,"gold_loss":0.0,"damage_taken":0.0,"cards_upgraded":["Defend_B"]},{"damage_healed":0.0,"max_hp_gain":0.0,"max_hp_loss":0.0,"gold_gain":99.0,"event_name":"Nest","player_choice":"Stole From Cult","floor":19.0,"gold_loss":0.0,"damage_taken":0.0},{"damage_healed":0,"gold_gain":0,"player_choice":"Obtained Relic","damage_taken":0,"relics_obtained":["Meat on the Bone"],"max_hp_gain":0,"max_hp_loss":0,"event_name":"Addict","floor":28,"gold_loss":85}],"is_beta":false,"boss_relics":[{"not_picked":["Cursed Key","Sozu"],"picked":"Black Star"}],"items_purged_floors":[21],"is_endless":false,"potions_floor_spawned":[2,12,13,14,24],"killed_by":"Snake Plant","ascension_level":3}