{"gold_per_floor":[115,128,143,143,159,189,264,63,63,63,23,49,15,33,33,132,132,144,144,163,181,34,34,60,70,125,140,156,156,81,95,95,190,190,202,202,218,0,100,100,112,112,112,112,112,5,37,47,47,47],"floor_reached":50,"playtime":3777,"items_purged":["Defend_G"],"score":502,"play_id":"9219de11-26c3-4cca-b0f8-ffcdbf5c9075","local_time":"20190918170800","is_ascension_mode":false,"campfire_choices":[{"floor":10.0,"key":"REST"},{"floor":15.0,"key":"REST"},{"data":"Acrobatics","floor":23,"key":"SMITH"},{"floor":29,"key":"REST"},{"floor":32,"key":"REST"},{"floor":40,"key":"REST"},{"floor":42,"key":"REST"},{"floor":45,"key":"REST"},{"floor":49,"key":"REST"}],"neow_cost":"NONE","seed_source_timestamp":0,"circlet_count":0,"master_deck":["Strike_G","Strike_G","Strike_G","Defend_G","Defend_G","Survivor","Neutralize","Footwork","Poisoned Stab","Poisoned Stab","Dodge and Roll","Deflect","Dash","Bane","Footwork","Poisoned Stab","Acrobatics+1","Iron Wave","Dodge and Roll","Bouncing Flask+1","Bane","Crippling Poison","Backflip","Adrenaline","Deadly Poison","Deadly Poison+1","Bane","Noxious Fumes"],"special_seed":0,"relics":["Ring of the Serpent","Shuriken","Sundial","TwistedFunnel","Mercury Hourglass","Ancient Tea Set","Vajra","Bottled Lightning","Strawberry","Fusion Hammer","Red Mask","Torii","Bottled Flame","Tough Bandages"],"potions_floor_usage":[24,33,39,41,48],"damage_taken":[{"damage":0.0,"enemies":"Cultist","floor":1.0,"turns":4.0},{"damage":2.0,"enemies":"2 Louse","floor":2.0,"turns":3.0},{"damage":0.0,"enemies":"Jaw Worm","floor":3.0,"turns":4.0},{"damage":5.0,"enemies":"Blue Slaver","floor":5.0,"turns":4.0},{"damage":8.0,"enemies":"3 Sentries","floor":6.0,"turns":13.0},{"damage":14.0,"enemies":"Gremlin Nob","floor":12.0,"turns":4.0},{"damage":3.0,"enemies":"Exordium Wildlife","floor":14.0,"turns":4.0},{"damage":29.0,"enemies":"The Guardian","floor":16.0,"turns":8.0},{"damage":0.0,"enemies":"Chosen","floor":18.0,"turns":5.0},{"damage":2.0,"enemies":"Spheric Guardian","floor":20.0,"turns":6.0},{"damage":2.0,"enemies":"Centurion and Healer","floor":21.0,"turns":7.0},{"damage":18,"enemies":"Book of Stabbing","floor":24,"turns":6},{"damage":2,"enemies":"3 Cultists","floor":25,"turns":4},{"damage":18,"enemies":"Snake Plant","floor":27,"turns":3},{"damage":19,"enemies":"Shelled Parasite and Fungi","floor":28,"turns":6},{"damage":0,"enemies":"Centurion and Healer","floor":31,"turns":5},{"damage":39,"enemies":"Automaton","floor":33,"turns":10},{"damage":4,"enemies":"Orb Walker","floor":35,"turns":4},{"damage":22,"enemies":"3 Darklings","floor":37,"turns":4},{"damage":0,"enemies":"Mind Bloom Boss Battle","floor":39,"turns":6},{"damage":20,"enemies":"Spire Growth","floor":41,"turns":4},{"damage":27,"enemies":"Reptomancer","floor":47,"turns":7},{"damage":21,"enemies":"Transient","floor":48,"turns":5},{"damage":63,"enemies":"Time Eater","floor":50,"turns":10}],"seed_played":"5622775488435169225","potions_obtained":[{"floor":2.0,"key":"GamblersBrew"},{"floor":3.0,"key":"Ancient Potion"},{"floor":6.0,"key":"PowerPotion"},{"floor":18.0,"key":"Block Potion"},{"floor":20.0,"key":"SkillPotion"},{"floor":24,"key":"AttackPotion"},{"floor":33,"key":"PowerPotion"},{"floor":39,"key":"PowerPotion"}],"is_trial":false,"path_per_floor":["M","M","M","?","M","E","?","$","T","R","$","E","$","M","R","B",null,"M","?","M","M","$","R","E","M","T","M","M","R","$","M","R","B",null,"M","?","M","?","?","R","M","R","T","?","R","$","E","M","R","B"],"character_chosen":"THE_SILENT","items_purchased":["TwistedFunnel","Dash","Footwork","Vajra","Bane","Noxious Fumes"],"campfire_rested":8,"item_purchase_floors":[8,11,13,22,46,46],"current_hp_per_floor":[70,68,68,56,51,43,32,32,32,53,53,39,39,36,57,28,70,70,70,68,66,66,66,48,46,53,35,16,39,39,39,62,23,77,73,73,51,51,51,74,54,77,77,77,77,77,50,29,52,0],"gold":47,"neow_bonus":"TRANSFORM_CARD","is_prod":false,"is_daily":false,"chose_seed":false,"campfire_upgraded":1,"win_rate":0.0,"timestamp":1568840880,"path_taken":["M","M","?","?","M","E","?","?","T","R","$","E","$","M","R","BOSS","M","?","M","M","?","R","E","M","T","M","M","R","$","M","R","BOSS","M","?","?","?","?","R","M","R","T","?","R","?","E","M","R","BOSS"],"build_version":"2019-07-17","purchased_purges":1,"victory":false,"max_hp_per_floor":[70,70,70,70,70,70,70,70,70,70,70,70,70,70,70,70,70,70,70,70,70,70,70,70,70,77,77,77,77,77,77,77,77,77,77,77,77,77,77,77,77,77,77,77,77,77,77,77,77,77],"card_choices":[{"not_picked":["PiercingWail","Caltrops"],"picked":"Poisoned Stab","floor":1.0},{"not_picked":["Dodge and Roll","Eviscerate","Sucker Punch"],"picked":"SKIP","floor":2.0},{"not_picked":["Predator","Terror"],"picked":"Poisoned Stab","floor":3.0},{"not_picked":["Blade Dance","Slice"],"picked":"Dodge and Roll","floor":5.0},{"not_picked":["Flying Knee","Finisher"],"picked":"Deflect","floor":6.0},{"not_picked":["Wraith Form v2","Blade Dance"],"picked":"Bane","floor":12.0},{"not_picked":["Terror","Quick Slash"],"picked":"Poisoned Stab","floor":14.0},{"not_picked":["Finisher+1","Blade Dance"],"picked":"Acrobatics","floor":18.0},{"not_picked":["Prepared","Dagger Spray+1"],"picked":"Dodge and Roll","floor":20.0},{"not_picked":["Poisoned Stab","Backflip"],"picked":"Bouncing Flask+1","floor":21},{"not_picked":["Outmaneuver","Masterful Stab+1","Dodge and Roll"],"picked":"SKIP","floor":24},{"not_picked":["Terror","Poisoned Stab"],"picked":"Bane","floor":25},{"not_picked":["Slice+1","Underhanded Strike"],"picked":"Crippling Poison","floor":27},{"not_picked":["Dash","Blade Dance+1","Dagger Throw+1"],"picked":"SKIP","floor":28},{"not_picked":["Flechettes","Eviscerate"],"picked":"Backflip","floor":31},{"not_picked":["A Thousand Cuts","Night Terror"],"picked":"Adrenaline","floor":33},{"not_picked":["Dagger Spray+1","PiercingWail+1","Acrobatics"],"picked":"SKIP","floor":35},{"not_picked":["Quick Slash","Underhanded Strike+1"],"picked":"Deadly Poison","floor":37},{"not_picked":["Bane","Calculated Gamble+1"],"picked":"Deadly Poison+1","floor":41},{"not_picked":["Quick Slash+1","Backstab","Riddle With Holes"],"picked":"SKIP","floor":47},{"not_picked":["Dash+1","Heel Hook","Tools of the Trade"],"picked":"SKIP","floor":48}],"player_experience":63626,"relics_obtained":[{"floor":6.0,"key":"Sundial"},{"floor":9.0,"key":"Mercury Hourglass"},{"floor":12.0,"key":"Ancient Tea Set"},{"floor":24,"key":"Bottled Lightning"},{"floor":26,"key":"Strawberry"},{"floor":39,"key":"Torii"},{"floor":43,"key":"Bottled Flame"},{"floor":47,"key":"Tough Bandages"}],"event_choices":[{"damage_healed":0.0,"max_hp_gain":0.0,"max_hp_loss":0.0,"gold_gain":0.0,"event_name":"Scrap Ooze","player_choice":"Success","floor":4.0,"gold_loss":0.0,"damage_taken":12.0,"relics_obtained":["Shuriken"]},{"damage_healed":0.0,"max_hp_gain":0.0,"max_hp_loss":0.0,"gold_gain":75.0,"event_name":"World of Goop","player_choice":"Gather Gold","floor":7.0,"gold_loss":0.0,"damage_taken":11.0},{"cards_removed":["Strike_G"],"damage_healed":0.0,"max_hp_gain":0.0,"max_hp_loss":0.0,"gold_gain":0.0,"event_name":"NoteForYourself","player_choice":"Took Card","floor":19.0,"gold_loss":0.0,"damage_taken":0.0,"cards_obtained":["Iron Wave"]},{"cards_removed":["Defend_G"],"damage_healed":0,"gold_gain":0,"player_choice":"Purged","damage_taken":0,"max_hp_gain":0,"max_hp_loss":0,"event_name":"Purifier","floor":36,"gold_loss":0},{"damage_healed":0,"gold_gain":0,"player_choice":"Paid","damage_taken":0,"relics_obtained":["Red Mask"],"max_hp_gain":0,"max_hp_loss":0,"event_name":"Tomb of Lord Red Mask","floor":38,"gold_loss":218},{"damage_healed":0,"gold_gain":0,"player_choice":"Fight","damage_taken":0,"max_hp_gain":0,"max_hp_loss":0,"event_name":"MindBloom","floor":39,"gold_loss":0},{"cards_removed":["Defend_G"],"damage_healed":0,"gold_gain":0,"player_choice":"Removed Skill","damage_taken":0,"max_hp_gain":0,"max_hp_loss":0,"event_name":"Falling","floor":44,"gold_loss":0}],"is_beta":false,"boss_relics":[{"not_picked":["Tiny House","Coffee Dripper"],"picked":"Ring of the Serpent"},{"not_picked":["Philosopher\u0027s Stone","Orrery"],"picked":"Fusion Hammer"}],"items_purged_floors":[30],"is_endless":false,"potions_floor_spawned":[2,3,6,18,20,24,27,33,35,39],"killed_by":"Time Eater","ascension_level":0}