{"gold_per_floor":[117,217,237,139,139,173,190,190,213,230,35,35,51,67,67,164,164,178,192,117,42,42,42,58,58,58,70,70,95,111,121,121,220,220,232,101,101,113,126,126,126,143,214,214,214,234,234,249,249,249],"floor_reached":51,"playtime":4453,"items_purged":["Defend_G","Writhe"],"score":733,"play_id":"80ba0eaf-a13f-47b2-a568-5b7f4c1302f5","local_time":"20190917184955","is_ascension_mode":true,"campfire_choices":[{"floor":8,"key":"REST"},{"data":"A Thousand Cuts","floor":12,"key":"SMITH"},{"data":"Escape Plan","floor":15,"key":"SMITH"},{"data":"Dodge and Roll","floor":23,"key":"SMITH"},{"data":"Escape Plan","floor":25,"key":"SMITH"},{"data":"A Thousand Cuts","floor":28,"key":"SMITH"},{"data":"Escape Plan","floor":32,"key":"SMITH"},{"data":"Footwork","floor":40,"key":"SMITH"},{"data":"Apotheosis","floor":44,"key":"SMITH"},{"floor":49,"key":"REST"}],"neow_cost":"NONE","seed_source_timestamp":429176287113134,"circlet_count":0,"master_deck":["Strike_G","Strike_G","Strike_G","Defend_G","Defend_G","Defend_G","Survivor","Neutralize","Escape Plan+1","Prepared","PiercingWail","A Thousand Cuts+1","Escape Plan+1","Escape Plan+1","Predator","Unload","Dodge and Roll+1","Distraction+1","Infinite Blades","Poisoned Stab+1","A Thousand Cuts+1","A Thousand Cuts","Outmaneuver+1","Escape Plan+1","Tools of the Trade","Footwork+1","Backflip+1","PiercingWail+1","Apotheosis+1","Dodge and Roll+1","Pain","Reflex","Flechettes+1","Writhe","Blur+1"],"relics":["Ring of the Snake","Boot","Anchor","Cursed Key","Nloth\u0027s Gift","Mummified Hand","Smiling Mask","Philosopher\u0027s Stone","Ancient Tea Set","Letter Opener","Darkstone Periapt"],"potions_floor_usage":[10,16,16,27,33,33,50,50],"damage_taken":[{"damage":1,"enemies":"Jaw Worm","floor":1,"turns":5},{"damage":0,"enemies":"Cultist","floor":3,"turns":4},{"damage":55,"enemies":"3 Sentries","floor":6,"turns":19},{"damage":9,"enemies":"2 Louse","floor":7,"turns":3},{"damage":15,"enemies":"Exordium Thugs","floor":10,"turns":7},{"damage":0,"enemies":"Blue Slaver","floor":13,"turns":3},{"damage":0,"enemies":"Red Slaver","floor":14,"turns":4},{"damage":61,"enemies":"Hexaghost","floor":16,"turns":12},{"damage":0,"enemies":"3 Byrds","floor":18,"turns":3},{"damage":6,"enemies":"2 Thieves","floor":19,"turns":4},{"damage":7,"enemies":"Centurion and Healer","floor":24,"turns":5},{"damage":0,"enemies":"Snecko","floor":27,"turns":4},{"damage":5,"enemies":"Book of Stabbing","floor":29,"turns":4},{"damage":0,"enemies":"3 Cultists","floor":30,"turns":5},{"damage":0,"enemies":"Cultist and Chosen","floor":31,"turns":4},{"damage":63,"enemies":"Champ","floor":33,"turns":8},{"damage":5,"enemies":"3 Shapes","floor":35,"turns":3},{"damage":6,"enemies":"Orb Walker","floor":38,"turns":3},{"damage":3,"enemies":"Maw","floor":39,"turns":6},{"damage":6,"enemies":"Sphere and 2 Shapes","floor":42,"turns":3},{"damage":2,"enemies":"Jaw Worm Horde","floor":46,"turns":3},{"damage":24,"enemies":"Spire Growth","floor":48,"turns":4},{"damage":42,"enemies":"Awakened One","floor":50,"turns":11}],"seed_played":"7459352259614074729","potions_obtained":[{"floor":6,"key":"GamblersBrew"},{"floor":10,"key":"AttackPotion"},{"floor":14,"key":"Swift Potion"},{"floor":18,"key":"Dexterity Potion"},{"floor":19,"key":"Block Potion"},{"floor":27,"key":"Strength Potion"},{"floor":29,"key":"Poison Potion"},{"floor":42,"key":"Ancient Potion"},{"floor":46,"key":"PowerPotion"}],"is_trial":false,"path_per_floor":["M","?","M","$","?","E","M","R","T","M","$","R","M","M","R","B",null,"M","M","?","$","?","R","M","R","T","M","R","E","M","M","R","B",null,"M","$","?","M","M","R","?","M","T","R","?","M","T","M","R","B",null],"character_chosen":"THE_SILENT","items_purchased":["PiercingWail","Lee\u0027s Waffle","Infinite Blades","Footwork"],"campfire_rested":2,"item_purchase_floors":[4,11,21,36],"current_hp_per_floor":[76,76,76,76,76,21,12,35,35,20,84,84,84,84,84,23,84,84,78,78,78,78,78,71,71,71,71,71,66,66,66,66,3,84,79,79,79,73,70,70,70,64,64,64,64,62,62,38,63,21],"gold":249,"neow_bonus":"TEN_PERCENT_HP_BONUS","is_prod":false,"is_daily":false,"chose_seed":false,"campfire_upgraded":8,"win_rate":0,"timestamp":1568760595,"path_taken":["M","?","M","?","?","E","M","R","T","M","$","R","M","M","R","BOSS","M","M","?","$","?","R","M","R","T","M","R","E","M","M","R","BOSS","M","$","?","M","?","R","?","M","T","R","?","?","?","M","R","BOSS"],"build_version":"2019-07-17","purchased_purges":2,"victory":true,"max_hp_per_floor":[77,77,77,77,77,77,77,77,77,77,84,84,84,84,84,84,84,84,84,84,84,84,84,84,84,84,84,84,84,84,84,84,84,84,84,84,84,84,84,84,84,84,84,84,84,84,84,84,84,84],"card_choices":[{"not_picked":["Dagger Throw","Choke"],"picked":"Escape Plan","floor":1},{"not_picked":["All Out Attack","Flying Knee"],"picked":"Prepared","floor":3},{"not_picked":["Acrobatics","Expertise"],"picked":"A Thousand Cuts","floor":6},{"not_picked":["Dash","Leg Sweep","Underhanded Strike"],"picked":"SKIP","floor":7},{"not_picked":["Deadly Poison","Dash"],"picked":"Escape Plan","floor":10},{"not_picked":["Prepared","Blade Dance"],"picked":"Escape Plan","floor":13},{"not_picked":["Catalyst","Flying Knee"],"picked":"Predator","floor":14},{"not_picked":["A Thousand Cuts","Storm of Steel"],"picked":"Unload","floor":16},{"not_picked":["Caltrops","Cloak And Dagger"],"picked":"Dodge and Roll","floor":18},{"not_picked":["Masterful Stab","Deflect"],"picked":"Distraction+1","floor":19},{"not_picked":["Dagger Throw","Distraction"],"picked":"Poisoned Stab+1","floor":24},{"not_picked":["Backstab","Bane"],"picked":"A Thousand Cuts","floor":27},{"not_picked":["Venomology","Sucker Punch"],"picked":"A Thousand Cuts","floor":29},{"not_picked":["Masterful Stab+1","Deflect"],"picked":"Outmaneuver+1","floor":30},{"not_picked":["Acrobatics","Quick Slash"],"picked":"Escape Plan+1","floor":31},{"not_picked":["Caltrops","Poisoned Stab"],"picked":"Tools of the Trade","floor":35},{"not_picked":["Acrobatics+1","Blade Dance"],"picked":"Backflip+1","floor":38},{"not_picked":["Tactician+1","Bane"],"picked":"PiercingWail+1","floor":39},{"not_picked":["Metamorphosis","Dramatic Entrance"],"picked":"Apotheosis","floor":41},{"not_picked":["Deadly Poison","Deflect+1"],"picked":"Dodge and Roll+1","floor":42},{"not_picked":["Prepared+1","PiercingWail"],"picked":"Flechettes+1","floor":46},{"not_picked":["PiercingWail+1","Slice"],"picked":"Blur+1","floor":48}],"player_experience":94954,"relics_obtained":[{"floor":6,"key":"Boot"},{"floor":9,"key":"Anchor"},{"floor":26,"key":"Mummified Hand"},{"floor":29,"key":"Smiling Mask"},{"floor":43,"key":"Letter Opener"},{"floor":47,"key":"Darkstone Periapt"}],"event_choices":[{"damage_healed":0,"gold_gain":100,"player_choice":"Pray","damage_taken":0,"max_hp_gain":0,"max_hp_loss":0,"event_name":"Golden Shrine","floor":2,"gold_loss":0},{"cards_removed":["Strike_G"],"damage_healed":0,"gold_gain":0,"player_choice":"Purged","damage_taken":0,"max_hp_gain":0,"max_hp_loss":0,"event_name":"Purifier","floor":5,"gold_loss":0},{"cards_removed":["Defend_G"],"damage_healed":0,"gold_gain":0,"player_choice":"Gave Gold","damage_taken":0,"max_hp_gain":0,"max_hp_loss":0,"event_name":"Beggar","floor":20,"gold_loss":75},{"damage_healed":0,"gold_gain":0,"player_choice":"Traded Relic","damage_taken":0,"relics_obtained":["Nloth\u0027s Gift"],"max_hp_gain":0,"max_hp_loss":0,"event_name":"N\u0027loth","floor":22,"relics_lost":["Lee\u0027s Waffle"],"gold_loss":0},{"damage_healed":0,"gold_gain":0,"player_choice":"Gave Potion","damage_taken":0,"relics_obtained":["Ancient Tea Set"],"max_hp_gain":0,"max_hp_loss":0,"event_name":"WeMeetAgain","floor":37,"gold_loss":0},{"damage_healed":0,"gold_gain":0,"player_choice":"Memory 1","damage_taken":0,"max_hp_gain":0,"max_hp_loss":0,"event_name":"SensoryStone","floor":41,"gold_loss":0},{"damage_healed":0,"gold_gain":0,"cards_transformed":["Strike_G"],"player_choice":"Transformed","damage_taken":0,"max_hp_gain":0,"max_hp_loss":0,"event_name":"Transmorgrifier","floor":45,"gold_loss":0,"cards_obtained":["Reflex"]}],"is_beta":false,"boss_relics":[{"not_picked":["Coffee Dripper","Runic Dome"],"picked":"Cursed Key"},{"not_picked":["Eternal Feather","Velvet Choker"],"picked":"Philosopher\u0027s Stone"}],"items_purged_floors":[4,36],"is_endless":false,"potions_floor_spawned":[6,10,14,18,19,27,29,42,46],"ascension_level":2}