{"gold_per_floor":[212,212,212,228,178,178,205,222,300,32,58,83,83,103,103,202,202,217,166,166,9,20,20,49,49,49,63,63,82,97,109,109,214,214,234,234,234,234,37,37,48,64,64,76,113,136,166,178],"floor_reached":48,"playtime":1726,"items_purged":[],"score":475,"play_id":"def51573-df50-4702-8da1-65c52b8ba80d","local_time":"20190716190804","is_ascension_mode":false,"campfire_choices":[{"data":"Inflame","floor":6,"key":"SMITH"},{"floor":13,"key":"REST"},{"data":"Demon Form","floor":15,"key":"SMITH"},{"floor":23,"key":"REST"},{"data":"Berserk","floor":25,"key":"SMITH"},{"floor":32,"key":"REST"},{"data":"Berserk","floor":40,"key":"SMITH"}],"neow_cost":"NONE","seed_source_timestamp":521221907942300,"circlet_count":0,"master_deck":["Strike_R","Strike_R","Defend_R","Defend_R","Defend_R","Inflame+1","Sever Soul","Sword Boomerang","Flex","Feel No Pain","Sentinel","Shrug It Off","Demon Form+1","Berserk+1","Combust","Bloodletting+1","Shockwave+1","Flex","Sentinel+1","Blood for Blood+1","Berserk+1","Disarm","Madness","Madness","Disarm+1","Seeing Red","Doubt","Flex","Sever Soul"],"relics":["Burning Blood","Unceasing Top","Odd Mushroom","Mummified Hand","Regal Pillow","Gremlin Horn","Bag of Preparation","Empty Cage","PreservedInsect","Bag of Marbles","Blood Vial","Mark of Pain","Membership Card","MawBank","Oddly Smooth Stone"],"potions_floor_usage":[33,33,33,41,48,48],"damage_taken":[{"damage":2,"enemies":"Small Slimes","floor":1,"turns":4},{"damage":5,"enemies":"2 Louse","floor":4,"turns":3},{"damage":27,"enemies":"The Mushroom Lair","floor":7,"turns":4},{"damage":0,"enemies":"Cultist","floor":8,"turns":2},{"damage":21,"enemies":"3 Sentries","floor":11,"turns":7},{"damage":4,"enemies":"Blue Slaver","floor":14,"turns":3},{"damage":22,"enemies":"Slime Boss","floor":16,"turns":6},{"damage":19,"enemies":"Chosen","floor":18,"turns":6},{"damage":13,"enemies":"3 Byrds","floor":22,"turns":4},{"damage":29,"enemies":"Gremlin Leader","floor":24,"turns":2},{"damage":12,"enemies":"Centurion and Healer","floor":27,"turns":4},{"damage":24,"enemies":"Snake Plant","floor":29,"turns":4},{"damage":11,"enemies":"Snecko","floor":30,"turns":4},{"damage":12,"enemies":"3 Cultists","floor":31,"turns":5},{"damage":41,"enemies":"Collector","floor":33,"turns":5},{"damage":10,"enemies":"Orb Walker","floor":35,"turns":3},{"damage":47,"enemies":"3 Darklings","floor":41,"turns":7},{"damage":23,"enemies":"Writhing Mass","floor":42,"turns":6},{"damage":30,"enemies":"Maw","floor":46,"turns":6},{"damage":16,"enemies":"Transient","floor":47,"turns":5},{"damage":54,"enemies":"Jaw Worm Horde","floor":48,"turns":5}],"seed_played":"-4409089349897377702","potions_obtained":[{"floor":1,"key":"LiquidBronze"},{"floor":8,"key":"SteroidPotion"},{"floor":24,"key":"SteroidPotion"},{"floor":33,"key":"Block Potion"},{"floor":42,"key":"LiquidBronze"},{"floor":46,"key":"LiquidBronze"}],"is_trial":false,"path_per_floor":["M","?","?","M","?","R","?","M","T","$","E","T","R","M","R","B",null,"M","$","?","$","M","R","E","R","T","M","$","M","M","M","R","B",null,"M","?","?","?","$","R","M","M","T","?","T","M","M","M"],"character_chosen":"IRONCLAD","items_purchased":["Regal Pillow","Feel No Pain","Sentinel","SteroidPotion","PreservedInsect","Membership Card"],"campfire_rested":3,"item_purchase_floors":[10,10,10,19,21,39],"current_hp_per_floor":[80,73,73,74,74,74,53,59,59,59,44,44,80,80,80,64,80,67,67,67,67,60,80,57,57,57,53,53,37,34,30,69,36,80,76,66,66,66,66,66,27,12,12,80,80,56,48,0],"gold":178,"neow_bonus":"HUNDRED_GOLD","is_prod":false,"is_daily":false,"chose_seed":false,"campfire_upgraded":4,"win_rate":0,"timestamp":1563322084,"path_taken":["M","?","?","M","?","R","?","M","T","?","E","?","R","M","R","BOSS","M","?","?","?","M","R","E","R","T","M","?","M","M","?","R","BOSS","M","?","?","?","?","R","M","M","T","?","?","M","?","M"],"build_version":"2019-07-05","purchased_purges":0,"victory":false,"max_hp_per_floor":[80,80,80,80,80,80,80,80,80,80,80,80,80,80,80,80,80,80,80,80,80,80,80,80,80,80,80,80,80,80,80,80,80,80,80,80,80,80,80,80,80,80,80,80,80,80,80,80],"card_choices":[{"not_picked":["True Grit","Power Through"],"picked":"Inflame","floor":1},{"not_picked":["Body Slam","Iron Wave","Anger"],"picked":"SKIP","floor":4},{"not_picked":["Armaments","Thunderclap"],"picked":"Sword Boomerang","floor":7},{"not_picked":["True Grit","Entrench"],"picked":"Flex","floor":8},{"not_picked":["Thunderclap","Carnage"],"picked":"Shrug It Off","floor":11},{"not_picked":["Cleave","Power Through"],"picked":"Demon Form","floor":14},{"not_picked":["Reaper","Impervious"],"picked":"Berserk","floor":16},{"not_picked":["Clash","Thunderclap"],"picked":"Combust","floor":18},{"not_picked":["Iron Wave+1","Cleave"],"picked":"Bloodletting+1","floor":22},{"not_picked":["Sever Soul","Spot Weakness"],"picked":"Shockwave+1","floor":24},{"not_picked":["Blood for Blood","Iron Wave+1"],"picked":"Flex","floor":27},{"not_picked":["Rampage+1","Thunderclap+1"],"picked":"Sentinel+1","floor":29},{"not_picked":["Anger","Heavy Blade","Pommel Strike"],"picked":"SKIP","floor":30},{"not_picked":["Flame Barrier","Clothesline"],"picked":"Blood for Blood+1","floor":31},{"not_picked":["Juggernaut","Immolate"],"picked":"Berserk","floor":33},{"not_picked":["Warcry","Anger+1"],"picked":"Disarm","floor":35},{"not_picked":["Rupture","Headbutt+1"],"picked":"Disarm+1","floor":41},{"not_picked":["Perfected Strike","Flame Barrier+1"],"picked":"Seeing Red","floor":42},{"not_picked":["Flame Barrier","Twin Strike"],"picked":"Flex","floor":46},{"not_picked":["Havoc","Warcry"],"picked":"Sever Soul","floor":47}],"player_experience":40767,"relics_obtained":[{"floor":7,"key":"Odd Mushroom"},{"floor":9,"key":"Mummified Hand"},{"floor":11,"key":"Gremlin Horn"},{"floor":12,"key":"Bag of Preparation"},{"floor":24,"key":"Bag of Marbles"},{"floor":26,"key":"Blood Vial"},{"floor":43,"key":"MawBank"},{"floor":45,"key":"Oddly Smooth Stone"}],"event_choices":[{"damage_healed":0,"gold_gain":0,"player_choice":"Success","damage_taken":7,"relics_obtained":["Unceasing Top"],"max_hp_gain":0,"max_hp_loss":0,"event_name":"Scrap Ooze","floor":2,"gold_loss":0},{"damage_healed":0,"gold_gain":0,"cards_transformed":["Strike_R"],"player_choice":"Change","damage_taken":0,"max_hp_gain":0,"max_hp_loss":0,"event_name":"Living Wall","floor":3,"gold_loss":0,"cards_obtained":["Sever Soul"]},{"cards_removed":["Strike_R"],"damage_healed":0,"gold_gain":0,"player_choice":"Card Removal","damage_taken":0,"max_hp_gain":0,"max_hp_loss":0,"event_name":"The Cleric","floor":5,"gold_loss":50},{"damage_healed":0,"gold_gain":0,"player_choice":"Fought Mushrooms","damage_taken":0,"max_hp_gain":0,"max_hp_loss":0,"event_name":"Mushrooms","floor":7,"gold_loss":0},{"damage_healed":0,"gold_gain":0,"player_choice":"Ignored","damage_taken":0,"max_hp_gain":0,"max_hp_loss":0,"event_name":"Vampires","floor":20,"gold_loss":0},{"damage_healed":0,"gold_gain":0,"player_choice":"Embrace Madness","damage_taken":10,"max_hp_gain":0,"max_hp_loss":0,"event_name":"Winding Halls","floor":36,"gold_loss":0,"cards_obtained":["Madness","Madness"]},{"cards_removed":["Bash"],"damage_healed":0,"gold_gain":0,"player_choice":"Removed Attack","damage_taken":0,"max_hp_gain":0,"max_hp_loss":0,"event_name":"Falling","floor":37,"gold_loss":0},{"damage_healed":0,"gold_gain":0,"player_choice":"Ignored","damage_taken":0,"max_hp_gain":0,"max_hp_loss":0,"event_name":"Tomb of Lord Red Mask","floor":38,"gold_loss":0},{"damage_healed":68,"gold_gain":0,"player_choice":"Heal","damage_taken":0,"max_hp_gain":0,"max_hp_loss":0,"event_name":"MindBloom","floor":44,"gold_loss":0,"cards_obtained":["Doubt"]}],"is_beta":false,"boss_relics":[{"not_picked":["Velvet Choker","Lizard Tail"],"picked":"Empty Cage"},{"not_picked":["White Beast Statue","Fusion Hammer"],"picked":"Mark of Pain"}],"items_purged_floors":[],"is_endless":false,"potions_floor_spawned":[1,8,24,27,30,33,42,46],"killed_by":"Jaw Worm Horde","ascension_level":0}