{"gold_per_floor":[110,385,80,104,104,104,121,121,121,137,153,21,38,57,57,153,153,170,170,170,189,208,208,76,76,150,150,168,268,293,308,308,407,407,419,419,769,769,769,769,195,213,213,225,225,277,287,304,304,304],"floor_reached":50,"playtime":6607,"items_purged":["Regret","Hologram"],"score":557,"play_id":"8253c555-e397-43d4-a0b9-c1bd763ebea3","local_time":"20190710225353","is_ascension_mode":false,"campfire_choices":[{"data":"Static Discharge","floor":6,"key":"SMITH"},{"data":"Seek","floor":8,"key":"SMITH"},{"data":"Tempest","floor":15,"key":"SMITH"},{"floor":23,"key":"REST"},{"floor":25,"key":"REST"},{"data":"Multi-Cast","floor":27,"key":"SMITH"},{"floor":32,"key":"REST"},{"floor":40,"key":"REST"},{"floor":45,"key":"REST"},{"floor":49,"key":"REST"}],"neow_cost":"TEN_PERCENT_HP_LOSS","seed_source_timestamp":71345226115000,"circlet_count":0,"master_deck":["Strike_B","Strike_B","Strike_B","Strike_B","Defend_B","Defend_B","Defend_B","Defend_B","Seek+1","Double Energy+1","Sunder","Aggregate","Static Discharge+1","Coolheaded","Conserve Battery","Conserve Battery","Reinforced Body","FTL","Beam Cell","Coolheaded","Lockon","Tempest+1","Sunder","RitualDagger","Ball Lightning","Defragment+1","Beam Cell","Go for the Eyes+1","Melter+1","Thunder Strike","Creative AI+1","Scrape+1","Finesse","Panache+1","Swift Strike","Fusion","Storm+1","Secret Technique","Flash of Steel","Parasite","Sunder+1","Beam Cell+1"],"relics":["Cracked Core","Strawberry","Letter Opener","Lizard Tail","Mummified Hand","Bird Faced Urn","Frozen Egg 2","Red Mask","Empty Cage","Old Coin","Bag of Marbles","Molten Egg 2","Lantern"],"potions_floor_usage":[16,21,30,30,33,33,50],"damage_taken":[{"damage":1,"enemies":"Jaw Worm","floor":1,"turns":5},{"damage":4,"enemies":"Cultist","floor":7,"turns":5},{"damage":0,"enemies":"Small Slimes","floor":10,"turns":2},{"damage":1,"enemies":"Exordium Thugs","floor":11,"turns":4},{"damage":6,"enemies":"Red Slaver","floor":13,"turns":4},{"damage":0,"enemies":"Exordium Wildlife","floor":14,"turns":3},{"damage":0,"enemies":"Slime Boss","floor":16,"turns":4},{"damage":10,"enemies":"Chosen","floor":18,"turns":3},{"damage":7,"enemies":"Spheric Guardian","floor":21,"turns":4},{"damage":23,"enemies":"Snecko","floor":22,"turns":3},{"damage":12,"enemies":"Sentry and Sphere","floor":28,"turns":4},{"damage":20,"enemies":"Colosseum Slavers","floor":29,"turns":3},{"damage":7,"enemies":"Colosseum Nobs","floor":29,"turns":3},{"damage":7,"enemies":"Masked Bandits","floor":30,"turns":3},{"damage":24,"enemies":"Chosen and Byrds","floor":31,"turns":5},{"damage":71,"enemies":"Automaton","floor":33,"turns":10},{"damage":8,"enemies":"Orb Walker","floor":35,"turns":3},{"damage":40,"enemies":"2 Orb Walkers","floor":37,"turns":3},{"damage":37,"enemies":"3 Darklings","floor":42,"turns":4},{"damage":13,"enemies":"Sphere and 2 Shapes","floor":44,"turns":4},{"damage":0,"enemies":"Writhing Mass","floor":47,"turns":4},{"damage":31,"enemies":"Jaw Worm Horde","floor":48,"turns":3},{"damage":69,"enemies":"Time Eater","floor":50,"turns":5}],"seed_played":"-3467768830073850448","potions_obtained":[{"floor":10,"key":"GamblersBrew"},{"floor":11,"key":"Strength Potion"},{"floor":14,"key":"Weak Potion"},{"floor":21,"key":"GamblersBrew"},{"floor":29,"key":"EssenceOfSteel"},{"floor":30,"key":"Regen Potion"},{"floor":33,"key":"GamblersBrew"},{"floor":48,"key":"FearPotion"}],"is_trial":false,"path_per_floor":["M","?","$","T","?","R","M","R","T","M","M","$","M","M","R","B",null,"M","?","?","M","M","R","$","R","T","R","M","?","?","M","R","B",null,"M","?","?","?","?","R","$","M","T","M","R","T","M","M","R","B"],"character_chosen":"DEFECT","items_purchased":["Sunder","Aggregate","Static Discharge","Coolheaded","FTL","Beam Cell","Coolheaded","Hologram","Beam Cell","Blizzard","Storm+1","Secret Technique","Flash of Steel","Bag of Marbles"],"campfire_rested":6,"item_purchase_floors":[3,3,3,3,12,12,12,24,24,24,41,41,41,41],"current_hp_per_floor":[67,67,67,74,74,74,70,70,70,70,69,69,63,63,63,63,75,65,59,52,45,22,44,44,66,66,66,54,27,20,37,59,7,75,71,71,39,29,29,51,51,20,20,13,35,35,45,22,44,0],"gold":304,"neow_bonus":"TRANSFORM_TWO_CARDS","is_prod":false,"is_daily":false,"chose_seed":false,"campfire_upgraded":4,"win_rate":0.0,"timestamp":1562813633,"path_taken":["M","?","$","?","?","R","?","R","T","M","M","?","M","M","R","BOSS","M","?","?","?","M","R","$","R","T","R","M","?","?","M","R","BOSS","M","?","?","?","?","R","$","?","T","M","R","?","M","M","R","BOSS"],"build_version":"2019-07-05","purchased_purges":2,"victory":false,"max_hp_per_floor":[68,68,68,75,75,75,75,75,75,75,75,75,75,75,75,75,75,75,75,75,75,75,75,75,75,75,75,75,75,75,75,75,75,75,75,75,75,75,75,75,75,75,75,75,75,75,75,75,75,75],"card_choices":[{"not_picked":["Sweeping Beam","Genetic Algorithm"],"picked":"Double Energy","floor":1},{"not_picked":["Compile Driver","Consume"],"picked":"Conserve Battery","floor":7},{"not_picked":["Glacier","Rebound"],"picked":"Conserve Battery","floor":10},{"not_picked":["Cold Snap","Turbo"],"picked":"Reinforced Body","floor":11},{"not_picked":["Compile Driver","Cold Snap"],"picked":"Lockon","floor":13},{"not_picked":["Barrage","Redo"],"picked":"Tempest","floor":14},{"not_picked":["Seek","All For One"],"picked":"Multi-Cast","floor":16},{"not_picked":["Ball Lightning","Conserve Battery+1"],"picked":"Sunder","floor":18},{"not_picked":["Redo","Gash"],"picked":"Ball Lightning","floor":21},{"not_picked":["FTL","Hello World"],"picked":"Defragment+1","floor":22},{"not_picked":["Storm","Gash"],"picked":"Go for the Eyes+1","floor":28},{"not_picked":["Gash","White Noise"],"picked":"Melter+1","floor":29},{"not_picked":["Streamline","Steam Power"],"picked":"Thunder Strike","floor":30},{"not_picked":["Storm+1","Barrage","Leap"],"picked":"SKIP","floor":31},{"not_picked":["Seek","Biased Cognition+1"],"picked":"Creative AI+1","floor":33},{"not_picked":["Gash","Sweeping Beam"],"picked":"Scrape+1","floor":35},{"not_picked":["Good Instincts","Dramatic Entrance"],"picked":"Finesse","floor":38},{"not_picked":["Flash of Steel","Enlightenment"],"picked":"Panache+1","floor":38},{"not_picked":["Jack Of All Trades","Metamorphosis"],"picked":"Swift Strike","floor":38},{"not_picked":["Chill+1","Barrage","Sweeping Beam"],"picked":"SKIP","floor":42},{"not_picked":["Glacier","Redo+1","Auto Shields"],"picked":"SKIP","floor":44},{"not_picked":["Streamline+1","Redo+1"],"picked":"Sunder+1","floor":47},{"not_picked":["Compile Driver+1","Go for the Eyes+1"],"picked":"Beam Cell+1","floor":48}],"player_experience":37468,"relics_obtained":[{"floor":4,"key":"Strawberry"},{"floor":9,"key":"Letter Opener"},{"floor":26,"key":"Mummified Hand"},{"floor":29,"key":"Bird Faced Urn"},{"floor":29,"key":"Frozen Egg 2"},{"floor":30,"key":"Red Mask"},{"floor":37,"key":"Old Coin"},{"floor":43,"key":"Molten Egg 2"},{"floor":46,"key":"Lantern"}],"event_choices":[{"damage_healed":0,"gold_gain":275,"player_choice":"Desecrate","damage_taken":0,"max_hp_gain":0,"max_hp_loss":0,"event_name":"Golden Shrine","floor":2,"gold_loss":0,"cards_obtained":["Regret"]},{"damage_healed":0,"gold_gain":0,"player_choice":"Grow","damage_taken":0,"max_hp_gain":0,"max_hp_loss":0,"event_name":"Living Wall","floor":5,"gold_loss":0,"cards_upgraded":["Double Energy"]},{"damage_healed":0,"gold_gain":0,"player_choice":"Joined the Cult","damage_taken":6,"max_hp_gain":0,"max_hp_loss":0,"event_name":"Nest","floor":19,"gold_loss":0,"cards_obtained":["RitualDagger"]},{"damage_healed":0,"gold_gain":0,"player_choice":"Damaged","damage_taken":7,"max_hp_gain":0,"max_hp_loss":0,"event_name":"Wheel of Change","floor":20,"gold_loss":0},{"damage_healed":0,"gold_gain":0,"player_choice":"Fight","damage_taken":0,"max_hp_gain":0,"max_hp_loss":0,"event_name":"Colosseum","floor":29,"gold_loss":0},{"damage_healed":0,"gold_gain":0,"player_choice":"Fought Nobs","damage_taken":0,"max_hp_gain":0,"max_hp_loss":0,"event_name":"Colosseum","floor":29,"gold_loss":0},{"damage_healed":0,"gold_gain":0,"player_choice":"Fought Bandits","damage_taken":0,"max_hp_gain":0,"max_hp_loss":0,"event_name":"Masked Bandits","floor":30,"gold_loss":0},{"cards_removed":["Multi-Cast"],"damage_healed":0,"gold_gain":0,"player_choice":"Removed Skill","damage_taken":0,"max_hp_gain":0,"max_hp_loss":0,"event_name":"Falling","floor":36,"gold_loss":0},{"damage_healed":0,"gold_gain":0,"player_choice":"Fight","damage_taken":0,"max_hp_gain":0,"max_hp_loss":0,"event_name":"Mysterious Sphere","floor":37,"gold_loss":0},{"damage_healed":0,"gold_gain":0,"player_choice":"Memory 3","damage_taken":10,"max_hp_gain":0,"max_hp_loss":0,"event_name":"SensoryStone","floor":38,"gold_loss":0},{"damage_healed":0,"gold_gain":0,"player_choice":"1 cards matched","damage_taken":0,"max_hp_gain":0,"max_hp_loss":0,"event_name":"Match and Keep!","floor":39,"gold_loss":0,"cards_obtained":["Fusion"]}],"is_beta":false,"boss_relics":[{"not_picked":["Snecko Eye","Inserter"],"picked":"Lizard Tail"},{"not_picked":["Cursed Key","FrozenCore"],"picked":"Empty Cage"}],"items_purged_floors":[3,41],"is_endless":false,"potions_floor_spawned":[10,11,14,21,29,30,33,48],"killed_by":"Time Eater","ascension_level":0}