{"gold_per_floor":[113,113,288,313,327,327,39,39,39,52,152,152,77,77,77,179,179,164,264,264,264,141,141,91,91,115,126,3,23,23,39,39,39],"floor_reached":33,"playtime":1031,"items_purged":["Doubt"],"score":229,"play_id":"13322934-bfa4-4682-8360-889019da3aac","local_time":"20190716093005","is_ascension_mode":false,"campfire_choices":[{"floor":6,"key":"REST"},{"data":"Sever Soul","floor":8,"key":"SMITH"},{"data":"Disarm","floor":12,"key":"SMITH"},{"data":"Havoc","floor":15,"key":"SMITH"},{"floor":23,"key":"REST"},{"floor":30,"key":"REST"},{"floor":32,"key":"REST"}],"neow_cost":"NONE","seed_source_timestamp":487236512091900,"circlet_count":0,"master_deck":["Strike_R","Strike_R","Strike_R","Strike_R","Strike_R","Defend_R","Defend_R","Defend_R","Defend_R","Bash","Dropkick","Twin Strike","Sever Soul+1","Havoc+1","Disarm+1","Dark Embrace+1","True Grit","Havoc","Second Wind","Seeing Red+1","Disarm","Pommel Strike"],"relics":["Burning Blood","Torii","Juzu Bracelet","Medical Kit","Sundial","Frozen Egg 2","Enchiridion","Boot"],"potions_floor_usage":[16,33],"damage_taken":[{"damage":5,"enemies":"2 Louse","floor":1,"turns":3},{"damage":8,"enemies":"Jaw Worm","floor":5,"turns":4},{"damage":1,"enemies":"Cultist","floor":10,"turns":3},{"damage":22,"enemies":"Hexaghost","floor":16,"turns":10},{"damage":38,"enemies":"2 Thieves","floor":18,"turns":4},{"damage":9,"enemies":"Shell Parasite","floor":27,"turns":6},{"damage":22,"enemies":"Shelled Parasite and Fungi","floor":29,"turns":4},{"damage":11,"enemies":"Snake Plant","floor":31,"turns":5},{"damage":91,"enemies":"Collector","floor":33,"turns":8}],"seed_played":"-6619853131676642434","potions_obtained":[{"floor":5,"key":"SkillPotion"},{"floor":10,"key":"Swift Potion"},{"floor":18,"key":"Swift Potion"}],"is_trial":false,"path_per_floor":["M","?","?","T","M","R","$","R","T","M","?","R","$","T","R","B",null,"M","?","?","?","$","R","?","?","T","M","$","M","R","M","R","B"],"character_chosen":"IRONCLAD","items_purchased":["Sever Soul","Havoc","Medical Kit","Havoc","Second Wind","Disarm","SteroidPotion"],"campfire_rested":4,"item_purchase_floors":[7,7,7,22,22,28,28],"current_hp_per_floor":[80,62,62,62,60,80,80,80,80,80,80,80,80,80,80,64,80,48,48,32,32,32,56,56,56,56,53,53,37,61,56,80,0],"gold":39,"neow_bonus":"THREE_CARDS","is_prod":false,"is_daily":false,"chose_seed":false,"campfire_upgraded":3,"win_rate":0,"timestamp":1563287405,"path_taken":["M","?","?","?","M","R","?","R","T","M","?","R","$","?","R","BOSS","M","?","?","?","$","R","?","?","T","M","?","M","R","M","R","BOSS"],"build_version":"2019-07-05","purchased_purges":1,"victory":false,"max_hp_per_floor":[80,80,80,80,80,80,80,80,80,80,80,80,80,80,80,80,80,80,80,80,80,80,80,80,80,80,80,80,80,80,80,80,80],"card_choices":[{"not_picked":["Power Through","Rupture"],"picked":"Dropkick","floor":0},{"not_picked":["Body Slam","Battle Trance","Armaments"],"picked":"SKIP","floor":1},{"not_picked":["Iron Wave","Second Wind"],"picked":"Twin Strike","floor":5},{"not_picked":["Anger","Wild Strike"],"picked":"Disarm","floor":10},{"not_picked":["Juggernaut+1","Reaper"],"picked":"Dark Embrace+1","floor":16},{"not_picked":["Pommel Strike","Headbutt"],"picked":"True Grit","floor":18},{"not_picked":["Thunderclap","Burning Pact"],"picked":"Seeing Red+1","floor":27},{"not_picked":["Perfected Strike","Heavy Blade+1"],"picked":"Pommel Strike","floor":29},{"not_picked":["Whirlwind","Headbutt","Rampage"],"picked":"SKIP","floor":31}],"player_experience":36708,"relics_obtained":[{"floor":4,"key":"Juzu Bracelet"},{"floor":9,"key":"Sundial"},{"floor":14,"key":"Frozen Egg 2"},{"floor":20,"key":"Enchiridion"},{"floor":26,"key":"Boot"}],"event_choices":[{"damage_healed":0,"gold_gain":0,"player_choice":"Success","damage_taken":18,"relics_obtained":["Torii"],"max_hp_gain":0,"max_hp_loss":0,"event_name":"Scrap Ooze","floor":2,"gold_loss":0},{"damage_healed":0,"gold_gain":175,"player_choice":"AGREE","damage_taken":0,"max_hp_gain":0,"max_hp_loss":0,"event_name":"Liars Game","floor":3,"gold_loss":0,"cards_obtained":["Doubt"]},{"damage_healed":0,"gold_gain":100,"player_choice":"Pray","damage_taken":0,"max_hp_gain":0,"max_hp_loss":0,"event_name":"Golden Shrine","floor":11,"gold_loss":0},{"damage_healed":0,"gold_gain":100,"player_choice":"Pray","damage_taken":0,"max_hp_gain":0,"max_hp_loss":0,"event_name":"Golden Shrine","floor":19,"gold_loss":0},{"damage_healed":0,"gold_gain":0,"player_choice":"Obtained Book","damage_taken":16,"max_hp_gain":0,"max_hp_loss":0,"event_name":"Cursed Tome","floor":20,"gold_loss":0},{"damage_healed":0,"gold_gain":0,"player_choice":"Ignored","damage_taken":0,"max_hp_gain":0,"max_hp_loss":0,"event_name":"NoteForYourself","floor":21,"gold_loss":0},{"damage_healed":0,"gold_gain":0,"player_choice":"Bet on Murderer","damage_taken":0,"max_hp_gain":0,"max_hp_loss":0,"event_name":"The Joust","floor":24,"gold_loss":50},{"damage_healed":0,"gold_gain":0,"player_choice":"Ignored","damage_taken":0,"max_hp_gain":0,"max_hp_loss":0,"event_name":"Purifier","floor":25,"gold_loss":0}],"is_beta":false,"boss_relics":[{"not_picked":["Fusion Hammer","Calling Bell","Runic Pyramid"]}],"items_purged_floors":[13],"is_endless":false,"potions_floor_spawned":[5,10,18],"killed_by":"Collector","ascension_level":0}