{"gold_per_floor":[114,133,147,147,164,192,192,209,234,234,234,234,250,18,18,146,146,171,171,171,0,20,20,20],"floor_reached":24,"playtime":2066,"items_purged":[],"score":196,"play_id":"9bcf7968-7d76-4c68-9f7d-3cd0600897ab","local_time":"20190709073341","is_ascension_mode":false,"campfire_choices":[{"floor":7,"key":"REST"},{"data":"Armaments","floor":10,"key":"SMITH"},{"data":"Perfected Strike","floor":15,"key":"SMITH"},{"floor":23,"key":"REST"}],"neow_cost":"NONE","seed_source_timestamp":216507689088400,"circlet_count":0,"master_deck":["Strike_R","Strike_R","Strike_R","Strike_R","Strike_R","Defend_R","Defend_R","Defend_R","Defend_R","Bash","Reaper","Armaments+1","Perfected Strike+1","Power Through","Pain","Clothesline","Clash","Headbutt","Injury","Feel No Pain","Mayhem","Shrug It Off","Barricade","Perfected Strike","Writhe","Rampage","Shrug It Off","Anger"],"relics":["Burning Blood","WarpedTongs","Darkstone Periapt","Centennial Puzzle","Bloody Idol","Paper Frog","Runic Pyramid","Blood Vial"],"potions_floor_usage":[16,16,22,24],"damage_taken":[{"damage":15,"enemies":"Small Slimes","floor":1,"turns":4},{"damage":5,"enemies":"Cultist","floor":2,"turns":4},{"damage":10,"enemies":"Jaw Worm","floor":3,"turns":4},{"damage":4,"enemies":"Exordium Wildlife","floor":5,"turns":3},{"damage":46,"enemies":"3 Sentries","floor":6,"turns":11},{"damage":5,"enemies":"Looter","floor":8,"turns":4},{"damage":2,"enemies":"Large Slime","floor":13,"turns":4},{"damage":35,"enemies":"Slime Boss","floor":16,"turns":12},{"damage":28,"enemies":"Chosen","floor":18,"turns":6},{"damage":69,"enemies":"3 Byrds","floor":22,"turns":9},{"damage":83,"enemies":"Slavers","floor":24,"turns":6}],"seed_played":"-3138750068999716943","potions_obtained":[{"floor":3,"key":"PowerPotion"},{"floor":6,"key":"Poison Potion"},{"floor":16,"key":"BloodPotion"},{"floor":18,"key":"SmokeBomb"}],"is_trial":false,"path_per_floor":["M","M","M","?","M","E","R","M","T","R","?","T","M","$","R","B",null,"M","?","?","$","M","R","E"],"character_chosen":"IRONCLAD","items_purchased":["Mayhem","Shrug It Off","Rampage","Shrug It Off","Fire Potion"],"campfire_rested":2,"item_purchase_floors":[14,14,21,21,21],"current_hp_per_floor":[80,80,76,76,78,42,66,67,67,67,73,73,85,85,85,61,86,64,64,70,70,37,64,0],"gold":20,"neow_bonus":"ONE_RANDOM_RARE_CARD","is_prod":false,"is_daily":false,"chose_seed":false,"campfire_upgraded":2,"win_rate":0.0,"timestamp":1562675621,"path_taken":["M","M","M","?","?","E","R","M","T","R","?","?","M","?","R","BOSS","M","?","?","$","M","R","E"],"build_version":"2019-07-05","purchased_purges":0,"victory":false,"max_hp_per_floor":[80,80,80,80,80,80,80,80,80,80,86,86,86,86,86,86,86,86,86,92,92,92,92,92],"card_choices":[{"not_picked":["Heavy Blade","Cleave"],"picked":"Armaments","floor":1},{"not_picked":["Headbutt","Intimidate"],"picked":"Perfected Strike","floor":2},{"not_picked":["Body Slam","Metallicize"],"picked":"Power Through","floor":3},{"not_picked":["Fire Breathing","Battle Trance"],"picked":"Clothesline","floor":5},{"not_picked":["Perfected Strike","Warcry"],"picked":"Clash","floor":6},{"not_picked":["Shockwave","Hemokinesis"],"picked":"Headbutt","floor":8},{"not_picked":["Twin Strike","Fire Breathing"],"picked":"Feel No Pain","floor":13},{"not_picked":["Double Tap","Offering"],"picked":"Barricade","floor":16},{"not_picked":["Clothesline","Headbutt"],"picked":"Perfected Strike","floor":18},{"not_picked":["Warcry","Spot Weakness"],"picked":"Anger","floor":22}],"player_experience":7985,"relics_obtained":[{"floor":6,"key":"Darkstone Periapt"},{"floor":9,"key":"Centennial Puzzle"},{"floor":12,"key":"Paper Frog"}],"event_choices":[{"damage_healed":0,"gold_gain":0,"player_choice":"Rummage","damage_taken":0,"relics_obtained":["WarpedTongs"],"max_hp_gain":0,"max_hp_loss":0,"event_name":"Accursed Blacksmith","floor":4,"gold_loss":0,"cards_obtained":["Pain"]},{"damage_healed":0,"gold_gain":0,"player_choice":"Take Wound","damage_taken":0,"relics_obtained":["Golden Idol"],"max_hp_gain":0,"max_hp_loss":0,"event_name":"Golden Idol","floor":11,"gold_loss":0,"cards_obtained":["Injury"]},{"damage_healed":0,"gold_gain":0,"player_choice":"Gave Idol","damage_taken":0,"relics_obtained":["Bloody Idol"],"max_hp_gain":0,"max_hp_loss":0,"event_name":"Forgotten Altar","floor":19,"relics_lost":["Golden Idol"],"gold_loss":0},{"damage_healed":0,"gold_gain":0,"player_choice":"Opened","damage_taken":0,"relics_obtained":["Blood Vial"],"max_hp_gain":0,"max_hp_loss":0,"event_name":"The Mausoleum","floor":20,"gold_loss":0,"cards_obtained":["Writhe"]}],"is_beta":false,"boss_relics":[{"not_picked":["Runic Cube","Calling Bell"],"picked":"Runic Pyramid"}],"items_purged_floors":[],"is_endless":false,"potions_floor_spawned":[3,6,16,18],"killed_by":"Slavers","ascension_level":0}