{"gold_per_floor":[115,145,165,165,179,179,198,148,195,228,239,239,252,252,252,353,353,322,372,372,372,110,110,141,170,182,194,121,60,79,95,95,95],"floor_reached":33,"playtime":2627,"items_purged":["Parasite"],"score":290,"play_id":"447a0545-1e95-4340-b774-53dde930ca0a","local_time":"20190714184038","is_ascension_mode":false,"campfire_choices":[{"data":"Zap","floor":6,"key":"SMITH"},{"floor":15,"key":"REST"},{"data":"Enlightenment","floor":23,"key":"SMITH"},{"data":"Steam Power","floor":27,"key":"SMITH"},{"data":"Sunder","floor":32,"key":"SMITH"}],"neow_cost":"NONE","seed_source_timestamp":405725092201700,"circlet_count":0,"master_deck":["Strike_B","Defend_B","Defend_B","Defend_B","Defend_B","Zap+1","Dualcast","Turbo","Steam Power+1","Conserve Battery","Compile Driver","Beam Cell","Meteor Strike","Multi-Cast","Ball Lightning+1","Multi-Cast","Steam","Ghostly","Ghostly","Ghostly","Ghostly","Ghostly","Sunder+1","Turbo","Enlightenment+1","Go for the Eyes+1","BootSequence","Sunder"],"relics":["Cracked Core","NeowsBlessing","Tiny Chest","Vajra","Regal Pillow","Juzu Bracelet","Inserter","MawBank","Kunai","Pantograph"],"potions_floor_usage":[10,16,16,33,33,33],"damage_taken":[{"damage":0,"enemies":"Jaw Worm","floor":1,"turns":1},{"damage":0,"enemies":"2 Louse","floor":3,"turns":1},{"damage":0,"enemies":"Small Slimes","floor":5,"turns":1},{"damage":3,"enemies":"Red Slaver","floor":7,"turns":2},{"damage":23,"enemies":"Gremlin Nob","floor":10,"turns":4},{"damage":4,"enemies":"2 Fungi Beasts","floor":11,"turns":3},{"damage":9,"enemies":"Exordium Thugs","floor":13,"turns":4},{"damage":70,"enemies":"Hexaghost","floor":16,"turns":11},{"damage":41,"enemies":"2 Thieves","floor":18,"turns":5},{"damage":16,"enemies":"Gremlin Leader","floor":24,"turns":8},{"damage":0,"enemies":"Spheric Guardian","floor":25,"turns":4},{"damage":3,"enemies":"Snake Plant","floor":30,"turns":5},{"damage":1,"enemies":"Cultist and Chosen","floor":31,"turns":7},{"damage":52,"enemies":"Champ","floor":33,"turns":10}],"seed_played":"6709241341505535176","potions_obtained":[{"floor":3,"key":"AttackPotion"},{"floor":7,"key":"Block Potion"},{"floor":11,"key":"EssenceOfSteel"},{"floor":16,"key":"FocusPotion"},{"floor":24,"key":"Strength Potion"},{"floor":30,"key":"Fire Potion"}],"is_trial":false,"path_per_floor":["M","?","M","?","M","R","M","?","T","E","M","T","M","?","R","B",null,"M","?","?","?","$","R","E","M","T","R","?","$","M","M","R","B"],"character_chosen":"DEFECT","items_purchased":["Sunder","Turbo","Enlightenment","Sunder"],"campfire_rested":1,"item_purchase_floors":[22,22,22,29],"current_hp_per_floor":[75,75,75,68,68,68,65,65,65,42,38,38,29,47,75,5,75,34,34,34,34,34,34,18,18,18,18,18,18,15,14,14,0],"gold":95,"neow_bonus":"THREE_ENEMY_KILL","is_prod":false,"is_daily":false,"chose_seed":false,"campfire_upgraded":4,"win_rate":0.0,"timestamp":1563144038,"path_taken":["M","?","M","?","M","R","M","?","T","E","M","?","M","?","R","BOSS","M","?","?","?","$","R","E","M","T","R","?","?","M","M","R","BOSS"],"build_version":"2019-07-05","purchased_purges":1,"victory":false,"max_hp_per_floor":[75,75,75,75,75,75,75,75,75,75,75,75,75,75,75,75,75,75,75,75,37,34,34,34,34,34,34,34,34,34,34,34,34],"card_choices":[{"not_picked":["Streamline","Hologram"],"picked":"Turbo","floor":1},{"not_picked":["Ball Lightning","Turbo"],"picked":"Steam Power","floor":3},{"not_picked":["Cold Snap","Chaos"],"picked":"Conserve Battery","floor":5},{"not_picked":["Blizzard","Capacitor","Coolheaded"],"picked":"SKIP","floor":7},{"not_picked":["Darkness","Rainbow"],"picked":"Compile Driver","floor":10},{"not_picked":["Compile Driver","Melter"],"picked":"Beam Cell","floor":11},{"not_picked":["Go for the Eyes","Beam Cell"],"picked":"Meteor Strike","floor":13},{"not_picked":["Machine Learning","Rainbow"],"picked":"Multi-Cast","floor":16},{"not_picked":["Recycle","Steam Power"],"picked":"Ball Lightning+1","floor":18},{"not_picked":["Biased Cognition","Melter+1"],"picked":"Go for the Eyes+1","floor":24},{"not_picked":["Rip and Tear","Stack"],"picked":"BootSequence","floor":25},{"not_picked":["Scrape","Ball Lightning+1","Hello World"],"picked":"SKIP","floor":30},{"not_picked":["Hello World","Blizzard+1","Leap"],"picked":"SKIP","floor":31}],"player_experience":153965,"relics_obtained":[{"floor":9,"key":"Vajra"},{"floor":10,"key":"Regal Pillow"},{"floor":12,"key":"Juzu Bracelet"},{"floor":24,"key":"MawBank"},{"floor":26,"key":"Kunai"}],"event_choices":[{"damage_healed":0,"gold_gain":0,"player_choice":"Box","damage_taken":0,"relics_obtained":["Tiny Chest"],"max_hp_gain":0,"max_hp_loss":0,"event_name":"Big Fish","floor":2,"gold_loss":0,"cards_obtained":["Regret"]},{"cards_removed":["Regret"],"damage_healed":0,"gold_gain":0,"player_choice":"Card Removal","damage_taken":7,"max_hp_gain":0,"max_hp_loss":0,"event_name":"Golden Wing","floor":4,"gold_loss":0},{"cards_removed":["Strike_B"],"damage_healed":0,"gold_gain":0,"player_choice":"Card Removal","damage_taken":0,"max_hp_gain":0,"max_hp_loss":0,"event_name":"The Cleric","floor":8,"gold_loss":50},{"damage_healed":18,"gold_gain":0,"player_choice":"Healed and dodged fight","damage_taken":0,"max_hp_gain":0,"max_hp_loss":0,"event_name":"Mushrooms","floor":14,"gold_loss":0,"cards_obtained":["Parasite"]},{"damage_healed":0,"gold_gain":100,"player_choice":"Bet on Murderer","damage_taken":0,"max_hp_gain":0,"max_hp_loss":0,"event_name":"The Joust","floor":19,"gold_loss":50},{"damage_healed":0,"gold_gain":0,"cards_transformed":["Strike_B","Strike_B"],"player_choice":"Became Test Subject","damage_taken":0,"max_hp_gain":0,"max_hp_loss":0,"event_name":"Drug Dealer","floor":20,"gold_loss":0,"cards_obtained":["Multi-Cast","Steam"]},{"damage_healed":0,"gold_gain":0,"player_choice":"Became a Ghost","damage_taken":0,"max_hp_gain":0,"max_hp_loss":38,"event_name":"Ghosts","floor":21,"gold_loss":0,"cards_obtained":["Ghostly","Ghostly","Ghostly","Ghostly","Ghostly"]},{"damage_healed":0,"gold_gain":0,"player_choice":"Obtained Relic","damage_taken":0,"relics_obtained":["Pantograph"],"max_hp_gain":0,"max_hp_loss":0,"event_name":"Addict","floor":28,"gold_loss":85}],"is_beta":false,"boss_relics":[{"not_picked":["Calling Bell","White Beast Statue"],"picked":"Inserter"}],"items_purged_floors":[22],"is_endless":false,"potions_floor_spawned":[3,7,11,16,24,30],"killed_by":"Champ","ascension_level":0}