{"gold_per_floor":[116,116,133,145,160,160,193,193,193,193,211,229,241,252,252,354,354,368,18,38,38],"floor_reached":21,"playtime":73181,"items_purged":["Force Field"],"score":210,"play_id":"998b08c7-1ebc-4323-ae2b-f2b9751aa8ca","local_time":"20190714145013","is_ascension_mode":false,"campfire_choices":[{"data":"Multi-Cast","floor":6,"key":"SMITH"},{"data":"Zap","floor":8,"key":"SMITH"},{"floor":10,"key":"REST"},{"floor":15,"key":"REST"}],"neow_cost":"NONE","seed_source_timestamp":320359694629800,"circlet_count":0,"master_deck":["Strike_B","Strike_B","Strike_B","Strike_B","Defend_B","Defend_B","Defend_B","Defend_B","Zap+1","Dualcast","Multi-Cast+1","Stack","Gash","Turbo","Beam Cell","Echo Form","Gash","Machine Learning","All For One","Gash","Compile Driver","Gash"],"relics":["Cracked Core","Question Card","Meat on the Bone","Sozu","Bottled Tornado"],"potions_floor_usage":[7,16],"damage_taken":[{"damage":0,"enemies":"Small Slimes","floor":1,"turns":3},{"damage":0,"enemies":"Cultist","floor":3,"turns":3},{"damage":6,"enemies":"2 Louse","floor":4,"turns":2},{"damage":5,"enemies":"Exordium Thugs","floor":5,"turns":4},{"damage":19,"enemies":"Lagavulin","floor":7,"turns":8},{"damage":8,"enemies":"Red Slaver","floor":11,"turns":2},{"damage":0,"enemies":"2 Fungi Beasts","floor":12,"turns":2},{"damage":13,"enemies":"3 Louse","floor":13,"turns":3},{"damage":16,"enemies":"Gremlin Gang","floor":14,"turns":5},{"damage":56,"enemies":"Hexaghost","floor":16,"turns":10},{"damage":10,"enemies":"Chosen","floor":18,"turns":3},{"damage":35,"enemies":"2 Thieves","floor":20,"turns":4},{"damage":50,"enemies":"Cultist and Chosen","floor":21,"turns":5}],"seed_played":"-8526572840605245206","potions_obtained":[{"floor":3,"key":"Dexterity Potion"},{"floor":7,"key":"GamblersBrew"},{"floor":11,"key":"LiquidBronze"},{"floor":16,"key":"LiquidBronze"}],"is_trial":false,"path_per_floor":["M","?","M","M","M","R","E","R","T","R","M","M","M","M","R","B",null,"M","$","M","M"],"character_chosen":"DEFECT","items_purchased":["Bottled Tornado","Compile Driver"],"campfire_rested":2,"item_purchase_floors":[19,19],"current_hp_per_floor":[75,75,75,69,64,64,45,45,45,67,59,59,46,42,64,20,75,65,65,42,0],"gold":38,"neow_bonus":"ONE_RANDOM_RARE_CARD","is_prod":false,"is_daily":false,"chose_seed":false,"campfire_upgraded":2,"win_rate":0.0,"timestamp":1563130213,"path_taken":["M","?","?","M","M","R","E","R","T","R","M","M","M","M","R","BOSS","M","?","M","M"],"build_version":"2019-07-05","purchased_purges":1,"victory":false,"max_hp_per_floor":[75,75,75,75,75,75,75,75,75,75,75,75,75,75,75,75,75,75,75,75,75],"card_choices":[{"not_picked":["Compile Driver","Chaos"],"picked":"Stack","floor":1},{"not_picked":["Chill","Leap"],"picked":"Gash","floor":3},{"not_picked":["Sunder","Steam"],"picked":"Turbo","floor":4},{"not_picked":["Stack","Turbo"],"picked":"Beam Cell","floor":5},{"not_picked":["Double Energy","Redo"],"picked":"Echo Form","floor":7},{"not_picked":["Consume","Cold Snap","Rebound","Tempest"],"picked":"SKIP","floor":11},{"not_picked":["Leap","Static Discharge","Ball Lightning","Doom and Gloom"],"picked":"SKIP","floor":12},{"not_picked":["Cold Snap","Fusion","Auto Shields"],"picked":"Gash","floor":13},{"not_picked":["Loop","Lockon","Ball Lightning"],"picked":"Machine Learning","floor":14},{"not_picked":["Rainbow","Seek","Creative AI"],"picked":"All For One","floor":16},{"not_picked":["Coolheaded","Double Energy","Conserve Battery"],"picked":"Gash","floor":18},{"not_picked":["Streamline+1","Defragment","Sweeping Beam+1"],"picked":"Gash","floor":20}],"player_experience":72950,"relics_obtained":[{"floor":7,"key":"Question Card"},{"floor":9,"key":"Meat on the Bone"}],"event_choices":[{"damage_healed":0,"gold_gain":0,"player_choice":"1 cards matched","damage_taken":0,"max_hp_gain":0,"max_hp_loss":0,"event_name":"Match and Keep!","floor":2,"gold_loss":0,"cards_obtained":["Force Field"]}],"is_beta":false,"boss_relics":[{"not_picked":["Calling Bell","Philosopher\u0027s Stone"],"picked":"Sozu"}],"items_purged_floors":[19],"is_endless":false,"potions_floor_spawned":[3,7,11,16,18,20],"killed_by":"Cultist and Chosen","ascension_level":0}