{"gold_per_floor":[116,116,116,127,147,177,177,252,252,268,286,299,177,196,196,300,300,312,325,9,9,9,9,9],"floor_reached":24,"playtime":1595,"items_purged":[],"score":198,"play_id":"9e8bfc30-eae0-4d0c-b52f-6db5891f016e","local_time":"20190713104718","is_ascension_mode":false,"campfire_choices":[{"floor":7,"key":"REST"},{"floor":15,"key":"REST"},{"floor":23,"key":"REST"}],"neow_cost":"NONE","seed_source_timestamp":232077430591900,"circlet_count":0,"master_deck":["Strike_R","Strike_R","Strike_R","Strike_R","Defend_R","Defend_R","Defend_R","Defend_R","Bash","Inflame","Corruption","Clash","Burning Pact","Fiend Fire","Feel No Pain","Clash","Fiend Fire","True Grit","Second Wind","Bloodletting","Dark Embrace"],"relics":["Burning Blood","Bottled Tornado","Ornamental Fan","White Beast Statue","MealTicket"],"potions_floor_usage":[6,16,16,19,24,24],"damage_taken":[{"damage":17,"enemies":"Small Slimes","floor":1,"turns":4},{"damage":5,"enemies":"Cultist","floor":4,"turns":4},{"damage":6,"enemies":"Jaw Worm","floor":5,"turns":4},{"damage":44,"enemies":"Lagavulin","floor":6,"turns":6},{"damage":21,"enemies":"3 Louse","floor":10,"turns":4},{"damage":20,"enemies":"Gremlin Gang","floor":11,"turns":5},{"damage":11,"enemies":"Blue Slaver","floor":12,"turns":4},{"damage":6,"enemies":"Exordium Thugs","floor":14,"turns":3},{"damage":38,"enemies":"The Guardian","floor":16,"turns":7},{"damage":22,"enemies":"Shell Parasite","floor":18,"turns":5},{"damage":36,"enemies":"3 Byrds","floor":19,"turns":7},{"damage":77,"enemies":"Cultist and Chosen","floor":24,"turns":9}],"seed_played":"5028572841221996892","potions_obtained":[{"floor":1,"key":"Poison Potion"},{"floor":11,"key":"Block Potion"},{"floor":14,"key":"Strength Potion"},{"floor":16,"key":"PowerPotion"},{"floor":18,"key":"Ancient Potion"},{"floor":19,"key":"Energy Potion"},{"floor":22,"key":"SneckoOil"}],"is_trial":false,"path_per_floor":["M","?","?","M","M","E","R","?","T","M","M","M","$","M","R","B",null,"M","M","$","?","?","R","M"],"character_chosen":"IRONCLAD","items_purchased":["Feel No Pain","Clash","Second Wind","MealTicket","Weak Potion"],"campfire_rested":3,"item_purchase_floors":[13,13,20,20,20],"current_hp_per_floor":[77,77,77,78,78,40,66,58,58,43,29,24,24,24,50,18,88,72,42,42,42,42,68,0],"gold":9,"neow_bonus":"TEN_PERCENT_HP_BONUS","is_prod":false,"is_daily":false,"chose_seed":false,"campfire_upgraded":0,"win_rate":0,"timestamp":1563032838,"path_taken":["M","?","?","M","?","E","R","?","T","?","M","M","$","M","R","BOSS","M","?","$","?","?","R","M"],"build_version":"2019-07-05","purchased_purges":0,"victory":false,"max_hp_per_floor":[88,88,88,88,88,88,88,88,88,88,88,88,88,88,88,88,88,88,88,88,88,88,88,88],"card_choices":[{"not_picked":["Flame Barrier","Twin Strike"],"picked":"Inflame","floor":1},{"not_picked":["Battle Trance","True Grit","Body Slam"],"picked":"SKIP","floor":4},{"not_picked":["Battle Trance","Wild Strike","Dual Wield"],"picked":"SKIP","floor":5},{"not_picked":["Thunderclap","Cleave"],"picked":"Corruption","floor":6},{"not_picked":["Evolve","Wild Strike"],"picked":"Clash","floor":10},{"not_picked":["Anger","Metallicize"],"picked":"Burning Pact","floor":11},{"not_picked":["Searing Blow","Whirlwind"],"picked":"Fiend Fire","floor":12},{"not_picked":["Ghostly Armor","Shockwave"],"picked":"Clash","floor":14},{"not_picked":["Immolate","Limit Break"],"picked":"Fiend Fire","floor":16},{"not_picked":["Sword Boomerang+1","Whirlwind+1"],"picked":"True Grit","floor":18},{"not_picked":["Fire Breathing","Thunderclap+1","Pommel Strike"],"picked":"SKIP","floor":19}],"player_experience":28159,"relics_obtained":[{"floor":6,"key":"Bottled Tornado"},{"floor":9,"key":"Ornamental Fan"}],"event_choices":[{"damage_healed":0,"gold_gain":0,"player_choice":"Leave","damage_taken":0,"max_hp_gain":0,"max_hp_loss":0,"event_name":"The Cleric","floor":2,"gold_loss":0},{"damage_healed":0,"gold_gain":0,"player_choice":"Ignored","damage_taken":0,"max_hp_gain":0,"max_hp_loss":0,"event_name":"Purifier","floor":3,"gold_loss":0},{"damage_healed":0,"gold_gain":75,"player_choice":"Touch","damage_taken":8,"max_hp_gain":0,"max_hp_loss":0,"event_name":"FaceTrader","floor":8,"gold_loss":0},{"damage_healed":0,"gold_gain":0,"cards_transformed":["Clash","Strike_R"],"player_choice":"Became Test Subject","damage_taken":0,"max_hp_gain":0,"max_hp_loss":0,"event_name":"Drug Dealer","floor":21,"gold_loss":0,"cards_obtained":["Bloodletting","Dark Embrace"]},{"damage_healed":0,"gold_gain":0,"player_choice":"Got Potions","damage_taken":0,"max_hp_gain":0,"max_hp_loss":0,"event_name":"Lab","floor":22,"gold_loss":0}],"is_beta":false,"boss_relics":[{"not_picked":["Cursed Key","Runic Pyramid"],"picked":"White Beast Statue"}],"items_purged_floors":[],"is_endless":false,"potions_floor_spawned":[1,11,14,16,18,19],"killed_by":"Cultist and Chosen","ascension_level":0}