{"gold_per_floor":[115,135,135,151,164,164,176,176,176,80,132,132,132,82,82,82],"floor_reached":16,"playtime":1411,"items_purged":[],"score":90,"play_id":"01a6c4fb-e0b4-4919-b220-7d48413d009f","local_time":"20190716145354","is_ascension_mode":false,"campfire_choices":[{"floor":6,"key":"REST"},{"data":"Shockwave","floor":8,"key":"SMITH"},{"floor":13,"key":"REST"},{"data":"Shrug It Off","floor":15,"key":"SMITH"}],"neow_cost":"","seed_source_timestamp":86465525808251,"circlet_count":0,"master_deck":["Strike_R","Strike_R","Strike_R","Strike_R","Strike_R","Defend_R","Defend_R+1","Defend_R","Defend_R","Bash","Pommel Strike","Pummel","Headbutt+1","Clothesline","Shockwave+1","Corruption","Headbutt","Shrug It Off+1"],"relics":["Burning Blood","Regal Pillow","Oddly Smooth Stone"],"potions_floor_usage":[16,16,16,16],"damage_taken":[{"damage":11,"enemies":"2 Louse","floor":1,"turns":3},{"damage":16,"enemies":"Jaw Worm","floor":2,"turns":4},{"damage":3,"enemies":"Small Slimes","floor":4,"turns":3},{"damage":14,"enemies":"Blue Slaver","floor":5,"turns":3},{"damage":15,"enemies":"2 Fungi Beasts","floor":7,"turns":4},{"damage":89,"enemies":"The Guardian","floor":16,"turns":15}],"seed_played":"5611978370609766922","potions_obtained":[{"floor":1,"key":"SpeedPotion"},{"floor":5,"key":"Fire Potion"},{"floor":7,"key":"EntropicBrew"}],"is_trial":false,"path_per_floor":["M","M","?","M","M","R","M","R","T","$","?","?","R","$","R","B"],"character_chosen":"IRONCLAD","items_purchased":["Corruption","Headbutt","Shrug It Off"],"campfire_rested":2,"item_purchase_floors":[10,10,14],"current_hp_per_floor":[75,65,58,61,53,80,71,71,71,71,71,55,80,80,80,0],"gold":82,"neow_bonus":"","is_prod":false,"is_daily":false,"chose_seed":false,"campfire_upgraded":2,"win_rate":0.0,"timestamp":1563306834,"path_taken":["M","M","?","M","M","R","M","R","T","$","?","?","R","$","R","BOSS"],"build_version":"2019-07-05","purchased_purges":0,"victory":false,"max_hp_per_floor":[80,80,80,80,80,80,80,80,80,80,80,80,80,80,80,80],"card_choices":[{"not_picked":["Rage","Headbutt"],"picked":"Pommel Strike","floor":1},{"not_picked":["Power Through","Iron Wave"],"picked":"Pummel","floor":2},{"not_picked":["Anger","True Grit"],"picked":"Headbutt","floor":4},{"not_picked":["Hemokinesis","True Grit"],"picked":"Clothesline","floor":5},{"not_picked":["Second Wind","Pommel Strike"],"picked":"Shockwave","floor":7}],"player_experience":0,"relics_obtained":[{"floor":9,"key":"Oddly Smooth Stone"}],"event_choices":[{"damage_healed":0,"gold_gain":0,"player_choice":"Success","damage_taken":7,"relics_obtained":["Regal Pillow"],"max_hp_gain":0,"max_hp_loss":0,"event_name":"Scrap Ooze","floor":3,"gold_loss":0},{"damage_healed":0,"gold_gain":52,"player_choice":"Gained Gold","damage_taken":0,"max_hp_gain":0,"max_hp_loss":0,"event_name":"Golden Wing","floor":11,"gold_loss":0},{"damage_healed":0,"gold_gain":0,"player_choice":"Entered Light","damage_taken":16,"max_hp_gain":0,"max_hp_loss":0,"event_name":"Shining Light","floor":12,"gold_loss":0,"cards_upgraded":["Defend_R","Headbutt"]}],"is_beta":false,"boss_relics":[],"items_purged_floors":[],"is_endless":false,"potions_floor_spawned":[1,5,7],"killed_by":"The Guardian","ascension_level":0}