{"gold_per_floor":[117,117,117,117,134,162,179,209,289,321,321,321,336,357,357,477,477,496,69,69,92,116,116,129,228,228,228],"floor_reached":27,"playtime":2089,"items_purged":["Defend_R"],"score":245,"play_id":"6d7c1822-b6ea-4b0f-9744-f47f85565528","local_time":"20190714235238","is_ascension_mode":true,"campfire_choices":[{"floor":12,"key":"REST"},{"floor":15,"key":"REST"},{"data":"Heavy Blade","floor":23,"key":"SMITH"}],"neow_cost":"NONE","seed_source_timestamp":424983304066500,"circlet_count":0,"master_deck":["Strike_R","Strike_R","Strike_R+1","Strike_R+1","Strike_R","Defend_R+1","Defend_R+1","Bash","Thunderclap","Second Wind","Carnage","Seeing Red","Disarm","Body Slam","Clash","Thunderclap","Berserk","Perfected Strike","Anger","Headbutt","Infernal Blade","Headbutt","Inflame","Limit Break+1","Heavy Blade+1","Seeing Red"],"relics":["Burning Blood","Bronze Scales","Magic Flower","Potion Belt","Shuriken","Darkstone Periapt","Golden Idol","Orrery","Brimstone","Whetstone"],"potions_floor_usage":[8,16,16,16],"damage_taken":[{"damage":0,"enemies":"2 Louse","floor":1,"turns":3},{"damage":0,"enemies":"Small Slimes","floor":5,"turns":3},{"damage":33,"enemies":"Gremlin Nob","floor":6,"turns":5},{"damage":3,"enemies":"Jaw Worm","floor":7,"turns":3},{"damage":23,"enemies":"3 Sentries","floor":8,"turns":7},{"damage":25,"enemies":"Lagavulin","floor":10,"turns":6},{"damage":3,"enemies":"2 Fungi Beasts","floor":13,"turns":3},{"damage":14,"enemies":"3 Louse","floor":14,"turns":2},{"damage":29,"enemies":"Hexaghost","floor":16,"turns":5},{"damage":19,"enemies":"Shell Parasite","floor":18,"turns":3},{"damage":22,"enemies":"2 Thieves","floor":21,"turns":2},{"damage":0,"enemies":"Centurion and Healer","floor":22,"turns":4},{"damage":26,"enemies":"3 Cultists","floor":24,"turns":4},{"damage":50,"enemies":"Sentry and Sphere","floor":27,"turns":3}],"seed_played":"-6310085396270582609","potions_obtained":[{"floor":5,"key":"Swift Potion"},{"floor":8,"key":"LiquidBronze"},{"floor":10,"key":"Energy Potion"},{"floor":13,"key":"SteroidPotion"},{"floor":14,"key":"FearPotion"}],"is_trial":false,"path_per_floor":["M","?","?","?","M","E","M","E","T","E","?","R","M","M","R","B",null,"M","$","?","M","M","R","M","?","T","M"],"character_chosen":"IRONCLAD","items_purchased":["Brimstone","Limit Break"],"campfire_rested":2,"item_purchase_floors":[19,19],"current_hp_per_floor":[80,64,57,57,63,36,42,28,28,12,12,34,40,35,57,37,74,64,64,64,51,60,60,43,43,43,0],"gold":228,"neow_bonus":"RANDOM_COMMON_RELIC","is_prod":false,"is_daily":false,"chose_seed":false,"campfire_upgraded":1,"win_rate":0,"timestamp":1563162758,"path_taken":["M","?","?","?","M","E","?","E","T","E","?","R","M","M","R","BOSS","M","$","?","?","M","R","M","?","T","M"],"build_version":"2019-07-05","purchased_purges":1,"victory":false,"max_hp_per_floor":[80,80,80,80,80,80,80,80,80,80,74,74,74,74,74,74,74,74,74,74,74,74,74,74,74,74,74],"card_choices":[{"not_picked":["Armaments","Flex"],"picked":"Thunderclap","floor":1},{"not_picked":["Corruption","Searing Blow"],"picked":"Second Wind","floor":5},{"not_picked":["Impervious","Wild Strike"],"picked":"Carnage","floor":6},{"not_picked":["Shrug It Off","Pommel Strike"],"picked":"Seeing Red","floor":7},{"not_picked":["Thunderclap","Headbutt"],"picked":"Disarm","floor":8},{"not_picked":["Thunderclap","Warcry"],"picked":"Body Slam","floor":10},{"not_picked":["Armaments","Pummel"],"picked":"Clash","floor":13},{"not_picked":["Bloodletting","Sword Boomerang"],"picked":"Thunderclap","floor":14},{"not_picked":["Brutality","Immolate"],"picked":"Berserk","floor":16},{"not_picked":["Clash","Warcry"],"picked":"Perfected Strike","floor":17},{"not_picked":["Intimidate","Metallicize"],"picked":"Anger","floor":17},{"not_picked":["True Grit","Twin Strike"],"picked":"Headbutt","floor":17},{"not_picked":["Flame Barrier","Iron Wave"],"picked":"Infernal Blade","floor":17},{"not_picked":["Iron Wave","Rampage"],"picked":"Headbutt","floor":17},{"not_picked":["Power Through+1","Cleave"],"picked":"Inflame","floor":18},{"not_picked":["Warcry","Combust","Offering"],"picked":"SKIP","floor":21},{"not_picked":["Dual Wield","Sword Boomerang"],"picked":"Heavy Blade","floor":22},{"not_picked":["Dual Wield+1","Cleave"],"picked":"Seeing Red","floor":24}],"player_experience":172816,"relics_obtained":[{"floor":6,"key":"Magic Flower"},{"floor":8,"key":"Potion Belt"},{"floor":9,"key":"Shuriken"},{"floor":10,"key":"Darkstone Periapt"},{"floor":26,"key":"Whetstone"}],"event_choices":[{"damage_healed":0,"gold_gain":0,"player_choice":"Entered Light","damage_taken":16,"max_hp_gain":0,"max_hp_loss":0,"event_name":"Shining Light","floor":2,"gold_loss":0,"cards_upgraded":["Defend_R","Defend_R"]},{"cards_removed":["Defend_R"],"damage_healed":0,"gold_gain":0,"player_choice":"Card Removal","damage_taken":7,"max_hp_gain":0,"max_hp_loss":0,"event_name":"Golden Wing","floor":3,"gold_loss":0},{"damage_healed":0,"gold_gain":0,"player_choice":"Ignored","damage_taken":0,"max_hp_gain":0,"max_hp_loss":0,"event_name":"Liars Game","floor":4,"gold_loss":0},{"damage_healed":0,"gold_gain":0,"player_choice":"Lose Max HP","damage_taken":0,"relics_obtained":["Golden Idol"],"max_hp_gain":0,"max_hp_loss":6,"event_name":"Golden Idol","floor":11,"gold_loss":0},{"damage_healed":0,"gold_gain":0,"player_choice":"Upgraded","damage_taken":0,"max_hp_gain":0,"max_hp_loss":0,"event_name":"Upgrade Shrine","floor":20,"gold_loss":0,"cards_upgraded":["Limit Break"]},{"damage_healed":0,"gold_gain":99,"player_choice":"Stole From Cult","damage_taken":0,"max_hp_gain":0,"max_hp_loss":0,"event_name":"Nest","floor":25,"gold_loss":0}],"is_beta":false,"boss_relics":[{"not_picked":["Velvet Choker","Runic Pyramid"],"picked":"Orrery"}],"items_purged_floors":[19],"is_endless":false,"potions_floor_spawned":[5,8,10,13,14],"killed_by":"Sentry and Sphere","ascension_level":1}