{"gold_per_floor":[119,119,119,119,132,132,132,132,132,132,146,221,251,251,251,350,350,363,363,331,430,430,430,511,511,591,516,530,530,445,214,214,214],"floor_reached":33,"playtime":1005,"items_purged":["Regret","Writhe"],"score":252,"play_id":"de9f87df-9aae-4fdc-b25c-7b756a67f91a","local_time":"20190716183820","is_ascension_mode":false,"campfire_choices":[{"data":"True Grit","floor":6,"key":"SMITH"},{"floor":8,"key":"REST"},{"data":"Strike_R","floor":10,"key":"SMITH"},{"floor":15,"key":"REST"},{"floor":23,"key":"REST"},{"data":"Corruption","floor":25,"key":"SMITH"},{"floor":32,"key":"REST"}],"neow_cost":"NONE","seed_source_timestamp":520159519725000,"circlet_count":0,"master_deck":["Strike_R+1","Strike_R","Strike_R+1","Strike_R","Strike_R+1","Defend_R+1","Defend_R","Defend_R","Defend_R+1","Bash+1","Shockwave+1","True Grit+1","Sever Soul","Dark Embrace","Corruption+1","Shrug It Off","Feel No Pain"],"relics":["Black Blood","Incense Burner","Lantern","War Paint","Bottled Lightning","Meat on the Bone","Potion Belt","Dead Branch","Kunai","Matryoshka","Gremlin Horn","Darkstone Periapt","Molten Egg 2"],"potions_floor_usage":[18,28,33,33,33],"damage_taken":[{"damage":0,"enemies":"Small Slimes","floor":1,"turns":3},{"damage":19,"enemies":"Jaw Worm","floor":5,"turns":5},{"damage":1,"enemies":"2 Louse","floor":11,"turns":2},{"damage":68,"enemies":"The Guardian","floor":16,"turns":13},{"damage":52,"enemies":"Spheric Guardian","floor":18,"turns":8},{"damage":36,"enemies":"2 Thieves","floor":20,"turns":5},{"damage":22,"enemies":"Chosen and Byrds","floor":28,"turns":6},{"damage":109,"enemies":"Collector","floor":33,"turns":11}],"seed_played":"5647644398440666550","potions_obtained":[{"floor":1,"key":"BloodPotion"},{"floor":11,"key":"Regen Potion"},{"floor":16,"key":"BloodPotion"},{"floor":20,"key":"EssenceOfSteel"},{"floor":28,"key":"Block Potion"}],"is_trial":false,"path_per_floor":["M","?","?","?","M","R","T","R","T","R","M","?","?","?","R","B",null,"M","?","M","?","?","R","T","R","T","$","M","T","?","$","R","B"],"character_chosen":"IRONCLAD","items_purchased":["Feel No Pain","Energy Potion"],"campfire_rested":4,"item_purchase_floors":[31,31],"current_hp_per_floor":[80,80,80,73,60,60,60,80,80,80,80,69,69,53,77,27,80,58,58,44,44,44,68,68,68,68,68,56,56,56,56,80,0],"gold":214,"neow_bonus":"UPGRADE_CARD","is_prod":false,"is_daily":false,"chose_seed":false,"campfire_upgraded":3,"win_rate":0,"timestamp":1563320300,"path_taken":["M","?","?","?","M","R","?","R","T","R","?","?","?","?","R","BOSS","M","?","?","?","?","R","?","R","T","$","M","?","?","?","R","BOSS"],"build_version":"2019-07-05","purchased_purges":2,"victory":false,"max_hp_per_floor":[80,80,80,80,80,80,80,80,80,80,80,80,80,80,80,80,80,80,80,80,80,80,80,80,80,80,80,80,80,80,80,80,80],"card_choices":[{"not_picked":["Infernal Blade","Rupture"],"picked":"Shockwave","floor":1},{"not_picked":["Wild Strike","Rupture"],"picked":"True Grit","floor":5},{"not_picked":["Headbutt","Warcry"],"picked":"Sever Soul","floor":11},{"not_picked":["Reaper","Exhume"],"picked":"Dark Embrace","floor":16},{"not_picked":["Twin Strike+1","Wild Strike+1"],"picked":"Corruption","floor":18},{"not_picked":["Anger+1","Uppercut"],"picked":"Shrug It Off","floor":20},{"not_picked":["Twin Strike+1","Anger","Flame Barrier"],"picked":"SKIP","floor":28}],"player_experience":39762,"relics_obtained":[{"floor":7,"key":"War Paint"},{"floor":9,"key":"Bottled Lightning"},{"floor":24,"key":"Kunai"},{"floor":26,"key":"Matryoshka"},{"floor":29,"key":"Gremlin Horn"},{"floor":29,"key":"Darkstone Periapt"}],"event_choices":[{"damage_healed":0,"gold_gain":0,"player_choice":"Grow","damage_taken":0,"max_hp_gain":0,"max_hp_loss":0,"event_name":"Living Wall","floor":2,"gold_loss":0,"cards_upgraded":["Shockwave"]},{"damage_healed":0,"gold_gain":0,"player_choice":"Box","damage_taken":0,"relics_obtained":["Incense Burner"],"max_hp_gain":0,"max_hp_loss":0,"event_name":"Big Fish","floor":3,"gold_loss":0,"cards_obtained":["Regret"]},{"damage_healed":0,"gold_gain":0,"player_choice":"Success","damage_taken":7,"relics_obtained":["Lantern"],"max_hp_gain":0,"max_hp_loss":0,"event_name":"Scrap Ooze","floor":4,"gold_loss":0},{"damage_healed":0,"gold_gain":75,"player_choice":"Gather Gold","damage_taken":11,"max_hp_gain":0,"max_hp_loss":0,"event_name":"World of Goop","floor":12,"gold_loss":0},{"damage_healed":0,"gold_gain":30,"player_choice":"Searched \u00273\u0027 times","damage_taken":0,"relics_obtained":["Meat on the Bone"],"max_hp_gain":0,"max_hp_loss":0,"event_name":"Dead Adventurer","floor":13,"gold_loss":0},{"damage_healed":0,"gold_gain":0,"player_choice":"Entered Light","damage_taken":16,"max_hp_gain":0,"max_hp_loss":0,"event_name":"Shining Light","floor":14,"gold_loss":0,"cards_upgraded":["Strike_R","Strike_R"]},{"damage_healed":0,"gold_gain":0,"player_choice":"Gave Potion","damage_taken":0,"relics_obtained":["Potion Belt"],"max_hp_gain":0,"max_hp_loss":0,"event_name":"WeMeetAgain","floor":19,"gold_loss":0},{"damage_healed":0,"gold_gain":99,"player_choice":"Stole From Cult","damage_taken":0,"max_hp_gain":0,"max_hp_loss":0,"event_name":"Nest","floor":21,"gold_loss":0},{"damage_healed":0,"gold_gain":0,"player_choice":"Opened","damage_taken":0,"relics_obtained":["Dead Branch"],"max_hp_gain":0,"max_hp_loss":0,"event_name":"The Mausoleum","floor":22,"gold_loss":0,"cards_obtained":["Writhe"]},{"damage_healed":0,"gold_gain":0,"player_choice":"Obtained Relic","damage_taken":0,"relics_obtained":["Molten Egg 2"],"max_hp_gain":0,"max_hp_loss":0,"event_name":"Addict","floor":30,"gold_loss":85}],"is_beta":false,"boss_relics":[{"not_picked":["Orrery","White Beast Statue"],"picked":"Black Blood"}],"items_purged_floors":[27,31],"is_endless":false,"potions_floor_spawned":[1,11,16,20,28],"killed_by":"Collector","ascension_level":0}