{"gold_per_floor":[112,112,112,124,136,136,152,22,22,22,37,50,50,61,61,162,162,174,249,259,184,198,298,298],"floor_reached":24,"playtime":837,"items_purged":["Normality"],"score":190,"play_id":"694c1acb-603b-4068-aeca-7a427f015676","local_time":"20190716182111","is_ascension_mode":false,"campfire_choices":[{"data":"Shockwave","floor":6,"key":"SMITH"},{"data":"Metallicize","floor":10,"key":"SMITH"},{"data":"Spot Weakness","floor":13,"key":"SMITH"},{"data":"Evolve","floor":15,"key":"SMITH"}],"neow_cost":"NONE","seed_source_timestamp":519297564813800,"circlet_count":0,"master_deck":["Strike_R","Strike_R","Strike_R","Strike_R","Defend_R","Defend_R","Defend_R","Defend_R","Bash","Pommel Strike","Headbutt","Armaments","Shockwave+1","Pommel Strike","Metallicize+1","Sword Boomerang","Spot Weakness+1","Evolve+1","Limit Break","Writhe","Regret","Shrug It Off+1","Sword Boomerang+1"],"relics":["Burning Blood","Self Forming Clay","Ornamental Fan","Calling Bell","Vajra","Darkstone Periapt","Shovel"],"potions_floor_usage":[16,24,24],"damage_taken":[{"damage":4,"enemies":"2 Louse","floor":1,"turns":4},{"damage":7,"enemies":"Small Slimes","floor":4,"turns":4},{"damage":1,"enemies":"Cultist","floor":5,"turns":4},{"damage":11,"enemies":"3 Louse","floor":7,"turns":4},{"damage":9,"enemies":"Exordium Thugs","floor":11,"turns":5},{"damage":10,"enemies":"Exordium Wildlife","floor":12,"turns":5},{"damage":3,"enemies":"Blue Slaver","floor":14,"turns":3},{"damage":54,"enemies":"The Guardian","floor":16,"turns":12},{"damage":19,"enemies":"Shell Parasite","floor":18,"turns":5},{"damage":27,"enemies":"2 Thieves","floor":20,"turns":4},{"damage":32,"enemies":"Centurion and Healer","floor":22,"turns":8},{"damage":25,"enemies":"Sentry and Sphere","floor":24,"turns":3}],"seed_played":"1800022537952751058","potions_obtained":[{"floor":4,"key":"FairyPotion"},{"floor":7,"key":"Ancient Potion"},{"floor":11,"key":"Regen Potion"},{"floor":16,"key":"SpeedPotion"},{"floor":18,"key":"PowerPotion"}],"is_trial":false,"path_per_floor":["M","?","?","M","M","R","M","$","T","R","M","M","R","M","R","B",null,"M","?","M","$","M","?","M"],"character_chosen":"IRONCLAD","items_purchased":["Metallicize","Energy Potion"],"campfire_rested":0,"item_purchase_floors":[8,8],"current_hp_per_floor":[88,81,81,80,85,85,80,80,80,80,77,73,73,76,76,43,88,75,67,46,46,20,20,0],"gold":298,"neow_bonus":"TEN_PERCENT_HP_BONUS","is_prod":false,"is_daily":false,"chose_seed":false,"campfire_upgraded":4,"win_rate":0,"timestamp":1563319271,"path_taken":["M","?","?","M","M","R","M","$","T","R","M","M","R","M","R","BOSS","M","?","?","$","M","?","M"],"build_version":"2019-07-05","purchased_purges":1,"victory":false,"max_hp_per_floor":[88,88,88,88,88,88,88,88,88,88,88,88,88,88,88,88,88,88,88,88,88,88,88,88],"card_choices":[{"not_picked":["Warcry","Rupture"],"picked":"Pommel Strike","floor":1},{"not_picked":["Sever Soul","Juggernaut"],"picked":"Armaments","floor":4},{"not_picked":["Searing Blow","Flex"],"picked":"Shockwave","floor":5},{"not_picked":["Heavy Blade","Battle Trance"],"picked":"Pommel Strike","floor":7},{"not_picked":["Warcry","Heavy Blade"],"picked":"Sword Boomerang","floor":11},{"not_picked":["Intimidate","Flame Barrier"],"picked":"Spot Weakness","floor":12},{"not_picked":["Headbutt","Iron Wave"],"picked":"Evolve","floor":14},{"not_picked":["Barricade","Offering"],"picked":"Limit Break","floor":16},{"not_picked":["Clash","Carnage+1","Body Slam"],"picked":"SKIP","floor":18},{"not_picked":["Power Through+1","Anger"],"picked":"Shrug It Off+1","floor":20},{"not_picked":["Wild Strike","Warcry"],"picked":"Sword Boomerang+1","floor":22}],"player_experience":38925,"relics_obtained":[{"floor":9,"key":"Ornamental Fan"},{"floor":17,"key":"Vajra"},{"floor":17,"key":"Darkstone Periapt"},{"floor":17,"key":"Shovel"}],"event_choices":[{"damage_healed":0,"gold_gain":0,"player_choice":"Success","damage_taken":7,"relics_obtained":["Self Forming Clay"],"max_hp_gain":0,"max_hp_loss":0,"event_name":"Scrap Ooze","floor":2,"gold_loss":0},{"damage_healed":0,"gold_gain":0,"cards_transformed":["Strike_R"],"player_choice":"Change","damage_taken":0,"max_hp_gain":0,"max_hp_loss":0,"event_name":"Living Wall","floor":3,"gold_loss":0,"cards_obtained":["Headbutt"]},{"damage_healed":0,"gold_gain":75,"player_choice":"Touch","damage_taken":8,"max_hp_gain":0,"max_hp_loss":0,"event_name":"FaceTrader","floor":19,"gold_loss":0},{"damage_healed":0,"gold_gain":100,"player_choice":"Pray","damage_taken":0,"max_hp_gain":0,"max_hp_loss":0,"event_name":"Golden Shrine","floor":23,"gold_loss":0}],"is_beta":false,"boss_relics":[{"not_picked":["Velvet Choker","Sozu"],"picked":"Calling Bell"}],"items_purged_floors":[21],"is_endless":false,"potions_floor_spawned":[4,7,11,16,18],"killed_by":"Sentry and Sphere","ascension_level":0}