{"gold_per_floor":[119,22,22,22,22,51,51,51,75,95,110,180,180,203,203,203],"floor_reached":16,"playtime":1002,"items_purged":[],"score":98,"play_id":"1666d3a3-3702-4d12-90be-7fdaa46f441a","local_time":"20190714161111","is_ascension_mode":false,"campfire_choices":[{"floor":8,"key":"REST"},{"floor":13,"key":"REST"},{"data":"Scrape","floor":15,"key":"SMITH"}],"neow_cost":"NONE","seed_source_timestamp":398383522175500,"circlet_count":0,"master_deck":["Strike_B","Strike_B","Strike_B","Defend_B","Defend_B","Defend_B","Defend_B","Zap","Dualcast","Core Surge","Sweeping Beam","Self Repair","Sweeping Beam","Regret","FTL","Gash","Scrape+1","Self Repair","Gash"],"relics":["Cracked Core","Girya","Ginger","Golden Idol","Anchor","Orichalcum"],"potions_floor_usage":[],"damage_taken":[{"damage":1,"enemies":"Jaw Worm","floor":1,"turns":3},{"damage":39,"enemies":"Gremlin Nob","floor":6,"turns":5},{"damage":3,"enemies":"2 Louse","floor":10,"turns":2},{"damage":1,"enemies":"Small Slimes","floor":11,"turns":2},{"damage":34,"enemies":"Lagavulin Event","floor":12,"turns":5},{"damage":20,"enemies":"Exordium Thugs","floor":14,"turns":4},{"damage":52,"enemies":"The Guardian","floor":16,"turns":5}],"seed_played":"-3935599405204415717","potions_obtained":[{"floor":6,"key":"Energy Potion"},{"floor":11,"key":"Ancient Potion"},{"floor":14,"key":"SpeedPotion"}],"is_trial":false,"path_per_floor":["M","$","?","?","$","E","?","R","T","M","M","?","R","M","R","B"],"character_chosen":"DEFECT","items_purchased":["Self Repair","Sweeping Beam"],"campfire_rested":2,"item_purchase_floors":[2,2],"current_hp_per_floor":[74,74,67,67,67,35,35,55,55,59,65,38,58,52,52,0],"gold":203,"neow_bonus":"ONE_RANDOM_RARE_CARD","is_prod":false,"is_daily":false,"chose_seed":false,"campfire_upgraded":1,"win_rate":0.0,"timestamp":1563135071,"path_taken":["M","$","?","?","?","E","?","R","T","M","?","?","R","M","R","BOSS"],"build_version":"2019-07-05","purchased_purges":0,"victory":false,"max_hp_per_floor":[75,75,75,75,75,75,69,69,69,69,69,69,69,69,69,69],"card_choices":[{"not_picked":["Ball Lightning","Loop"],"picked":"Sweeping Beam","floor":1},{"not_picked":["Tempest","Ball Lightning"],"picked":"FTL","floor":6},{"not_picked":["Hologram","Stack"],"picked":"Gash","floor":10},{"not_picked":["Sweeping Beam","Chaos"],"picked":"Scrape","floor":11},{"not_picked":["Coolheaded","Hologram"],"picked":"Self Repair","floor":12},{"not_picked":["Self Repair","Redo"],"picked":"Gash","floor":14}],"player_experience":149925,"relics_obtained":[{"floor":6,"key":"Ginger"},{"floor":9,"key":"Anchor"},{"floor":12,"key":"Orichalcum"}],"event_choices":[{"cards_removed":["Strike_B"],"damage_healed":0,"gold_gain":0,"player_choice":"Card Removal","damage_taken":7,"max_hp_gain":0,"max_hp_loss":0,"event_name":"Golden Wing","floor":3,"gold_loss":0},{"damage_healed":0,"gold_gain":0,"player_choice":"Box","damage_taken":0,"relics_obtained":["Girya"],"max_hp_gain":0,"max_hp_loss":0,"event_name":"Big Fish","floor":4,"gold_loss":0,"cards_obtained":["Regret"]},{"damage_healed":0,"gold_gain":0,"player_choice":"Lose Max HP","damage_taken":0,"relics_obtained":["Golden Idol"],"max_hp_gain":0,"max_hp_loss":6,"event_name":"Golden Idol","floor":7,"gold_loss":0},{"damage_healed":0,"gold_gain":0,"player_choice":"Searched \u00271\u0027 times","damage_taken":0,"max_hp_gain":0,"max_hp_loss":0,"event_name":"Dead Adventurer","floor":12,"gold_loss":0}],"is_beta":false,"boss_relics":[],"items_purged_floors":[],"is_endless":false,"potions_floor_spawned":[6,11,14],"killed_by":"The Guardian","ascension_level":0}