{"gold_per_floor":[117,117,117,117,136,163,177,187,187,187,197,215,227,238,238,238],"floor_reached":16,"playtime":1654,"items_purged":[],"score":106,"play_id":"1bd16bf0-836d-421f-8f67-c9192822b45e","local_time":"20190716170810","is_ascension_mode":false,"campfire_choices":[{"floor":10,"key":"REST"},{"floor":15,"key":"REST"}],"neow_cost":"NONE","seed_source_timestamp":94279893009543,"circlet_count":0,"master_deck":["Strike_R+1","Strike_R","Strike_R","Strike_R","Strike_R+1","Defend_R","Defend_R","Defend_R","Defend_R","Bash","Body Slam","Rampage","Flame Barrier","Clothesline","Cleave","Second Wind"],"relics":["Burning Blood","Sundial","Bird Faced Urn"],"potions_floor_usage":[16],"damage_taken":[{"damage":15,"enemies":"Jaw Worm","floor":1,"turns":7},{"damage":2,"enemies":"Small Slimes","floor":5,"turns":5},{"damage":47,"enemies":"3 Sentries","floor":6,"turns":10},{"damage":2,"enemies":"2 Louse","floor":7,"turns":4},{"damage":0,"enemies":"Exordium Wildlife","floor":8,"turns":3},{"damage":5,"enemies":"Looter","floor":11,"turns":3},{"damage":11,"enemies":"Large Slime","floor":12,"turns":8},{"damage":12,"enemies":"Blue Slaver","floor":13,"turns":4},{"damage":2,"enemies":"Looter","floor":14,"turns":4},{"damage":103,"enemies":"Hexaghost","floor":16,"turns":16}],"seed_played":"8372739445461922961","potions_obtained":[{"floor":8,"key":"Regen Potion"},{"floor":11,"key":"SpeedPotion"},{"floor":12,"key":"SkillPotion"}],"is_trial":false,"path_per_floor":["M","?","?","?","M","E","M","M","T","R","M","M","M","M","R","B"],"character_chosen":"IRONCLAD","items_purchased":[],"campfire_rested":2,"item_purchase_floors":[],"current_hp_per_floor":[79,61,61,66,70,29,33,39,39,66,67,62,56,60,87,0],"gold":238,"neow_bonus":"TEN_PERCENT_HP_BONUS","is_prod":false,"is_daily":false,"chose_seed":false,"campfire_upgraded":0,"win_rate":0.0,"timestamp":1563314890,"path_taken":["M","?","?","?","M","E","M","M","T","R","M","M","?","M","R","BOSS"],"build_version":"2019-07-05","purchased_purges":0,"victory":false,"max_hp_per_floor":[88,88,88,93,93,93,93,93,93,93,93,93,93,93,93,93],"card_choices":[{"not_picked":["Headbutt","Armaments"],"picked":"Body Slam","floor":1},{"not_picked":["Clash","Anger"],"picked":"Rampage","floor":5},{"not_picked":["Inflame","Clothesline"],"picked":"Flame Barrier","floor":6},{"not_picked":["Anger","Twin Strike"],"picked":"Clothesline","floor":7},{"not_picked":["Warcry","Dropkick"],"picked":"Cleave","floor":8},{"not_picked":["Headbutt","Iron Wave"],"picked":"Second Wind","floor":11},{"not_picked":["Cleave","Anger","Perfected Strike"],"picked":"SKIP","floor":12},{"not_picked":["Rampage","Combust","Clothesline"],"picked":"SKIP","floor":13},{"not_picked":["Second Wind","Demon Form","Metallicize"],"picked":"SKIP","floor":14}],"player_experience":2361,"relics_obtained":[{"floor":6,"key":"Sundial"},{"floor":9,"key":"Bird Faced Urn"}],"event_choices":[{"damage_healed":0,"gold_gain":0,"player_choice":"Entered Light","damage_taken":18,"max_hp_gain":0,"max_hp_loss":0,"event_name":"Shining Light","floor":2,"gold_loss":0,"cards_upgraded":["Strike_R","Strike_R"]},{"damage_healed":0,"gold_gain":0,"player_choice":"Ignored","damage_taken":0,"max_hp_gain":0,"max_hp_loss":0,"event_name":"Golden Wing","floor":3,"gold_loss":0},{"damage_healed":0,"gold_gain":0,"player_choice":"Donut","damage_taken":0,"max_hp_gain":5,"max_hp_loss":0,"event_name":"Big Fish","floor":4,"gold_loss":0}],"is_beta":false,"boss_relics":[],"items_purged_floors":[],"is_endless":false,"potions_floor_spawned":[8,11,12,13,14],"killed_by":"Hexaghost","ascension_level":0}