{"gold_per_floor":[114,289,2,2,21,21,34,34,34,68,79,79,107,169,169,273,273,291,291,291,308,318,318],"floor_reached":23,"playtime":1672,"items_purged":[],"score":189,"play_id":"5241d7f5-8d02-4d56-9e76-9236780fd466","local_time":"20190707205430","is_ascension_mode":false,"campfire_choices":[{"data":"Perfected Strike","floor":6,"key":"SMITH"},{"data":"Strike_R","floor":8,"key":"SMITH"},{"floor":12,"key":"REST"},{"floor":15,"key":"REST"}],"neow_cost":"","seed_source_timestamp":92142179452900,"circlet_count":0,"master_deck":["Strike_R+1","Strike_R","Strike_R","Strike_R","Defend_R","Defend_R","Defend_R","Defend_R","Bash","Ghostly Armor","Perfected Strike+1","Iron Wave","Combust","Flex","Searing Blow","Rampage","Clash","Clash","Anger","Clash","Double Tap","Pommel Strike","Purity+1","Fiend Fire","Thunderclap","Anger+1"],"relics":["Burning Blood","Matryoshka","PreservedInsect","Odd Mushroom","Gambling Chip","Eternal Feather"],"potions_floor_usage":[14,16,16,22],"damage_taken":[{"damage":8,"enemies":"Jaw Worm","floor":1,"turns":4},{"damage":0,"enemies":"Small Slimes","floor":5,"turns":3},{"damage":1,"enemies":"2 Louse","floor":7,"turns":2},{"damage":27,"enemies":"Gremlin Nob","floor":10,"turns":4},{"damage":5,"enemies":"Looter","floor":11,"turns":2},{"damage":16,"enemies":"The Mushroom Lair","floor":13,"turns":4},{"damage":27,"enemies":"Lagavulin Event","floor":14,"turns":4},{"damage":68,"enemies":"The Guardian","floor":16,"turns":9},{"damage":18,"enemies":"2 Thieves","floor":18,"turns":4},{"damage":36,"enemies":"Shell Parasite","floor":21,"turns":5},{"damage":38,"enemies":"3 Cultists","floor":22,"turns":5},{"damage":13,"enemies":"Centurion and Healer","floor":23,"turns":1}],"seed_played":"6095082502602458413","potions_obtained":[{"floor":1,"key":"LiquidBronze"},{"floor":5,"key":"Fire Potion"},{"floor":11,"key":"GamblersBrew"},{"floor":13,"key":"Dexterity Potion"},{"floor":18,"key":"FearPotion"}],"is_trial":false,"path_per_floor":["M","?","$","?","M","R","M","R","T","E","M","R","?","?","R","B",null,"M","?","?","M","M","M"],"character_chosen":"IRONCLAD","items_purchased":["Perfected Strike","Bandage Up","Iron Wave","Combust","Flex"],"campfire_rested":2,"item_purchase_floors":[3,3,3,3,3],"current_hp_per_floor":[78,78,78,71,80,80,80,80,80,59,60,80,70,49,73,15,80,72,72,72,42,10,0],"gold":318,"neow_bonus":"","is_prod":false,"is_daily":false,"chose_seed":false,"campfire_upgraded":2,"win_rate":0.0,"timestamp":1562550870,"path_taken":["M","?","$","?","?","R","M","R","T","E","M","R","?","?","R","BOSS","M","?","?","M","?","M"],"build_version":"2019-07-05","purchased_purges":0,"victory":false,"max_hp_per_floor":[80,80,80,80,80,80,80,80,80,80,80,80,80,80,80,80,80,80,80,80,80,80,80],"card_choices":[{"not_picked":["Battle Trance","Armaments"],"picked":"Ghostly Armor","floor":1},{"not_picked":["Twin Strike","Power Through"],"picked":"Searing Blow","floor":5},{"not_picked":["Cleave","Clash"],"picked":"Rampage","floor":7},{"not_picked":["Pummel","Bloodletting"],"picked":"Clash","floor":10},{"not_picked":["Twin Strike","Body Slam"],"picked":"Clash","floor":11},{"not_picked":["True Grit","Reaper"],"picked":"Anger","floor":13},{"not_picked":["Intimidate","Body Slam"],"picked":"Clash","floor":14},{"not_picked":["Bludgeon","Reaper"],"picked":"Double Tap","floor":16},{"not_picked":["True Grit","Intimidate"],"picked":"Pommel Strike","floor":18},{"not_picked":["Pummel","Shrug It Off"],"picked":"Thunderclap","floor":21},{"not_picked":["Armaments","Disarm"],"picked":"Anger+1","floor":22}],"player_experience":0,"relics_obtained":[{"floor":9,"key":"Matryoshka"},{"floor":10,"key":"PreservedInsect"},{"floor":13,"key":"Odd Mushroom"},{"floor":14,"key":"Gambling Chip"}],"event_choices":[{"damage_healed":0,"gold_gain":175,"player_choice":"AGREE","damage_taken":0,"max_hp_gain":0,"max_hp_loss":0,"event_name":"Liars Game","floor":2,"gold_loss":0,"cards_obtained":["Doubt"]},{"cards_removed":["Doubt"],"damage_healed":0,"gold_gain":0,"player_choice":"Card Removal","damage_taken":7,"max_hp_gain":0,"max_hp_loss":0,"event_name":"Golden Wing","floor":4,"gold_loss":0},{"damage_healed":0,"gold_gain":0,"player_choice":"Fought Mushrooms","damage_taken":0,"max_hp_gain":0,"max_hp_loss":0,"event_name":"Mushrooms","floor":13,"gold_loss":0},{"damage_healed":0,"gold_gain":0,"player_choice":"Searched \u00271\u0027 times","damage_taken":0,"max_hp_gain":0,"max_hp_loss":0,"event_name":"Dead Adventurer","floor":14,"gold_loss":0},{"damage_healed":0,"gold_gain":0,"cards_transformed":["Bandage Up","Strike_R"],"player_choice":"Became Test Subject","damage_taken":0,"max_hp_gain":0,"max_hp_loss":0,"event_name":"Drug Dealer","floor":19,"gold_loss":0,"cards_obtained":["Purity","Fiend Fire"]},{"damage_healed":0,"gold_gain":0,"player_choice":"Upgraded","damage_taken":0,"max_hp_gain":0,"max_hp_loss":0,"event_name":"Upgrade Shrine","floor":20,"gold_loss":0,"cards_upgraded":["Purity"]}],"is_beta":false,"boss_relics":[{"not_picked":["Runic Dome","Coffee Dripper"],"picked":"Eternal Feather"}],"items_purged_floors":[],"is_endless":false,"potions_floor_spawned":[1,5,11,13,14,18],"killed_by":"Centurion and Healer","ascension_level":0}