{"gold_per_floor":[115,26,26,26,39,74,74,98,98,118,118,157,172,192,192,320,320,333,333,369,369,393,411,427,427,427,93,106,131,96,112,112,231,231,246,1245,1261,1261,405,405,428,428,453,30,44,9,9,23,23,23],"floor_reached":51,"playtime":3095,"items_purged":["Normality","Normality"],"score":711,"play_id":"51a38bfd-9db9-41eb-b9d1-1d1a61068fc9","local_time":"20190710115456","is_ascension_mode":false,"campfire_choices":[{"data":"Armaments","floor":7,"key":"SMITH"},{"data":"Armaments","floor":15,"key":"SMITH"},{"floor":32,"key":"REST"},{"data":"Corruption","floor":40,"key":"SMITH"},{"floor":47,"key":"REST"},{"data":"Armaments","floor":49,"key":"SMITH"}],"neow_cost":"NONE","seed_source_timestamp":317516881316500,"circlet_count":0,"master_deck":["Strike_R+1","Strike_R+1","Strike_R+1","Strike_R+1","Strike_R+1","Defend_R+1","Defend_R+1","Defend_R+1","Defend_R+1","Bash","Feel No Pain","Dramatic Entrance","Injury","Armaments+1","Iron Wave","Uppercut","Clothesline","Power Through+1","Armaments+1","Shrug It Off+1","Juggernaut","Perfected Strike","Pommel Strike+1","Carnage","Seeing Red","Iron Wave","Infernal Blade","Armaments+1","Second Wind","Cleave+1","Heavy Blade","Corruption+1","Headbutt+1","Sadistic Nature","Perfected Strike","Spot Weakness","Heavy Blade"],"relics":["Burning Blood","NeowsBlessing","Golden Idol","NlothsMask","Mercury Hourglass","Happy Flower","Busted Crown","Red Mask","Magic Flower","StoneCalendar","MealTicket","Mark of Pain","Pear","Toy Ornithopter","Bottled Tornado","War Paint","Red Skull"],"potions_floor_usage":[12,16,16,20,31,33,33,45,50,50],"damage_taken":[{"damage":0,"enemies":"Small Slimes","floor":1,"turns":1},{"damage":0,"enemies":"2 Louse","floor":5,"turns":1},{"damage":0,"enemies":"Gremlin Nob","floor":6,"turns":1},{"damage":1,"enemies":"Cultist","floor":8,"turns":4},{"damage":1,"enemies":"2 Fungi Beasts","floor":10,"turns":4},{"damage":17,"enemies":"3 Sentries","floor":12,"turns":5},{"damage":0,"enemies":"Looter","floor":13,"turns":3},{"damage":2,"enemies":"Blue Slaver","floor":14,"turns":4},{"damage":49,"enemies":"Slime Boss","floor":16,"turns":15},{"damage":5,"enemies":"Shell Parasite","floor":18,"turns":6},{"damage":33,"enemies":"Masked Bandits","floor":20,"turns":5},{"damage":0,"enemies":"Chosen","floor":22,"turns":4},{"damage":18,"enemies":"Shelled Parasite and Fungi","floor":23,"turns":5},{"damage":19,"enemies":"Snake Plant","floor":24,"turns":4},{"damage":0,"enemies":"Sentry and Sphere","floor":28,"turns":3},{"damage":25,"enemies":"Centurion and Healer","floor":29,"turns":5},{"damage":3,"enemies":"Snake Plant","floor":31,"turns":4},{"damage":58,"enemies":"Automaton","floor":33,"turns":8},{"damage":38,"enemies":"3 Darklings","floor":35,"turns":6},{"damage":0,"enemies":"Orb Walker","floor":37,"turns":2},{"damage":33,"enemies":"3 Darklings","floor":41,"turns":5},{"damage":41,"enemies":"Spire Growth","floor":45,"turns":5},{"damage":16,"enemies":"Jaw Worm Horde","floor":48,"turns":4},{"damage":118,"enemies":"Donu and Deca","floor":50,"turns":10}],"seed_played":"-4997144855849945172","potions_obtained":[{"floor":8,"key":"AttackPotion"},{"floor":13,"key":"Block Potion"},{"floor":14,"key":"Poison Potion"},{"floor":18,"key":"SpeedPotion"},{"floor":20,"key":"Strength Potion"},{"floor":23,"key":"Weak Potion"},{"floor":31,"key":"AttackPotion"},{"floor":33,"key":"PowerPotion"},{"floor":41,"key":"LiquidBronze"},{"floor":45,"key":"BloodPotion"}],"is_trial":false,"path_per_floor":["M","$","?","?","M","E","R","M","T","M","?","E","M","M","R","B",null,"M","?","?","?","M","M","M","?","T","$","M","M","$","M","R","B",null,"M","?","M","?","$","R","M","?","T","$","M","$","R","M","R","B",null],"character_chosen":"IRONCLAD","items_purchased":["Dramatic Entrance","MealTicket","Infernal Blade","Armaments","Second Wind","Pear","Toy Ornithopter","Corruption","Bottled Tornado","Red Skull","Sadistic Nature","Spot Weakness"],"campfire_rested":2,"item_purchase_floors":[2,27,27,27,30,39,39,39,39,44,44,46],"current_hp_per_floor":[80,80,80,80,80,80,80,80,80,80,80,69,75,79,79,36,80,80,80,53,53,59,47,34,34,34,34,43,27,42,48,72,23,80,51,51,60,60,85,85,61,61,61,76,52,67,90,83,83,17],"gold":23,"neow_bonus":"THREE_ENEMY_KILL","is_prod":false,"is_daily":false,"chose_seed":false,"campfire_upgraded":4,"win_rate":0.0,"timestamp":1562777696,"path_taken":["M","$","?","?","M","E","R","M","T","?","?","E","M","M","R","BOSS","M","?","?","?","?","M","M","?","T","$","M","M","$","M","R","BOSS","M","?","M","?","?","R","M","?","T","$","M","$","R","M","R","BOSS"],"build_version":"2019-07-05","purchased_purges":2,"victory":true,"max_hp_per_floor":[80,80,80,80,80,80,80,80,80,80,80,80,80,80,80,80,80,80,80,80,80,80,80,80,80,80,80,80,80,80,80,80,80,80,80,80,80,80,90,90,90,90,90,90,90,90,90,90,90,90],"card_choices":[{"not_picked":["Warcry","Infernal Blade"],"picked":"Feel No Pain","floor":1},{"not_picked":["Blood for Blood","Pommel Strike"],"picked":"Armaments","floor":5},{"not_picked":["Fire Breathing","Bloodletting"],"picked":"Iron Wave","floor":6},{"not_picked":["Clothesline","Clash"],"picked":"Uppercut","floor":8},{"not_picked":["Body Slam","True Grit"],"picked":"Power Through","floor":10},{"not_picked":["Clothesline","Body Slam"],"picked":"Power Through","floor":12},{"not_picked":["Intimidate","Infernal Blade"],"picked":"Armaments","floor":13},{"not_picked":["Intimidate","Clash"],"picked":"Shrug It Off","floor":14},{"not_picked":["Brutality","Fiend Fire"],"picked":"Juggernaut","floor":16},{"not_picked":[],"picked":"Perfected Strike","floor":18},{"not_picked":[],"picked":"Pommel Strike+1","floor":20},{"not_picked":[],"picked":"Carnage","floor":22},{"not_picked":[],"picked":"Seeing Red","floor":23},{"not_picked":[],"picked":"Iron Wave","floor":24},{"not_picked":["Rupture"],"picked":"SKIP","floor":28},{"not_picked":["Clash"],"picked":"SKIP","floor":29},{"not_picked":["Flex"],"picked":"SKIP","floor":31},{"not_picked":[],"picked":"Cleave+1","floor":35},{"not_picked":[],"picked":"Heavy Blade","floor":37},{"not_picked":[],"picked":"Headbutt+1","floor":41},{"not_picked":[],"picked":"Perfected Strike","floor":45},{"not_picked":[],"picked":"Heavy Blade","floor":48}],"player_experience":17166,"relics_obtained":[{"floor":6,"key":"Mercury Hourglass"},{"floor":12,"key":"Happy Flower"},{"floor":20,"key":"Red Mask"},{"floor":26,"key":"StoneCalendar"},{"floor":43,"key":"War Paint"}],"event_choices":[{"damage_healed":0,"gold_gain":0,"player_choice":"Take Wound","damage_taken":0,"relics_obtained":["Golden Idol"],"max_hp_gain":0,"max_hp_loss":0,"event_name":"Golden Idol","floor":3,"gold_loss":0,"cards_obtained":["Injury"]},{"damage_healed":0,"gold_gain":0,"player_choice":"Trade","damage_taken":0,"relics_obtained":["NlothsMask"],"max_hp_gain":0,"max_hp_loss":0,"event_name":"FaceTrader","floor":4,"gold_loss":0},{"damage_healed":0,"gold_gain":0,"cards_transformed":["Power Through"],"player_choice":"Change","damage_taken":0,"max_hp_gain":0,"max_hp_loss":0,"event_name":"Living Wall","floor":11,"gold_loss":0,"cards_obtained":["Clothesline"]},{"damage_healed":0,"gold_gain":0,"player_choice":"Simplicity","damage_taken":0,"max_hp_gain":0,"max_hp_loss":0,"event_name":"Back to Basics","floor":19,"gold_loss":0,"cards_upgraded":["Strike_R","Strike_R","Strike_R","Strike_R","Strike_R","Defend_R","Defend_R","Defend_R","Defend_R"]},{"damage_healed":0,"gold_gain":0,"player_choice":"Fought Bandits","damage_taken":0,"max_hp_gain":0,"max_hp_loss":0,"event_name":"Masked Bandits","floor":20,"gold_loss":0},{"damage_healed":0,"gold_gain":0,"player_choice":"Copied","damage_taken":0,"max_hp_gain":0,"max_hp_loss":0,"event_name":"Duplicator","floor":21,"gold_loss":0,"cards_obtained":["Juggernaut"]},{"damage_healed":0,"gold_gain":0,"player_choice":"Opened","damage_taken":0,"relics_obtained":["Magic Flower"],"max_hp_gain":0,"max_hp_loss":0,"event_name":"The Mausoleum","floor":25,"gold_loss":0},{"damage_healed":0,"gold_gain":999,"player_choice":"Gold","damage_taken":0,"max_hp_gain":0,"max_hp_loss":0,"event_name":"MindBloom","floor":36,"gold_loss":0,"cards_obtained":["Normality","Normality"]},{"cards_removed":["Juggernaut"],"damage_healed":0,"gold_gain":0,"player_choice":"Removed Power","damage_taken":0,"max_hp_gain":0,"max_hp_loss":0,"event_name":"Falling","floor":38,"gold_loss":0},{"damage_healed":0,"gold_gain":0,"player_choice":"Ignored","damage_taken":0,"max_hp_gain":0,"max_hp_loss":0,"event_name":"Mysterious Sphere","floor":42,"gold_loss":0}],"is_beta":false,"boss_relics":[{"not_picked":["Cursed Key","Philosopher\u0027s Stone"],"picked":"Busted Crown"},{"not_picked":["Sozu","Runic Cube"],"picked":"Mark of Pain"}],"items_purged_floors":[39,44],"is_endless":false,"potions_floor_spawned":[8,13,14,18,20,23,31,33,41,45],"ascension_level":0}