{"gold_per_floor":[112,112,112,124,147,147,157,171,196,48,63,92,25,39,39,142,142,157,157,167,196,18,18],"floor_reached":23,"playtime":3018,"items_purged":["Regret","Clash"],"score":201,"play_id":"47a3b4a2-ef5a-469b-bce2-04990fe7d271","local_time":"20190711213651","is_ascension_mode":true,"campfire_choices":[{"data":"Shrug It Off","floor":6,"key":"SMITH"},{"data":"Armaments","floor":15,"key":"SMITH"}],"neow_cost":"NONE","seed_source_timestamp":156705412384400,"circlet_count":0,"master_deck":["Strike_R","Strike_R+1","Strike_R","Strike_R","Strike_R","Defend_R","Defend_R","Defend_R","Defend_R","Shrug It Off+1","Clash","Shrug It Off","Bludgeon+1","Anger","Armaments+1","Shrug It Off","Evolve","Double Tap","Fire Breathing","Battle Trance","Anger"],"relics":["Burning Blood","Regal Pillow","Blood Vial","Vajra","Whetstone","Black Star","Red Mask"],"potions_floor_usage":[12,16,21,23],"damage_taken":[{"damage":6,"enemies":"Small Slimes","floor":1,"turns":5},{"damage":9,"enemies":"Jaw Worm","floor":4,"turns":8},{"damage":7,"enemies":"Cultist","floor":7,"turns":5},{"damage":12,"enemies":"Exordium Wildlife","floor":8,"turns":5},{"damage":2,"enemies":"3 Louse","floor":11,"turns":4},{"damage":21,"enemies":"Lagavulin","floor":12,"turns":5},{"damage":0,"enemies":"2 Fungi Beasts","floor":14,"turns":2},{"damage":24,"enemies":"Hexaghost","floor":16,"turns":9},{"damage":0,"enemies":"Chosen","floor":18,"turns":4},{"damage":13,"enemies":"Shell Parasite","floor":20,"turns":6},{"damage":45,"enemies":"Masked Bandits","floor":21,"turns":6},{"damage":32,"enemies":"Gremlin Leader","floor":23,"turns":3}],"seed_played":"-1956894291084055892","potions_obtained":[{"floor":4,"key":"Poison Potion"},{"floor":7,"key":"Dexterity Potion"},{"floor":18,"key":"Poison Potion"}],"is_trial":false,"path_per_floor":["M","?","?","M","T","R","M","M","T","$","M","E","$","M","R","B",null,"M","?","M","?","$","E"],"character_chosen":"IRONCLAD","items_purchased":["Bludgeon","Armaments","Shrug It Off","EssenceOfSteel"],"campfire_rested":0,"item_purchase_floors":[10,13,13,22],"current_hp_per_floor":[80,73,73,70,70,70,71,67,67,67,73,60,60,68,68,52,80,80,65,60,23,23,0],"gold":18,"neow_bonus":"TRANSFORM_CARD","is_prod":false,"is_daily":false,"chose_seed":false,"campfire_upgraded":2,"win_rate":0,"timestamp":1562895411,"path_taken":["M","?","?","M","?","R","M","M","T","$","M","E","?","?","R","BOSS","M","?","M","?","$","E"],"build_version":"2019-07-05","purchased_purges":2,"victory":false,"max_hp_per_floor":[80,80,80,80,80,80,80,80,80,80,80,80,80,80,80,80,80,80,85,85,85,85,85],"card_choices":[{"not_picked":["Warcry","Infernal Blade"],"picked":"Shrug It Off","floor":1},{"not_picked":["Feel No Pain","Heavy Blade","Iron Wave"],"picked":"SKIP","floor":4},{"not_picked":["Wild Strike","Blood for Blood"],"picked":"Clash","floor":7},{"not_picked":["Iron Wave","Cleave"],"picked":"Shrug It Off","floor":8},{"not_picked":["Power Through","Armaments"],"picked":"Clash","floor":11},{"not_picked":["Thunderclap","Bludgeon"],"picked":"Anger","floor":12},{"not_picked":["Iron Wave","Pommel Strike"],"picked":"Evolve","floor":14},{"not_picked":["Barricade","Immolate"],"picked":"Double Tap","floor":16},{"not_picked":["Iron Wave+1","True Grit"],"picked":"Fire Breathing","floor":18},{"not_picked":["Sword Boomerang","Inflame+1"],"picked":"Battle Trance","floor":20},{"not_picked":["Ghostly Armor","Dual Wield"],"picked":"Anger","floor":21}],"player_experience":53429,"relics_obtained":[{"floor":5,"key":"Blood Vial"},{"floor":9,"key":"Vajra"},{"floor":12,"key":"Whetstone"},{"floor":21,"key":"Red Mask"}],"event_choices":[{"cards_removed":["Disarm"],"damage_healed":0,"gold_gain":0,"player_choice":"Card Removal","damage_taken":7,"max_hp_gain":0,"max_hp_loss":0,"event_name":"Golden Wing","floor":2,"gold_loss":0},{"damage_healed":0,"gold_gain":0,"player_choice":"Box","damage_taken":0,"relics_obtained":["Regal Pillow"],"max_hp_gain":0,"max_hp_loss":0,"event_name":"Big Fish","floor":3,"gold_loss":0,"cards_obtained":["Regret"]},{"damage_healed":0,"gold_gain":0,"player_choice":"Shed Blood","damage_taken":20,"max_hp_gain":5,"max_hp_loss":0,"event_name":"Forgotten Altar","floor":19,"gold_loss":0},{"damage_healed":0,"gold_gain":0,"player_choice":"Fought Bandits","damage_taken":0,"max_hp_gain":0,"max_hp_loss":0,"event_name":"Masked Bandits","floor":21,"gold_loss":0}],"is_beta":false,"boss_relics":[{"not_picked":["Astrolabe","Mark of Pain"],"picked":"Black Star"}],"items_purged_floors":[10,22],"is_endless":false,"potions_floor_spawned":[4,7,18],"killed_by":"Gremlin Leader","ascension_level":1}