{"gold_per_floor":[166,180,193,193,0,0,72,72,148,168,168,178,178,153,153,256,256,271,282,282,282,297,297,315,335,335,346,364,381,306,12,12,108,108,123,138,238,238],"floor_reached":38,"playtime":6656,"items_purged":["Strike_B","Strike_B"],"score":370,"play_id":"04c032a7-c456-41d6-8a6a-8baecdb302d1","local_time":"20190712190112","is_ascension_mode":false,"campfire_choices":[{"data":"Hello World","floor":6,"key":"SMITH"},{"data":"Tempest","floor":8,"key":"SMITH"},{"data":"Electrodynamics","floor":13,"key":"SMITH"},{"floor":15,"key":"REST"},{"data":"Chaos","floor":23,"key":"SMITH"},{"floor":32,"key":"REST"}],"neow_cost":"NONE","seed_source_timestamp":230136234809400,"circlet_count":0,"master_deck":["Strike_B+1","Defend_B","Defend_B","Defend_B","Defend_B","Zap","Dualcast","Aggregate","Aggregate","Steam Power","Tempest+1","Melter","Hello World+1","Electrodynamics+1","Rainbow","Double Energy","Chaos+1","Skim","Chill","Conserve Battery","Beam Cell+1","Redo+1","Gash","FTL","Gash","Go for the Eyes+1","Chill","Gash","Creative AI","Redo+1","Loop+1","Tempest"],"relics":["Tiny House","Ornamental Fan","Meat on the Bone","Bag of Marbles","Orrery","Torii","Lantern","Snecko Eye","Shovel"],"potions_floor_usage":[22,25,25,33],"damage_taken":[{"damage":3,"enemies":"Small Slimes","floor":1,"turns":3},{"damage":5,"enemies":"Jaw Worm","floor":2,"turns":5},{"damage":4,"enemies":"2 Louse","floor":3,"turns":3},{"damage":13,"enemies":"Exordium Wildlife","floor":10,"turns":5},{"damage":15,"enemies":"3 Louse","floor":12,"turns":3},{"damage":69,"enemies":"Hexaghost","floor":16,"turns":10},{"damage":3,"enemies":"Chosen","floor":18,"turns":5},{"damage":0,"enemies":"Spheric Guardian","floor":19,"turns":3},{"damage":16,"enemies":"Centurion and Healer","floor":22,"turns":3},{"damage":25,"enemies":"Snake Plant","floor":24,"turns":4},{"damage":10,"enemies":"Cultist and Chosen","floor":25,"turns":3},{"damage":20,"enemies":"Shelled Parasite and Fungi","floor":27,"turns":6},{"damage":29,"enemies":"Snake Plant","floor":28,"turns":3},{"damage":9,"enemies":"Centurion and Healer","floor":29,"turns":5},{"damage":32,"enemies":"Collector","floor":33,"turns":7},{"damage":8,"enemies":"3 Darklings","floor":35,"turns":3},{"damage":1,"enemies":"3 Shapes","floor":36,"turns":4},{"damage":42,"enemies":"Mind Bloom Boss Battle","floor":37,"turns":9},{"damage":56,"enemies":"Spire Growth","floor":38,"turns":4}],"seed_played":"-3617239676840959309","potions_obtained":[{"floor":0,"key":"FocusPotion"},{"floor":3,"key":"FairyPotion"},{"floor":12,"key":"SkillPotion"},{"floor":16,"key":"Fire Potion"},{"floor":22,"key":"Energy Potion"},{"floor":27,"key":"LiquidBronze"},{"floor":33,"key":"FocusPotion"}],"is_trial":false,"path_per_floor":["M","M","M","?","$","R","T","R","T","M","?","M","R","?","R","B",null,"M","M","?","?","M","R","M","M","T","M","M","M","?","$","R","B",null,"M","M","?","M"],"character_chosen":"DEFECT","items_purchased":["Melter","Hello World","Gash","Lantern"],"campfire_rested":2,"item_purchase_floors":[5,5,31,31],"current_hp_per_floor":[77,72,68,68,68,68,68,68,68,55,43,40,40,40,64,16,80,77,77,62,85,69,69,44,46,46,38,21,24,24,24,49,29,85,77,76,46,0],"gold":238,"neow_bonus":"BOSS_RELIC","is_prod":false,"is_daily":false,"chose_seed":false,"campfire_upgraded":4,"win_rate":0.0,"timestamp":1562972472,"path_taken":["M","M","M","?","$","R","?","R","T","M","?","?","R","?","R","BOSS","M","M","?","?","M","R","M","M","T","M","M","?","?","$","R","BOSS","M","M","?","M"],"build_version":"2019-07-05","purchased_purges":2,"victory":false,"max_hp_per_floor":[80,80,80,80,80,80,80,80,80,80,80,80,80,80,80,80,80,80,80,85,85,85,85,85,85,85,85,85,85,85,85,85,85,85,85,85,85,85],"card_choices":[{"not_picked":["Coolheaded","Undo"],"picked":"Aggregate","floor":0},{"not_picked":["Sweeping Beam","Rebound"],"picked":"Aggregate","floor":1},{"not_picked":["Hologram","Compile Driver"],"picked":"Steam Power","floor":2},{"not_picked":["Reinforced Body","Blizzard"],"picked":"Tempest","floor":3},{"not_picked":["Stack","Aggregate","Steam"],"picked":"SKIP","floor":10},{"not_picked":["Leap","Ball Lightning"],"picked":"Electrodynamics","floor":12},{"not_picked":["Buffer","Creative AI"],"picked":"Rainbow","floor":16},{"not_picked":["Force Field","Turbo"],"picked":"Double Energy","floor":17},{"not_picked":["Cold Snap","Stack"],"picked":"Chaos","floor":17},{"not_picked":["Cold Snap","Undo"],"picked":"Skim","floor":17},{"not_picked":["Redo","Capacitor"],"picked":"Chill","floor":17},{"not_picked":["Capacitor","Chill"],"picked":"Conserve Battery","floor":17},{"not_picked":["Buffer","Blizzard"],"picked":"Beam Cell+1","floor":18},{"not_picked":["Barrage","Cold Snap","Rip and Tear"],"picked":"SKIP","floor":19},{"not_picked":["Reinforced Body","Stack"],"picked":"Redo+1","floor":22},{"not_picked":["Leap","Steam"],"picked":"Gash","floor":24},{"not_picked":["Sweeping Beam+1","Rebound"],"picked":"FTL","floor":25},{"not_picked":["Streamline","Stack"],"picked":"Gash","floor":27},{"not_picked":["Leap","Barrage"],"picked":"Go for the Eyes+1","floor":28},{"not_picked":["Leap","Darkness"],"picked":"Chill","floor":29},{"not_picked":["Biased Cognition","Multi-Cast"],"picked":"Creative AI","floor":33},{"not_picked":["Rebound+1","Leap+1"],"picked":"Redo+1","floor":35},{"not_picked":["Glacier","Chill"],"picked":"Loop+1","floor":36},{"not_picked":["Barrage+1","Ball Lightning"],"picked":"Tempest","floor":37}],"player_experience":63186,"relics_obtained":[{"floor":7,"key":"Ornamental Fan"},{"floor":9,"key":"Meat on the Bone"},{"floor":26,"key":"Torii"},{"floor":37,"key":"Shovel"}],"event_choices":[{"damage_healed":0,"gold_gain":0,"player_choice":"Ignored","damage_taken":0,"max_hp_gain":0,"max_hp_loss":0,"event_name":"Liars Game","floor":4,"gold_loss":0},{"damage_healed":0,"gold_gain":0,"player_choice":"Success","damage_taken":12,"relics_obtained":["Bag of Marbles"],"max_hp_gain":0,"max_hp_loss":0,"event_name":"Scrap Ooze","floor":11,"gold_loss":0},{"damage_healed":0,"gold_gain":0,"player_choice":"Left Gold","damage_taken":0,"max_hp_gain":0,"max_hp_loss":0,"event_name":"World of Goop","floor":14,"gold_loss":25},{"damage_healed":0,"gold_gain":0,"player_choice":"Shed Blood","damage_taken":20,"max_hp_gain":5,"max_hp_loss":0,"event_name":"Forgotten Altar","floor":20,"gold_loss":0},{"damage_healed":23,"gold_gain":0,"player_choice":"Full Heal","damage_taken":0,"max_hp_gain":0,"max_hp_loss":0,"event_name":"Wheel of Change","floor":21,"gold_loss":0},{"cards_removed":["Strike_B"],"damage_healed":0,"gold_gain":0,"player_choice":"Gave Gold","damage_taken":0,"max_hp_gain":0,"max_hp_loss":0,"event_name":"Beggar","floor":30,"gold_loss":75},{"damage_healed":0,"gold_gain":0,"player_choice":"Fight","damage_taken":0,"max_hp_gain":0,"max_hp_loss":0,"event_name":"MindBloom","floor":37,"gold_loss":0}],"is_beta":false,"boss_relics":[{"not_picked":["Calling Bell","Astrolabe"],"picked":"Orrery"},{"not_picked":["Runic Pyramid","Lizard Tail"],"picked":"Snecko Eye"}],"items_purged_floors":[5,31],"is_endless":false,"potions_floor_spawned":[3,12,16,18,22,27,33],"killed_by":"Spire Growth","ascension_level":0}