{"gold_per_floor":[113,213,64,81,81,110,120,120,120,147,2,13,33,33,33,130,130,141,64,64,78,78,78,3,3,27,27,44,78,78,32,32,134,134,146,146,146,160,160,160,175,195,195,195,207,223,7,23,23,23],"floor_reached":50,"playtime":4575,"items_purged":["Strike_G","Survivor"],"score":545,"play_id":"cfc25242-87bd-4287-8bbb-7b13eacd704d","local_time":"20190714220822","is_ascension_mode":true,"campfire_choices":[{"data":"Adrenaline","floor":8,"key":"SMITH"},{"data":"Calculated Gamble","floor":15,"key":"SMITH"},{"data":"Phantasmal Killer","floor":23,"key":"SMITH"},{"data":"Infinite Blades","floor":25,"key":"SMITH"},{"floor":27,"key":"REST"},{"data":"Cloak And Dagger","floor":30,"key":"SMITH"},{"floor":32,"key":"REST"},{"floor":40,"key":"REST"},{"floor":44,"key":"REST"},{"floor":49,"key":"REST"}],"neow_cost":"NONE","seed_source_timestamp":416243740571800,"circlet_count":0,"master_deck":["Strike_G+1","Strike_G+1","Strike_G+1","Defend_G+1","Defend_G+1","Defend_G+1","Defend_G+1","Neutralize","Cloak And Dagger+1","Calculated Gamble+1","Adrenaline+1","Terror","Outmaneuver","Cloak And Dagger","Phantasmal Killer+1","Distraction","Infinite Blades+1","Well Laid Plans+1","Backflip","Outmaneuver+1","Finisher","Blade Dance","Blade Dance","Finesse"],"relics":["Ring of the Serpent","NeowsBlessing","Letter Opener","Potion Belt","Shuriken","Boot","Paper Crane","Regal Pillow","Mercury Hourglass","WristBlade","Oddly Smooth Stone","Pantograph"],"potions_floor_usage":[10,10,16,33,33,41,46,46,50,50,50],"damage_taken":[{"damage":0,"enemies":"2 Louse","floor":1,"turns":1},{"damage":0,"enemies":"Cultist","floor":4,"turns":1},{"damage":0,"enemies":"3 Sentries","floor":6,"turns":2},{"damage":3,"enemies":"Jaw Worm","floor":7,"turns":2},{"damage":3,"enemies":"Gremlin Nob","floor":10,"turns":4},{"damage":2,"enemies":"Exordium Wildlife","floor":12,"turns":3},{"damage":0,"enemies":"Looter","floor":13,"turns":3},{"damage":35,"enemies":"The Guardian","floor":16,"turns":11},{"damage":21,"enemies":"Spheric Guardian","floor":18,"turns":5},{"damage":14,"enemies":"Shell Parasite","floor":21,"turns":5},{"damage":14,"enemies":"Chosen and Byrds","floor":28,"turns":5},{"damage":22,"enemies":"Gremlin Leader","floor":29,"turns":5},{"damage":37,"enemies":"Champ","floor":33,"turns":7},{"damage":8,"enemies":"Orb Walker","floor":35,"turns":3},{"damage":28,"enemies":"3 Shapes","floor":38,"turns":2},{"damage":29,"enemies":"Jaw Worm Horde","floor":41,"turns":2},{"damage":11,"enemies":"Spire Growth","floor":42,"turns":4},{"damage":2,"enemies":"Maw","floor":45,"turns":5},{"damage":34,"enemies":"3 Darklings","floor":46,"turns":4},{"damage":0,"enemies":"Jaw Worm Horde","floor":48,"turns":3},{"damage":74,"enemies":"Time Eater","floor":50,"turns":7}],"seed_played":"997804763010112273","potions_obtained":[{"floor":1,"key":"AttackPotion"},{"floor":6,"key":"GamblersBrew"},{"floor":7,"key":"Energy Potion"},{"floor":10,"key":"LiquidBronze"},{"floor":21,"key":"SpeedPotion"},{"floor":33,"key":"EntropicBrew"},{"floor":35,"key":"GamblersBrew"},{"floor":41,"key":"SpeedPotion"},{"floor":45,"key":"EssenceOfSteel"}],"is_trial":false,"path_per_floor":["M","?","$","M","?","E","M","R","T","E","$","M","M","$","R","B",null,"M","$","?","M","T","R","?","R","T","R","M","E","R","$","R","B",null,"M","?","T","M","?","R","M","M","T","R","M","M","$","M","R","B"],"character_chosen":"THE_SILENT","items_purchased":["Calculated Gamble","Boot","Infinite Blades","Backflip","Blade Dance","Finesse"],"campfire_rested":5,"item_purchase_floors":[3,11,19,31,47,47],"current_hp_per_floor":[70,70,70,70,63,63,60,60,60,57,57,55,55,55,55,20,70,49,49,49,35,35,35,35,35,35,70,56,34,34,34,70,33,70,62,62,62,34,34,70,41,30,30,66,64,30,30,30,66,0],"gold":23,"neow_bonus":"THREE_ENEMY_KILL","is_prod":false,"is_daily":false,"chose_seed":false,"campfire_upgraded":5,"win_rate":0,"timestamp":1563156502,"path_taken":["M","?","?","?","?","E","M","R","T","E","$","M","M","?","R","BOSS","M","$","?","M","?","R","?","R","T","R","M","E","R","?","R","BOSS","M","?","?","?","?","R","M","M","T","R","M","M","$","M","R","BOSS"],"build_version":"2019-07-05","purchased_purges":2,"victory":false,"max_hp_per_floor":[70,70,70,70,70,70,70,70,70,70,70,70,70,70,70,70,70,70,70,70,70,70,70,70,70,70,70,70,70,70,70,70,70,70,70,70,70,70,70,70,70,70,70,70,70,70,70,70,70,70],"card_choices":[{"not_picked":["Bane","Blur"],"picked":"Cloak And Dagger","floor":1},{"not_picked":["Outmaneuver","Dodge and Roll","Bane"],"picked":"SKIP","floor":4},{"not_picked":["Dagger Throw","Dodge and Roll"],"picked":"Adrenaline","floor":6},{"not_picked":["Deflect","Choke"],"picked":"Terror","floor":7},{"not_picked":["Noxious Fumes","Terror"],"picked":"Outmaneuver","floor":10},{"not_picked":["Dodge and Roll","Escape Plan"],"picked":"Cloak And Dagger","floor":12},{"not_picked":["Deadly Poison","Prepared","Poisoned Stab"],"picked":"SKIP","floor":13},{"not_picked":["Die Die Die","Burst"],"picked":"Phantasmal Killer","floor":16},{"not_picked":["Calculated Gamble","Slice"],"picked":"Distraction","floor":18},{"not_picked":["Deflect","Predator","Quick Slash"],"picked":"SKIP","floor":21},{"not_picked":["Backstab","Poisoned Stab","Blur+1"],"picked":"SKIP","floor":28},{"not_picked":["Glass Knife","Catalyst+1"],"picked":"Well Laid Plans+1","floor":29},{"not_picked":["Bullet Time","Venomology"],"picked":"After Image","floor":33},{"not_picked":["Flechettes","Endless Agony+1"],"picked":"Outmaneuver+1","floor":35},{"not_picked":["Footwork+1","Distraction"],"picked":"Finisher","floor":38},{"not_picked":["Escape Plan","Masterful Stab+1","Distraction"],"picked":"SKIP","floor":41},{"not_picked":["Finisher","Eviscerate"],"picked":"Blade Dance","floor":42},{"not_picked":["Quick Slash","Deadly Poison+1","Escape Plan"],"picked":"SKIP","floor":45},{"not_picked":["Masterful Stab+1","Terror","Underhanded Strike+1"],"picked":"SKIP","floor":46},{"not_picked":["Dash","Poisoned Stab+1","Leg Sweep"],"picked":"SKIP","floor":48}],"player_experience":164221,"relics_obtained":[{"floor":6,"key":"Letter Opener"},{"floor":9,"key":"Potion Belt"},{"floor":10,"key":"Shuriken"},{"floor":22,"key":"Paper Crane"},{"floor":26,"key":"Regal Pillow"},{"floor":29,"key":"Mercury Hourglass"},{"floor":37,"key":"Oddly Smooth Stone"},{"floor":43,"key":"Pantograph"}],"event_choices":[{"damage_healed":0,"gold_gain":100,"player_choice":"Gold","damage_taken":0,"max_hp_gain":0,"max_hp_loss":0,"event_name":"Wheel of Change","floor":2,"gold_loss":0},{"cards_removed":["Strike_G"],"damage_healed":0,"gold_gain":0,"player_choice":"Card Removal","damage_taken":7,"max_hp_gain":0,"max_hp_loss":0,"event_name":"Golden Wing","floor":5,"gold_loss":0},{"damage_healed":0,"gold_gain":0,"player_choice":"Simplicity","damage_taken":0,"max_hp_gain":0,"max_hp_loss":0,"event_name":"Back to Basics","floor":20,"gold_loss":0,"cards_upgraded":["Strike_G","Strike_G","Strike_G","Defend_G","Defend_G","Defend_G","Defend_G","Defend_G"]},{"cards_removed":["Defend_G"],"damage_healed":0,"gold_gain":0,"player_choice":"Gave Gold","damage_taken":0,"max_hp_gain":0,"max_hp_loss":0,"event_name":"Beggar","floor":24,"gold_loss":75},{"cards_removed":["After Image"],"damage_healed":0,"gold_gain":0,"player_choice":"Removed Power","damage_taken":0,"max_hp_gain":0,"max_hp_loss":0,"event_name":"Falling","floor":36,"gold_loss":0},{"damage_healed":0,"gold_gain":0,"player_choice":"Ignored","damage_taken":0,"max_hp_gain":0,"max_hp_loss":0,"event_name":"Tomb of Lord Red Mask","floor":39,"gold_loss":0}],"is_beta":false,"boss_relics":[{"not_picked":["Ectoplasm","Calling Bell"],"picked":"Ring of the Serpent"},{"not_picked":["Runic Dome","Busted Crown"],"picked":"WristBlade"}],"items_purged_floors":[3,47],"is_endless":false,"potions_floor_spawned":[1,6,7,10,21,33,35,41,45],"killed_by":"Time Eater","ascension_level":2}