{"gold_per_floor":[114,114,134,149,167,167,186,186,186,186,202,216,245,320,320,419,419,437,487,228,147,164,193,193,224,224,239,256,355,367,378,378,478,478,498,511,511,522,230,264,264,298,298,298,353,366,366,53,53,53],"floor_reached":50,"playtime":6739,"items_purged":["Defend_G","Defend_G"],"score":624,"play_id":"66e33666-5ed0-46fa-85fa-5033aefdcc61","local_time":"20190711233003","is_ascension_mode":true,"campfire_choices":[{"floor":6,"key":"REST"},{"floor":10,"key":"REST"},{"floor":15,"key":"REST"},{"floor":24,"key":"REST"},{"floor":32,"key":"REST"},{"floor":41,"key":"REST"},{"floor":44,"key":"REST"},{"floor":49,"key":"REST"}],"neow_cost":"NONE","seed_source_timestamp":159781096221300,"circlet_count":0,"master_deck":["Strike_G","Strike_G","Strike_G","Strike_G","Strike_G","Defend_G","Defend_G","Survivor","Neutralize","Noxious Fumes","Die Die Die","Deadly Poison","Escape Plan","Flying Knee","Terror","Bouncing Flask","Distraction","Catalyst+1","Adrenaline+1","Crippling Poison+1","Bane","Corpse Explosion+1","Distraction+1","Distraction+1","Noxious Fumes+1","Corpse Explosion+1","Noxious Fumes+1","Die Die Die","Catalyst+1","Adrenaline+1","Catalyst+1"],"relics":["Fusion Hammer","Anchor","Orichalcum","Toxic Egg 2","Sozu","Centennial Puzzle","FossilizedHelix","Blood Vial","HoveringKite","DollysMirror","Darkstone Periapt","Pen Nib","Pear","The Specimen","Unceasing Top"],"potions_floor_usage":[16,50,50],"damage_taken":[{"damage":2,"enemies":"Jaw Worm","floor":1,"turns":4},{"damage":0,"enemies":"Cultist","floor":3,"turns":3},{"damage":6,"enemies":"Small Slimes","floor":4,"turns":2},{"damage":5,"enemies":"2 Fungi Beasts","floor":5,"turns":3},{"damage":2,"enemies":"Large Slime","floor":7,"turns":6},{"damage":3,"enemies":"Exordium Thugs","floor":11,"turns":3},{"damage":0,"enemies":"3 Louse","floor":12,"turns":3},{"damage":9,"enemies":"3 Sentries","floor":13,"turns":6},{"damage":29,"enemies":"Hexaghost","floor":16,"turns":6},{"damage":6,"enemies":"Shell Parasite","floor":18,"turns":4},{"damage":4,"enemies":"Spheric Guardian","floor":22,"turns":3},{"damage":5,"enemies":"Slavers","floor":23,"turns":2},{"damage":0,"enemies":"Gremlin Leader","floor":25,"turns":3},{"damage":0,"enemies":"3 Cultists","floor":27,"turns":2},{"damage":0,"enemies":"Centurion and Healer","floor":28,"turns":3},{"damage":0,"enemies":"Sentry and Sphere","floor":30,"turns":3},{"damage":9,"enemies":"Shelled Parasite and Fungi","floor":31,"turns":3},{"damage":11,"enemies":"Collector","floor":33,"turns":5},{"damage":41,"enemies":"3 Shapes","floor":35,"turns":3},{"damage":0,"enemies":"Orb Walker","floor":36,"turns":3},{"damage":0,"enemies":"Maw","floor":38,"turns":5},{"damage":10,"enemies":"Giant Head","floor":40,"turns":4},{"damage":28,"enemies":"Nemesis","floor":42,"turns":5},{"damage":20,"enemies":"2 Orb Walkers","floor":45,"turns":3},{"damage":10,"enemies":"Sphere and 2 Shapes","floor":46,"turns":3},{"damage":84,"enemies":"Awakened One","floor":50,"turns":7}],"seed_played":"-3427764283351591705","potions_obtained":[{"floor":1,"key":"EssenceOfSteel"},{"floor":4,"key":"Weak Potion"},{"floor":11,"key":"Weak Potion"}],"is_trial":false,"path_per_floor":["M","?","M","M","M","R","M","?","T","R","M","M","E","?","R","B",null,"M","?","$","$","M","E","R","E","T","M","M","?","M","M","R","B",null,"M","M","?","M","$","E","R","E","T","R","?","M","?","$","R","B"],"character_chosen":"THE_SILENT","items_purchased":["Bane","Corpse Explosion+1","Distraction+1","DollysMirror","Unceasing Top"],"campfire_rested":8,"item_purchase_floors":[20,20,21,39,48],"current_hp_per_floor":[68,68,68,62,57,70,68,56,56,70,67,67,58,47,68,39,70,64,64,64,64,60,55,70,70,70,70,70,70,70,61,70,59,70,29,31,70,70,70,60,70,42,52,76,58,50,50,50,74,0],"gold":53,"neow_bonus":"BOSS_RELIC","is_prod":false,"is_daily":false,"chose_seed":false,"campfire_upgraded":0,"win_rate":0,"timestamp":1562902203,"path_taken":["M","?","M","?","M","R","M","?","T","R","M","M","E","?","R","BOSS","M","?","?","$","M","E","R","E","T","M","M","?","M","M","R","BOSS","M","M","?","?","$","E","R","E","T","R","?","M","?","$","R","BOSS"],"build_version":"2019-07-05","purchased_purges":2,"victory":false,"max_hp_per_floor":[70,70,70,70,70,70,70,70,70,70,70,70,70,70,70,70,70,70,70,70,70,70,70,70,70,70,70,70,70,70,70,70,70,70,70,70,70,70,70,70,70,70,80,80,80,80,80,80,80,80],"card_choices":[{"not_picked":["Escape Plan","Deflect"],"picked":"Noxious Fumes","floor":1},{"not_picked":["Underhanded Strike","Masterful Stab"],"picked":"Deadly Poison","floor":3},{"not_picked":["Expertise","Heel Hook"],"picked":"Escape Plan","floor":4},{"not_picked":["Escape Plan","Predator"],"picked":"Flying Knee","floor":5},{"not_picked":["Dodge and Roll","Heel Hook"],"picked":"Terror","floor":7},{"not_picked":["Blur","Escape Plan"],"picked":"Bouncing Flask","floor":11},{"not_picked":["Deflect","Backflip"],"picked":"Distraction","floor":12},{"not_picked":["Dodge and Roll","Heel Hook"],"picked":"Catalyst","floor":13},{"not_picked":["Bullet Time+1","Venomology+1"],"picked":"Adrenaline+1","floor":16},{"not_picked":["Terror+1","Well Laid Plans"],"picked":"Crippling Poison+1","floor":18},{"not_picked":["Acrobatics+1","Terror+1","Finisher"],"picked":"SKIP","floor":22},{"not_picked":["PiercingWail+1","Sucker Punch"],"picked":"Distraction+1","floor":23},{"not_picked":["Expertise+1","Dodge and Roll+1"],"picked":"Noxious Fumes+1","floor":25},{"not_picked":["Dagger Throw","Blade Dance+1","Bane+1"],"picked":"SKIP","floor":27},{"not_picked":["Underhanded Strike","Acrobatics+1","Finisher"],"picked":"SKIP","floor":28},{"not_picked":["Dash+1","Slice"],"picked":"Corpse Explosion+1","floor":30},{"not_picked":["Heel Hook","Acrobatics+1"],"picked":"Noxious Fumes+1","floor":31},{"not_picked":["Venomology+1","Wraith Form v2"],"picked":"Die Die Die","floor":33},{"not_picked":["Acrobatics+1","Backstab","Outmaneuver+1"],"picked":"SKIP","floor":35},{"not_picked":["Terror+1","Riddle With Holes+1"],"picked":"Catalyst+1","floor":36},{"not_picked":["Outmaneuver+1","Bouncing Flask+1","Poisoned Stab+1"],"picked":"SKIP","floor":38},{"not_picked":["Backstab+1","Expertise+1","Quick Slash"],"picked":"SKIP","floor":40},{"not_picked":["Well Laid Plans+1","Bane+1","Deflect+1"],"picked":"SKIP","floor":42},{"not_picked":["Eviscerate","Bane+1"],"picked":"Catalyst+1","floor":45},{"not_picked":["Acrobatics+1","Underhanded Strike","Backflip+1"],"picked":"SKIP","floor":46}],"player_experience":56447,"relics_obtained":[{"floor":9,"key":"Orichalcum"},{"floor":13,"key":"Toxic Egg 2"},{"floor":23,"key":"Centennial Puzzle"},{"floor":25,"key":"FossilizedHelix"},{"floor":26,"key":"Blood Vial"},{"floor":40,"key":"Darkstone Periapt"},{"floor":42,"key":"Pen Nib"},{"floor":43,"key":"Pear"},{"floor":45,"key":"The Specimen"}],"event_choices":[{"damage_healed":0,"gold_gain":0,"cards_transformed":["Defend_G"],"player_choice":"Transformed","damage_taken":0,"max_hp_gain":0,"max_hp_loss":0,"event_name":"Transmorgrifier","floor":2,"gold_loss":0,"cards_obtained":["Die Die Die"]},{"damage_healed":0,"gold_gain":0,"player_choice":"Success","damage_taken":12,"relics_obtained":["Anchor"],"max_hp_gain":0,"max_hp_loss":0,"event_name":"Scrap Ooze","floor":8,"gold_loss":0},{"damage_healed":0,"gold_gain":75,"player_choice":"Gather Gold","damage_taken":11,"max_hp_gain":0,"max_hp_loss":0,"event_name":"World of Goop","floor":14,"gold_loss":0},{"damage_healed":0,"gold_gain":100,"player_choice":"Bet on Murderer","damage_taken":0,"max_hp_gain":0,"max_hp_loss":0,"event_name":"The Joust","floor":19,"gold_loss":50},{"damage_healed":0,"gold_gain":99,"player_choice":"Stole From Cult","damage_taken":0,"max_hp_gain":0,"max_hp_loss":0,"event_name":"Nest","floor":29,"gold_loss":0},{"damage_healed":39,"gold_gain":0,"player_choice":"Full Heal","damage_taken":0,"max_hp_gain":0,"max_hp_loss":0,"event_name":"Wheel of Change","floor":37,"gold_loss":0},{"damage_healed":0,"gold_gain":0,"player_choice":"Fight","damage_taken":0,"max_hp_gain":0,"max_hp_loss":0,"event_name":"Mysterious Sphere","floor":45,"gold_loss":0},{"damage_healed":0,"gold_gain":0,"player_choice":"Bought 0 Potions","damage_taken":0,"max_hp_gain":0,"max_hp_loss":0,"event_name":"The Woman in Blue","floor":47,"gold_loss":0}],"is_beta":false,"boss_relics":[{"not_picked":["Cursed Key","Orrery"],"picked":"Sozu"},{"not_picked":["Calling Bell","Tiny House"],"picked":"HoveringKite"}],"items_purged_floors":[20,39],"is_endless":false,"potions_floor_spawned":[1,4,11,12,18,25,27,30,35,36,42,45],"killed_by":"Awakened One","ascension_level":1}