{"gold_per_floor":[118,118,131,145,47,47,47,82,154,169,188,188,202,220,220,315,315,327,327,343,171,171,68,118,118,118,11,30,30,43,60,60,156,156,175,475,494,494,321,321,36,36,36,51,51,51,70,81,81,81],"floor_reached":51,"playtime":4020,"items_purged":["Strike_B","Defend_B+1","Defend_B+1"],"score":674,"play_id":"f3a98865-5f36-4324-8f9d-10753c9193f2","local_time":"20190714231620","is_ascension_mode":false,"campfire_choices":[{"floor":12,"key":"REST"},{"data":"Scrape","floor":15,"key":"SMITH"},{"data":"Reboot","floor":25,"key":"SMITH"},{"data":"Double Energy","floor":29,"key":"SMITH"},{"data":"Turbo","floor":32,"key":"SMITH"},{"data":"Steam Power","floor":40,"key":"SMITH"},{"data":"Zap","floor":42,"key":"SMITH"},{"data":"Amplify","floor":45,"key":"SMITH"},{"floor":49,"key":"REST"}],"neow_cost":"NONE","seed_source_timestamp":420859384009100,"circlet_count":0,"master_deck":["Strike_B+1","Strike_B+1","Strike_B+1","Defend_B+1","Defend_B+1","Zap+1","Gash","Scrape+1","Self Repair","Go for the Eyes","Sweeping Beam","Turbo+1","Gash","Steam+1","Machine Learning+1","Gash","Double Energy+1","Sweeping Beam","Compile Driver","Static Discharge+1","Streamline","Conserve Battery+1","Gash","Reboot+1","Gash","Steam Power+1","Finesse","Conserve Battery","Beam Cell","Amplify+1","Beam Cell","Go for the Eyes","Echo Form+1","Hologram+1"],"relics":["Cracked Core","NeowsBlessing","Anchor","Frozen Egg 2","Ornamental Fan","Orrery","War Paint","Oddly Smooth Stone","Nuclear Battery","Mango"],"potions_floor_usage":[16,28,33,37,48,50],"damage_taken":[{"damage":0,"enemies":"Jaw Worm","floor":1,"turns":1},{"damage":0,"enemies":"Cultist","floor":3,"turns":1},{"damage":0,"enemies":"Small Slimes","floor":4,"turns":1},{"damage":40,"enemies":"Lagavulin","floor":8,"turns":7},{"damage":7,"enemies":"Exordium Thugs","floor":10,"turns":4},{"damage":0,"enemies":"2 Fungi Beasts","floor":11,"turns":3},{"damage":1,"enemies":"Exordium Wildlife","floor":13,"turns":4},{"damage":0,"enemies":"Lots of Slimes","floor":14,"turns":2},{"damage":66,"enemies":"Slime Boss","floor":16,"turns":12},{"damage":13,"enemies":"2 Thieves","floor":18,"turns":4},{"damage":0,"enemies":"Chosen","floor":20,"turns":5},{"damage":13,"enemies":"Snecko","floor":28,"turns":5},{"damage":8,"enemies":"Snake Plant","floor":30,"turns":4},{"damage":15,"enemies":"Shelled Parasite and Fungi","floor":31,"turns":4},{"damage":35,"enemies":"Automaton","floor":33,"turns":9},{"damage":0,"enemies":"Orb Walker","floor":35,"turns":2},{"damage":0,"enemies":"3 Darklings","floor":37,"turns":5},{"damage":19,"enemies":"Spire Growth","floor":44,"turns":4},{"damage":21,"enemies":"4 Shapes","floor":47,"turns":3},{"damage":25,"enemies":"Sphere and 2 Shapes","floor":48,"turns":4},{"damage":71,"enemies":"Awakened One","floor":50,"turns":9}],"seed_played":"2807949227688843801","potions_obtained":[{"floor":4,"key":"Energy Potion"},{"floor":8,"key":"SmokeBomb"},{"floor":13,"key":"SkillPotion"},{"floor":20,"key":"Fruit Juice"},{"floor":28,"key":"SteroidPotion"},{"floor":33,"key":"Weak Potion"},{"floor":35,"key":"PowerPotion"}],"is_trial":false,"path_per_floor":["M","?","M","M","$","$","?","E","T","M","M","R","M","M","R","B",null,"M","?","M","$","?","$","T","R","T","$","M","R","M","M","R","B",null,"M","?","M","?","$","R","$","R","T","M","R","?","M","M","R","B",null],"character_chosen":"DEFECT","items_purchased":["Go for the Eyes","Gash","Reboot","Gash","Steam Power","Finesse","Conserve Battery","Beam Cell","Go for the Eyes","Echo Form+1"],"campfire_rested":2,"item_purchase_floors":[5,21,21,23,23,27,27,39,39,41],"current_hp_per_floor":[75,75,75,75,75,75,75,42,42,42,49,71,70,75,75,16,75,69,69,75,75,75,75,75,75,75,75,74,74,73,65,65,37,80,80,80,80,80,80,80,80,80,94,82,82,82,61,50,78,14],"gold":81,"neow_bonus":"THREE_ENEMY_KILL","is_prod":false,"is_daily":false,"chose_seed":false,"campfire_upgraded":7,"win_rate":0.0,"timestamp":1563160580,"path_taken":["M","?","M","M","?","$","?","E","T","M","?","R","M","M","R","BOSS","M","?","M","$","?","$","?","R","T","$","?","R","?","M","R","BOSS","M","?","?","?","$","R","?","R","T","M","R","?","M","M","R","BOSS"],"build_version":"2019-07-05","purchased_purges":3,"victory":true,"max_hp_per_floor":[75,75,75,75,75,75,75,75,75,75,75,75,75,75,75,75,75,75,75,75,75,75,75,75,75,75,75,80,80,80,80,80,80,80,80,80,80,80,80,80,80,80,94,94,94,94,94,94,94,94],"card_choices":[{"not_picked":["Conserve Battery","Genetic Algorithm"],"picked":"Gash","floor":1},{"not_picked":["Coolheaded","Conserve Battery"],"picked":"Scrape","floor":3},{"not_picked":["Sweeping Beam","Fission"],"picked":"Self Repair","floor":4},{"not_picked":["Cold Snap","Ball Lightning"],"picked":"Sweeping Beam","floor":8},{"not_picked":["BootSequence","Doom and Gloom"],"picked":"Turbo","floor":10},{"not_picked":["Reinforced Body","Rebound","Sweeping Beam"],"picked":"SKIP","floor":11},{"not_picked":["Darkness","Conserve Battery"],"picked":"Gash","floor":13},{"not_picked":["Streamline","Tempest"],"picked":"Steam","floor":14},{"not_picked":["Rainbow","Meteor Strike"],"picked":"Machine Learning+1","floor":16},{"not_picked":["Stack","Redo"],"picked":"Gash","floor":17},{"not_picked":["Steam","Hologram"],"picked":"Double Energy","floor":17},{"not_picked":["Melter","Redo"],"picked":"Sweeping Beam","floor":17},{"not_picked":["Reinforced Body","Consume"],"picked":"Compile Driver","floor":17},{"not_picked":["Cold Snap","Force Field"],"picked":"Static Discharge+1","floor":17},{"not_picked":["Force Field","Tempest"],"picked":"Streamline","floor":18},{"not_picked":["Steam","Coolheaded"],"picked":"Conserve Battery","floor":20},{"not_picked":["Loop+1","Melter","Ball Lightning"],"picked":"SKIP","floor":28},{"not_picked":["Buffer+1","Conserve Battery","Tempest"],"picked":"SKIP","floor":30},{"not_picked":["Conserve Battery","Redo"],"picked":"Beam Cell","floor":31},{"not_picked":["Buffer+1","Biased Cognition+1"],"picked":"Amplify","floor":33},{"not_picked":["Streamline+1","Coolheaded+1","Sunder"],"picked":"SKIP","floor":35},{"not_picked":["Force Field","Coolheaded","Blizzard"],"picked":"SKIP","floor":37},{"not_picked":["Chill","Streamline"],"picked":"Hologram+1","floor":44},{"not_picked":["Leap","Reinforced Body","Conserve Battery+1"],"picked":"SKIP","floor":47},{"not_picked":["Cold Snap+1","Leap","Melter+1"],"picked":"SKIP","floor":48}],"player_experience":168796,"relics_obtained":[{"floor":7,"key":"Anchor"},{"floor":8,"key":"Frozen Egg 2"},{"floor":9,"key":"Ornamental Fan"},{"floor":24,"key":"War Paint"},{"floor":26,"key":"Oddly Smooth Stone"},{"floor":43,"key":"Mango"}],"event_choices":[{"damage_healed":0,"gold_gain":0,"player_choice":"Bought 0 Potions","damage_taken":0,"max_hp_gain":0,"max_hp_loss":0,"event_name":"The Woman in Blue","floor":2,"gold_loss":0},{"damage_healed":0,"gold_gain":0,"player_choice":"Relic","damage_taken":0,"max_hp_gain":0,"max_hp_loss":0,"event_name":"Wheel of Change","floor":7,"gold_loss":0},{"damage_healed":0,"gold_gain":0,"player_choice":"Simplicity","damage_taken":0,"max_hp_gain":0,"max_hp_loss":0,"event_name":"Back to Basics","floor":19,"gold_loss":0,"cards_upgraded":["Strike_B","Strike_B","Strike_B","Defend_B","Defend_B","Defend_B","Defend_B"]},{"damage_healed":0,"gold_gain":0,"player_choice":"Ignored","damage_taken":0,"max_hp_gain":0,"max_hp_loss":0,"event_name":"Ghosts","floor":22,"gold_loss":0},{"damage_healed":0,"gold_gain":300,"player_choice":"Gold","damage_taken":0,"max_hp_gain":0,"max_hp_loss":0,"event_name":"Wheel of Change","floor":36,"gold_loss":0},{"damage_healed":0,"gold_gain":0,"player_choice":"Ignored","damage_taken":0,"max_hp_gain":0,"max_hp_loss":0,"event_name":"Tomb of Lord Red Mask","floor":38,"gold_loss":0},{"cards_removed":["Dualcast"],"damage_healed":0,"gold_gain":0,"player_choice":"Removed Skill","damage_taken":0,"max_hp_gain":0,"max_hp_loss":0,"event_name":"Falling","floor":46,"gold_loss":0}],"is_beta":false,"boss_relics":[{"not_picked":["Cursed Key","Inserter"],"picked":"Orrery"},{"not_picked":["Philosopher\u0027s Stone","Lizard Tail"],"picked":"Nuclear Battery"}],"items_purged_floors":[5,39,41],"is_endless":false,"potions_floor_spawned":[4,8,13,14,20,28,30,33,35],"ascension_level":0}