{"gold_per_floor":[113,73,90,105,105,132,148,27,51,70,99,99,111,125,125,221,221,239,239,250,264,16,16,16,32,106,120,120,120,120,138,138,138],"floor_reached":33,"playtime":4684,"items_purged":[],"score":336,"play_id":"41441ab1-1b92-479a-b885-533f7e17b72e","local_time":"20190709001544","is_ascension_mode":false,"campfire_choices":[{"floor":12,"key":"REST"},{"floor":15,"key":"REST"},{"floor":24,"key":"REST"},{"floor":28,"key":"REST"},{"floor":30,"key":"REST"},{"data":"Dualcast","floor":32,"key":"SMITH"}],"neow_cost":"NONE","seed_source_timestamp":388064306899500,"circlet_count":0,"master_deck":["Defend_B","Defend_B","Defend_B","Defend_B","Zap","Dualcast+1","Sweeping Beam","Steam","Conserve Battery","Rainbow","Redo","Redo","Cold Snap","Coolheaded","Compile Driver","Reboot","Sweeping Beam","Streamline","Fission+1","Reinforced Body+1","Bite","Bite","Bite","Bite","Bite","Conserve Battery+1","Compile Driver","Bandage Up","Tempest","Sweeping Beam","Swift Strike","Panacea","Sweeping Beam","Hello World","Ball Lightning+1"],"relics":["Cracked Core","NeowsBlessing","CultistMask","PreservedInsect","Centennial Puzzle","Bronze Scales","Runic Dome","Bottled Lightning"],"potions_floor_usage":[11,11,11,11,11,27,27],"damage_taken":[{"damage":0,"enemies":"Jaw Worm","floor":1,"turns":1},{"damage":0,"enemies":"Cultist","floor":3,"turns":1},{"damage":0,"enemies":"2 Louse","floor":4,"turns":1},{"damage":36,"enemies":"Lagavulin","floor":6,"turns":7},{"damage":18,"enemies":"Exordium Thugs","floor":7,"turns":6},{"damage":2,"enemies":"2 Fungi Beasts","floor":10,"turns":4},{"damage":3,"enemies":"3 Sentries","floor":11,"turns":3},{"damage":8,"enemies":"Looter","floor":13,"turns":3},{"damage":6,"enemies":"Exordium Thugs","floor":14,"turns":3},{"damage":42,"enemies":"Slime Boss","floor":16,"turns":9},{"damage":21,"enemies":"Shell Parasite","floor":18,"turns":5},{"damage":8,"enemies":"3 Byrds","floor":20,"turns":4},{"damage":15,"enemies":"Sentry and Sphere","floor":21,"turns":5},{"damage":37,"enemies":"Snake Plant","floor":25,"turns":4},{"damage":0,"enemies":"Snecko","floor":27,"turns":3},{"damage":1,"enemies":"3 Cultists","floor":31,"turns":3},{"damage":86,"enemies":"Automaton","floor":33,"turns":6}],"seed_played":"-3124479242036605318","potions_obtained":[{"floor":2,"key":"Energy Potion"},{"floor":2,"key":"EntropicBrew"},{"floor":2,"key":"GamblersBrew"},{"floor":4,"key":"PowerPotion"},{"floor":11,"key":"Strength Potion"},{"floor":13,"key":"LiquidBronze"},{"floor":18,"key":"SpeedPotion"}],"is_trial":false,"path_per_floor":["M","?","M","M","?","E","M","$","T","M","E","R","M","M","R","B",null,"M","?","M","M","$","?","R","M","T","M","R","?","R","M","R","B"],"character_chosen":"DEFECT","items_purchased":["Redo","Cold Snap","Coolheaded","Bandage Up","Tempest","Sweeping Beam","Fire Potion"],"campfire_rested":5,"item_purchase_floors":[8,8,8,22,22,22,22],"current_hp_per_floor":[75,75,75,75,75,39,21,21,21,19,16,38,30,24,46,4,75,54,52,52,41,41,23,38,9,9,19,34,34,49,52,52,0],"gold":138,"neow_bonus":"THREE_ENEMY_KILL","is_prod":false,"is_daily":false,"chose_seed":false,"campfire_upgraded":1,"win_rate":0.0,"timestamp":1562645744,"path_taken":["M","?","?","M","?","E","M","?","T","?","E","R","M","M","R","BOSS","M","?","M","M","$","?","R","M","T","?","R","?","R","?","R","BOSS"],"build_version":"2019-07-05","purchased_purges":0,"victory":false,"max_hp_per_floor":[75,75,75,75,75,75,75,75,75,75,75,75,75,75,75,75,75,75,52,52,52,52,52,52,52,52,52,52,52,52,52,52,52],"card_choices":[{"not_picked":["Steam","Gash"],"picked":"Sweeping Beam","floor":1},{"not_picked":["Leap","Capacitor"],"picked":"Steam","floor":3},{"not_picked":["Beam Cell","Leap"],"picked":"Conserve Battery","floor":4},{"not_picked":["Steam","Scrape"],"picked":"Rainbow","floor":6},{"not_picked":["Steam","Gash"],"picked":"Redo","floor":7},{"not_picked":["Go for the Eyes","Conserve Battery"],"picked":"Compile Driver","floor":10},{"not_picked":["Scrape","Beam Cell"],"picked":"Reboot","floor":11},{"not_picked":["Coolheaded","Blizzard"],"picked":"Sweeping Beam","floor":13},{"not_picked":["Redo","Steam"],"picked":"Streamline","floor":14},{"not_picked":["Reboot","Thunder Strike"],"picked":"Fission","floor":16},{"not_picked":["Coolheaded","Leap+1"],"picked":"Reinforced Body+1","floor":18},{"not_picked":["Compile Driver","Blizzard"],"picked":"Conserve Battery+1","floor":20},{"not_picked":["Barrage","Conserve Battery+1"],"picked":"Compile Driver","floor":21},{"not_picked":["Doom and Gloom","Capacitor"],"picked":"Sweeping Beam","floor":25},{"not_picked":["Rip and Tear","Coolheaded"],"picked":"Hello World","floor":27},{"not_picked":["Compile Driver","Auto Shields"],"picked":"Ball Lightning+1","floor":31}],"player_experience":7366,"relics_obtained":[{"floor":6,"key":"PreservedInsect"},{"floor":9,"key":"Centennial Puzzle"},{"floor":11,"key":"Bronze Scales"},{"floor":26,"key":"Bottled Lightning"}],"event_choices":[{"damage_healed":0,"gold_gain":0,"player_choice":"Bought 3 Potions","damage_taken":0,"max_hp_gain":0,"max_hp_loss":0,"event_name":"The Woman in Blue","floor":2,"gold_loss":0},{"damage_healed":0,"gold_gain":0,"player_choice":"Trade","damage_taken":0,"relics_obtained":["CultistMask"],"max_hp_gain":0,"max_hp_loss":0,"event_name":"FaceTrader","floor":5,"gold_loss":0},{"damage_healed":0,"gold_gain":0,"player_choice":"Became a vampire","damage_taken":0,"max_hp_gain":0,"max_hp_loss":23,"event_name":"Vampires","floor":19,"gold_loss":0,"cards_obtained":["Bite","Bite","Bite","Bite","Bite"]},{"damage_healed":0,"gold_gain":0,"player_choice":"CARD CARD ","damage_taken":18,"max_hp_gain":0,"max_hp_loss":0,"event_name":"Knowing Skull","floor":23,"potions_obtained":[],"gold_loss":0,"cards_obtained":["Swift Strike","Panacea"]},{"damage_healed":0,"gold_gain":0,"player_choice":"Forge","damage_taken":0,"max_hp_gain":0,"max_hp_loss":0,"event_name":"Accursed Blacksmith","floor":29,"gold_loss":0,"cards_upgraded":["Fission"]}],"is_beta":false,"boss_relics":[{"not_picked":["Runic Pyramid","Coffee Dripper"],"picked":"Runic Dome"}],"items_purged_floors":[],"is_endless":false,"potions_floor_spawned":[4,6,11,13,14,18],"killed_by":"Automaton","ascension_level":0}