{"gold_per_floor":[114,64,39,39,59,95,95,129,178,178,208,208,224,249,249,380,380,395,410,335,359,359],"floor_reached":22,"playtime":1505,"items_purged":[],"score":241,"play_id":"1ba68767-45b2-42b4-921a-4dbcca68c2a8","local_time":"20190714205124","is_ascension_mode":true,"campfire_choices":[{"data":"Infinite Blades","floor":7,"key":"SMITH"},{"data":"Cloak And Dagger","floor":10,"key":"SMITH"},{"floor":12,"key":"REST"},{"data":"Outmaneuver","floor":15,"key":"SMITH"}],"neow_cost":"NONE","seed_source_timestamp":414692523531200,"circlet_count":0,"master_deck":["Strike_G","Strike_G","Strike_G","Defend_G+1","Defend_G+1","Defend_G","Defend_G","Defend_G","Survivor","Neutralize","Infinite Blades+1","Outmaneuver+1","Deadly Poison","Noxious Fumes","Cloak And Dagger+1","Backflip","Backstab","Envenom","Terror","Finisher","Accuracy+1"],"relics":["Ring of the Snake","NeowsBlessing","Golden Idol","Bronze Scales","Mercury Hourglass","War Paint","Philosopher\u0027s Stone"],"potions_floor_usage":[16,16,21],"damage_taken":[{"damage":0,"enemies":"Jaw Worm","floor":1,"turns":1},{"damage":0,"enemies":"2 Louse","floor":5,"turns":1},{"damage":0,"enemies":"Gremlin Nob","floor":6,"turns":1},{"damage":23,"enemies":"3 Sentries","floor":8,"turns":7},{"damage":0,"enemies":"Small Slimes","floor":13,"turns":2},{"damage":0,"enemies":"Blue Slaver","floor":14,"turns":3},{"damage":25,"enemies":"The Guardian","floor":16,"turns":9},{"damage":21,"enemies":"Spheric Guardian","floor":18,"turns":4},{"damage":27,"enemies":"2 Thieves","floor":19,"turns":4},{"damage":16,"enemies":"3 Cultists","floor":21,"turns":5},{"damage":1,"enemies":"Snecko","floor":22,"turns":2}],"seed_played":"6096279508661919449","potions_obtained":[{"floor":1,"key":"Fire Potion"},{"floor":13,"key":"SkillPotion"},{"floor":14,"key":"Strength Potion"},{"floor":18,"key":"Ancient Potion"}],"is_trial":false,"path_per_floor":["M","?","$","?","M","E","R","E","T","R","?","R","M","M","R","B",null,"M","M","?","M","M"],"character_chosen":"THE_SILENT","items_purchased":["Outmaneuver"],"campfire_rested":1,"item_purchase_floors":[3],"current_hp_per_floor":[70,70,70,65,65,65,65,42,42,42,42,61,61,61,61,36,65,44,17,17,1,0],"gold":359,"neow_bonus":"THREE_ENEMY_KILL","is_prod":false,"is_daily":false,"chose_seed":false,"campfire_upgraded":3,"win_rate":0,"timestamp":1563151884,"path_taken":["M","?","$","?","M","E","R","E","T","R","?","R","M","M","R","BOSS","M","M","?","M","M"],"build_version":"2019-07-05","purchased_purges":0,"victory":false,"max_hp_per_floor":[70,70,70,65,65,65,65,65,65,65,65,65,65,65,65,65,65,65,65,65,65,65],"card_choices":[{"not_picked":["Riddle With Holes","Dagger Throw"],"picked":"Infinite Blades","floor":1},{"not_picked":["Dodge and Roll","Bane"],"picked":"Deadly Poison","floor":5},{"not_picked":["Footwork","Endless Agony"],"picked":"Noxious Fumes","floor":6},{"not_picked":["Poisoned Stab","Dodge and Roll"],"picked":"Cloak And Dagger","floor":8},{"not_picked":["Acrobatics","Catalyst"],"picked":"Backflip","floor":13},{"not_picked":["Bouncing Flask","Masterful Stab"],"picked":"Backstab","floor":14},{"not_picked":["Venomology","Adrenaline"],"picked":"Envenom","floor":16},{"not_picked":["Acrobatics","Footwork"],"picked":"Terror","floor":18},{"not_picked":["Backflip+1","Slice"],"picked":"Finisher","floor":19},{"not_picked":["Underhanded Strike+1","Distraction"],"picked":"Accuracy+1","floor":21}],"player_experience":162696,"relics_obtained":[{"floor":6,"key":"Bronze Scales"},{"floor":8,"key":"Mercury Hourglass"},{"floor":9,"key":"War Paint"}],"event_choices":[{"cards_removed":["Strike_G"],"damage_healed":0,"gold_gain":0,"player_choice":"Card Removal","damage_taken":0,"max_hp_gain":0,"max_hp_loss":0,"event_name":"The Cleric","floor":2,"gold_loss":50},{"damage_healed":0,"gold_gain":0,"player_choice":"Lose Max HP","damage_taken":0,"relics_obtained":["Golden Idol"],"max_hp_gain":0,"max_hp_loss":5,"event_name":"Golden Idol","floor":4,"gold_loss":0},{"damage_healed":0,"gold_gain":30,"player_choice":"Searched \u00271\u0027 times","damage_taken":0,"max_hp_gain":0,"max_hp_loss":0,"event_name":"Dead Adventurer","floor":11,"gold_loss":0},{"cards_removed":["Strike_G"],"damage_healed":0,"gold_gain":0,"player_choice":"Gave Gold","damage_taken":0,"max_hp_gain":0,"max_hp_loss":0,"event_name":"Beggar","floor":20,"gold_loss":75}],"is_beta":false,"boss_relics":[{"not_picked":["Lizard Tail","Busted Crown"],"picked":"Philosopher\u0027s Stone"}],"items_purged_floors":[],"is_endless":false,"potions_floor_spawned":[1,13,14,18],"killed_by":"Snecko","ascension_level":2}