{"gold_per_floor":[118,43,58,76,151,185,185,185,212,8,21,21,37,49,49,153,153,153],"floor_reached":18,"playtime":1341,"items_purged":["Bash"],"score":223,"play_id":"39e22301-d1f5-4865-8815-3e779a30cc75","local_time":"20190711184544","is_ascension_mode":true,"campfire_choices":[{"data":"Pommel Strike","floor":7,"key":"SMITH"},{"data":"Pommel Strike","floor":15,"key":"SMITH"}],"neow_cost":"NONE","seed_source_timestamp":148115250771000,"circlet_count":0,"master_deck":["Strike_R","Strike_R","Strike_R","Strike_R","Strike_R","Defend_R","Defend_R+1","Defend_R+1","Pommel Strike+1","Dual Wield","Twin Strike","Parasite","Pommel Strike+1","Anger","Double Tap"],"relics":["Burning Blood","NeowsBlessing","Orichalcum","War Paint","Bag of Marbles","Eternal Feather"],"potions_floor_usage":[16,16,16],"damage_taken":[{"damage":0,"enemies":"Cultist","floor":1,"turns":1},{"damage":0,"enemies":"Small Slimes","floor":3,"turns":1},{"damage":0,"enemies":"Jaw Worm","floor":4,"turns":1},{"damage":43,"enemies":"Gremlin Nob","floor":6,"turns":6},{"damage":5,"enemies":"Red Slaver","floor":11,"turns":2},{"damage":0,"enemies":"3 Louse","floor":13,"turns":3},{"damage":0,"enemies":"Gremlin Gang","floor":14,"turns":4},{"damage":0,"enemies":"Slime Boss","floor":16,"turns":4},{"damage":0,"enemies":"3 Byrds","floor":18,"turns":1}],"seed_played":"-9114470677951523718","potions_obtained":[{"floor":4,"key":"Poison Potion"},{"floor":13,"key":"PowerPotion"},{"floor":14,"key":"SkillPotion"},{"floor":16,"key":"Dexterity Potion"}],"is_trial":false,"path_per_floor":["M","$","M","M","?","E","R","?","T","$","M","?","M","M","R","B",null,"M"],"character_chosen":"IRONCLAD","items_purchased":["Bag of Marbles","Pommel Strike"],"campfire_rested":0,"item_purchase_floors":[10,10],"current_hp_per_floor":[80,80,80,80,69,32,32,52,52,52,53,53,59,65,65,71,80,80],"gold":153,"neow_bonus":"THREE_ENEMY_KILL","is_prod":false,"is_daily":false,"chose_seed":false,"campfire_upgraded":2,"win_rate":0,"timestamp":1562885144,"path_taken":["M","?","M","?","?","E","R","?","T","?","?","?","M","M","R","BOSS","M"],"build_version":"2019-07-05","purchased_purges":1,"victory":false,"max_hp_per_floor":[80,80,80,80,80,80,80,80,80,80,80,80,80,80,80,80,80,80],"card_choices":[{"not_picked":["Cleave","Corruption"],"picked":"Pommel Strike","floor":1},{"not_picked":["Combust","Body Slam"],"picked":"Dual Wield","floor":3},{"not_picked":["Rupture","Feel No Pain"],"picked":"Twin Strike","floor":4},{"not_picked":["Sword Boomerang","Clothesline","Heavy Blade"],"picked":"SKIP","floor":6},{"not_picked":["Clothesline","Iron Wave","Body Slam"],"picked":"SKIP","floor":11},{"not_picked":["Whirlwind","Hemokinesis","Heavy Blade"],"picked":"SKIP","floor":13},{"not_picked":["Bludgeon","Armaments","Sword Boomerang"],"picked":"SKIP","floor":14},{"not_picked":["Brutality","Feed"],"picked":"Double Tap","floor":16}],"player_experience":49026,"relics_obtained":[{"floor":6,"key":"Orichalcum"},{"floor":9,"key":"War Paint"}],"event_choices":[{"damage_healed":0,"gold_gain":75,"player_choice":"Gather Gold","damage_taken":11,"max_hp_gain":0,"max_hp_loss":0,"event_name":"World of Goop","floor":5,"gold_loss":0},{"damage_healed":20,"gold_gain":0,"player_choice":"Healed and dodged fight","damage_taken":0,"max_hp_gain":0,"max_hp_loss":0,"event_name":"Mushrooms","floor":8,"gold_loss":0,"cards_obtained":["Parasite"]},{"damage_healed":0,"gold_gain":0,"cards_transformed":["Defend_R"],"player_choice":"Transformed","damage_taken":0,"max_hp_gain":0,"max_hp_loss":0,"event_name":"Transmorgrifier","floor":12,"gold_loss":0,"cards_obtained":["Anger"]}],"is_beta":false,"boss_relics":[{"not_picked":["Black Star","Lizard Tail"],"picked":"Eternal Feather"}],"items_purged_floors":[2],"is_endless":false,"potions_floor_spawned":[4,13,14,16],"killed_by":"3 Byrds","ascension_level":1}