{"gold_per_floor":[118,138,152,170,187,187,203,203,203,203,231,247,261,281,281,281],"floor_reached":16,"playtime":2456,"items_purged":[],"score":108,"play_id":"69f81d26-f6b4-43cb-9912-0885013dccfa","local_time":"20190714155417","is_ascension_mode":false,"campfire_choices":[{"data":"Multi-Cast","floor":6,"key":"SMITH"},{"floor":10,"key":"REST"},{"floor":15,"key":"REST"}],"neow_cost":"NONE","seed_source_timestamp":395916265920800,"circlet_count":0,"master_deck":["Strike_B","Strike_B","Defend_B","Defend_B","Defend_B","Defend_B","Zap","Dualcast","Steam Power","Multi-Cast+1","Sweeping Beam","Turbo","Reboot","Turbo","Go for the Eyes"],"relics":["Cracked Core","Frozen Egg 2","Bronze Scales"],"potions_floor_usage":[5,13,16],"damage_taken":[{"damage":2,"enemies":"2 Louse","floor":1,"turns":2},{"damage":1,"enemies":"Cultist","floor":2,"turns":4},{"damage":8,"enemies":"Jaw Worm","floor":3,"turns":4},{"damage":3,"enemies":"2 Fungi Beasts","floor":4,"turns":3},{"damage":1,"enemies":"Exordium Wildlife","floor":5,"turns":5},{"damage":11,"enemies":"3 Louse","floor":7,"turns":4},{"damage":17,"enemies":"3 Sentries","floor":11,"turns":5},{"damage":6,"enemies":"Blue Slaver","floor":12,"turns":2},{"damage":2,"enemies":"Gremlin Gang","floor":13,"turns":3},{"damage":5,"enemies":"Looter","floor":14,"turns":2},{"damage":68,"enemies":"The Guardian","floor":16,"turns":8}],"seed_played":"-7954228510101068389","potions_obtained":[{"floor":4,"key":"Block Potion"},{"floor":11,"key":"Explosive Potion"},{"floor":12,"key":"AttackPotion"},{"floor":13,"key":"Energy Potion"}],"is_trial":false,"path_per_floor":["M","M","M","M","M","R","M","?","T","R","E","M","M","M","R","B"],"character_chosen":"DEFECT","items_purchased":[],"campfire_rested":2,"item_purchase_floors":[],"current_hp_per_floor":[73,72,64,61,60,60,49,49,49,71,54,48,46,41,63,0],"gold":281,"neow_bonus":"REMOVE_CARD","is_prod":false,"is_daily":false,"chose_seed":false,"campfire_upgraded":1,"win_rate":0.0,"timestamp":1563134057,"path_taken":["M","M","M","M","M","R","M","?","T","R","E","M","M","M","R","BOSS"],"build_version":"2019-07-05","purchased_purges":0,"victory":false,"max_hp_per_floor":[75,75,75,75,75,75,75,75,75,75,75,75,75,75,75,75],"card_choices":[{"not_picked":["Coolheaded","Barrage","Rebound"],"picked":"SKIP","floor":1},{"not_picked":["Streamline","Loop","Coolheaded"],"picked":"SKIP","floor":2},{"not_picked":["Loop","Cold Snap"],"picked":"Steam Power","floor":3},{"not_picked":["Chaos","Auto Shields"],"picked":"Multi-Cast","floor":4},{"not_picked":["Recycle","Storm"],"picked":"Sweeping Beam","floor":5},{"not_picked":["Ball Lightning","Rip and Tear"],"picked":"Turbo","floor":7},{"not_picked":["Rebound","Blizzard"],"picked":"Reboot","floor":11},{"not_picked":["Rebound","Consume"],"picked":"Turbo","floor":12},{"not_picked":["Rip and Tear","Melter","Compile Driver"],"picked":"SKIP","floor":13},{"not_picked":["Conserve Battery","Coolheaded"],"picked":"Go for the Eyes","floor":14}],"player_experience":147469,"relics_obtained":[{"floor":9,"key":"Frozen Egg 2"},{"floor":11,"key":"Bronze Scales"}],"event_choices":[{"cards_removed":["Strike_B"],"damage_healed":0,"gold_gain":0,"player_choice":"Offered Basic","damage_taken":0,"max_hp_gain":0,"max_hp_loss":0,"event_name":"Bonfire Elementals","floor":8,"gold_loss":0}],"is_beta":false,"boss_relics":[],"items_purged_floors":[],"is_endless":false,"potions_floor_spawned":[4,11,12,13],"killed_by":"The Guardian","ascension_level":0}