{"gold_per_floor":[116,95,95,95,24,50,62,123,123,139,163,183,201,219,219,319,319,331,70,87,87,39,67,67,84,84,97,97,51,67,85,85,85],"floor_reached":33,"playtime":3971,"items_purged":["Regret"],"score":369,"play_id":"2417e36a-b3ca-47d4-b062-8705ab8b99b7","local_time":"20190709204303","is_ascension_mode":false,"campfire_choices":[{"data":"Zap","floor":15,"key":"SMITH"},{"data":"Chill","floor":28,"key":"SMITH"},{"data":"White Noise","floor":32,"key":"SMITH"}],"neow_cost":"NONE","seed_source_timestamp":462415576359900,"circlet_count":0,"master_deck":["Defend_B","Defend_B","Defend_B","Defend_B","Zap+1","Dualcast","Go for the Eyes","Hologram","Sweeping Beam+1","Ball Lightning","Stack","Compile Driver","Rebound","Rebound","Sweeping Beam","Chill+1","Biased Cognition","Sweeping Beam+1","FTL","Fusion+1","Beam Cell","Genetic Algorithm","Bite","Bite","Bite","Bite","Bite","Hello World+1","Compile Driver","Redo","Hologram","White Noise+1"],"relics":["Cracked Core","NeowsBlessing","Anchor","Unceasing Top","Question Card","Whetstone","FossilizedHelix","Sozu","Orichalcum","Nloth\u0027s Gift","Lantern","Gremlin Horn"],"potions_floor_usage":[8,33,33,33],"damage_taken":[{"damage":0,"enemies":"Small Slimes","floor":1,"turns":1},{"damage":0,"enemies":"Gremlin Nob","floor":6,"turns":1},{"damage":0,"enemies":"Jaw Worm","floor":7,"turns":1},{"damage":12,"enemies":"Lagavulin Event","floor":8,"turns":5},{"damage":0,"enemies":"2 Louse","floor":10,"turns":1},{"damage":0,"enemies":"Blue Slaver","floor":12,"turns":2},{"damage":0,"enemies":"2 Fungi Beasts","floor":13,"turns":2},{"damage":0,"enemies":"Large Slime","floor":14,"turns":3},{"damage":0,"enemies":"Slime Boss","floor":16,"turns":6},{"damage":0,"enemies":"Chosen","floor":18,"turns":3},{"damage":0,"enemies":"2 Thieves","floor":20,"turns":2},{"damage":48,"enemies":"Slavers","floor":23,"turns":4},{"damage":0,"enemies":"Centurion and Healer","floor":25,"turns":4},{"damage":0,"enemies":"Cultist and Chosen","floor":27,"turns":5},{"damage":17,"enemies":"Snake Plant","floor":30,"turns":5},{"damage":0,"enemies":"Chosen and Byrds","floor":31,"turns":4},{"damage":74,"enemies":"Collector","floor":33,"turns":7}],"seed_played":"5381674730328853734","potions_obtained":[{"floor":1,"key":"SkillPotion"},{"floor":10,"key":"Dexterity Potion"},{"floor":12,"key":"Dexterity Potion"},{"floor":16,"key":"Block Potion"}],"is_trial":false,"path_per_floor":["M","?","T","?","$","E","M","?","T","M","T","M","M","M","R","B",null,"M","$","M","?","$","E","?","M","T","M","R","$","M","M","R","B"],"character_chosen":"DEFECT","items_purchased":["Hologram","Sweeping Beam","FTL","Orichalcum","Beam Cell","Redo"],"campfire_rested":0,"item_purchase_floors":[5,5,19,19,22,29],"current_hp_per_floor":[75,75,75,75,75,75,75,63,63,63,63,63,63,63,63,63,75,75,75,75,75,75,27,27,35,35,45,45,45,32,40,40,0],"gold":85,"neow_bonus":"THREE_ENEMY_KILL","is_prod":false,"is_daily":false,"chose_seed":false,"campfire_upgraded":3,"win_rate":0.0,"timestamp":1562719383,"path_taken":["M","?","?","?","?","E","M","?","T","M","?","M","?","M","R","BOSS","M","$","M","?","?","E","?","M","T","?","R","$","?","M","R","BOSS"],"build_version":"2019-07-05","purchased_purges":1,"victory":false,"max_hp_per_floor":[75,75,75,75,75,75,75,75,75,75,75,75,75,75,75,75,75,75,75,75,75,75,75,52,52,52,52,52,52,52,52,52,52],"card_choices":[{"not_picked":["Cold Snap","Leap"],"picked":"Go for the Eyes","floor":1},{"not_picked":["Leap","Self Repair"],"picked":"Ball Lightning","floor":6},{"not_picked":["Go for the Eyes","Storm","Barrage"],"picked":"Stack","floor":7},{"not_picked":["Leap","Rip and Tear","Gash"],"picked":"Compile Driver","floor":8},{"not_picked":["Seek","Cold Snap","Streamline"],"picked":"Rebound","floor":10},{"not_picked":["Gash","Compile Driver","Undo"],"picked":"Rebound","floor":12},{"not_picked":["Streamline","Rebound","Self Repair"],"picked":"Sweeping Beam","floor":13},{"not_picked":["Skim","Auto Shields","Conserve Battery"],"picked":"Chill","floor":14},{"not_picked":["All For One","Echo Form","Reboot"],"picked":"Biased Cognition","floor":16},{"not_picked":["Steam+1","Conserve Battery","Static Discharge"],"picked":"Sweeping Beam+1","floor":18},{"not_picked":["Ball Lightning+1","Compile Driver","Conserve Battery"],"picked":"Fusion+1","floor":20},{"not_picked":["Auto Shields+1","Thunder Strike","Stack+1"],"picked":"Genetic Algorithm","floor":23},{"not_picked":["White Noise","Redo","Rainbow"],"picked":"Hello World+1","floor":25},{"not_picked":["Conserve Battery","Tempest","Consume"],"picked":"Compile Driver","floor":27},{"not_picked":["Genetic Algorithm","Barrage","Reinforced Body+1"],"picked":"Hologram","floor":30},{"not_picked":["Steam","Barrage","Redo"],"picked":"White Noise","floor":31}],"player_experience":15606,"relics_obtained":[{"floor":3,"key":"Anchor"},{"floor":6,"key":"Question Card"},{"floor":8,"key":"Whetstone"},{"floor":9,"key":"FossilizedHelix"},{"floor":11,"key":"Bag of Marbles"},{"floor":23,"key":"Lantern"},{"floor":26,"key":"Gremlin Horn"}],"event_choices":[{"damage_healed":0,"gold_gain":0,"player_choice":"Left Gold","damage_taken":0,"max_hp_gain":0,"max_hp_loss":0,"event_name":"World of Goop","floor":2,"gold_loss":21},{"damage_healed":0,"gold_gain":0,"player_choice":"Box","damage_taken":0,"relics_obtained":["Unceasing Top"],"max_hp_gain":0,"max_hp_loss":0,"event_name":"Big Fish","floor":4,"gold_loss":0,"cards_obtained":["Regret"]},{"damage_healed":0,"gold_gain":30,"player_choice":"Searched \u00272\u0027 times","damage_taken":0,"max_hp_gain":0,"max_hp_loss":0,"event_name":"Dead Adventurer","floor":8,"gold_loss":0},{"damage_healed":0,"gold_gain":0,"player_choice":"Traded Relic","damage_taken":0,"relics_obtained":["Nloth\u0027s Gift"],"max_hp_gain":0,"max_hp_loss":0,"event_name":"N\u0027loth","floor":21,"relics_lost":["Bag of Marbles"],"gold_loss":0},{"damage_healed":0,"gold_gain":0,"player_choice":"Became a vampire","damage_taken":0,"max_hp_gain":0,"max_hp_loss":23,"event_name":"Vampires","floor":24,"gold_loss":0,"cards_obtained":["Bite","Bite","Bite","Bite","Bite"]}],"is_beta":false,"boss_relics":[{"not_picked":["Cursed Key","Snecko Eye"],"picked":"Sozu"}],"items_purged_floors":[19],"is_endless":false,"potions_floor_spawned":[1,10,12,16,23,25],"killed_by":"Collector","ascension_level":0}