{"gold_per_floor":[109,123,123,123,141,141,172,172,198,213,230,230,17,31,31,135,135,155,155,254,156,169,169,187,187,187,187,206,206,238,248,248,343,343,362,362,362,362,410,443,443,474,474,3,13,27,27,39,39,39],"floor_reached":50,"playtime":4897,"items_purged":["Defend_R","Offering+1"],"score":624,"play_id":"3ab9308d-565a-45af-8443-c87383021f00","local_time":"20190711001715","is_ascension_mode":true,"campfire_choices":[{"data":"Rampage","floor":6,"key":"SMITH"},{"floor":15,"key":"REST"},{"data":"Perfected Strike","floor":23,"key":"SMITH"},{"floor":25,"key":"REST"},{"data":"Dual Wield","floor":32,"key":"SMITH"},{"data":"1","floor":41,"key":"LIFT"},{"data":"2","floor":47,"key":"LIFT"},{"data":"3","floor":49,"key":"LIFT"}],"neow_cost":"NONE","seed_source_timestamp":78053490101000,"circlet_count":0,"master_deck":["Strike_R+1","Strike_R+1","Strike_R+1","Strike_R+1","Strike_R+1","Defend_R+1","Rampage+1","Reckless Charge+1","Thunderclap+1","Perfected Strike+1","Clash+1","Warcry+1","Secret Weapon+1","Shrug It Off+1","Dual Wield+1","Rage+1","Flex+1","Clash+1","Perfected Strike+1","Ghostly+1","Ghostly+1","Ghostly+1","Ghostly+1","Ghostly+1","Shrug It Off+1","Double Tap","Parasite"],"relics":["Black Blood","NeowsBlessing","Vajra","Strawberry","Letter Opener","Velvet Choker","Self Forming Clay","Enchiridion","Bag of Preparation","Mark of the Bloom","Girya","Anchor","Pen Nib","Ginger","Bag of Marbles"],"potions_floor_usage":[11,11,28,28,50,50,50],"damage_taken":[{"damage":0,"enemies":"Small Slimes","floor":1,"turns":1},{"damage":0,"enemies":"2 Louse","floor":2,"turns":1},{"damage":0,"enemies":"Jaw Worm","floor":5,"turns":1},{"damage":44,"enemies":"3 Sentries","floor":7,"turns":8},{"damage":5,"enemies":"3 Louse","floor":10,"turns":2},{"damage":0,"enemies":"Large Slime","floor":11,"turns":2},{"damage":1,"enemies":"Exordium Wildlife","floor":14,"turns":2},{"damage":35,"enemies":"Slime Boss","floor":16,"turns":8},{"damage":27,"enemies":"Shell Parasite","floor":18,"turns":5},{"damage":19,"enemies":"3 Byrds","floor":22,"turns":5},{"damage":25,"enemies":"3 Cultists","floor":24,"turns":5},{"damage":0,"enemies":"Cultist and Chosen","floor":28,"turns":2},{"damage":3,"enemies":"Slavers","floor":30,"turns":4},{"damage":3,"enemies":"Snake Plant","floor":31,"turns":2},{"damage":22,"enemies":"Collector","floor":33,"turns":7},{"damage":7,"enemies":"3 Darklings","floor":35,"turns":3},{"damage":3,"enemies":"2 Orb Walkers","floor":39,"turns":5},{"damage":10,"enemies":"Nemesis","floor":40,"turns":7},{"damage":6,"enemies":"Giant Head","floor":42,"turns":10},{"damage":0,"enemies":"Orb Walker","floor":45,"turns":2},{"damage":0,"enemies":"Writhing Mass","floor":46,"turns":3},{"damage":2,"enemies":"Spire Growth","floor":48,"turns":4},{"damage":26,"enemies":"Time Eater","floor":50,"turns":5}],"seed_played":"4351054718962741691","potions_obtained":[{"floor":2,"key":"SpeedPotion"},{"floor":5,"key":"SteroidPotion"},{"floor":7,"key":"Fire Potion"},{"floor":16,"key":"Energy Potion"},{"floor":24,"key":"Fire Potion"},{"floor":28,"key":"EssenceOfSteel"},{"floor":31,"key":"Ancient Potion"},{"floor":42,"key":"SkillPotion"}],"is_trial":false,"path_per_floor":["M","M","?","?","M","R","E","?","T","M","M","?","$","M","R","B",null,"M","?","?","$","M","R","M","R","T","?","M","?","E","M","R","B",null,"M","?","?","?","?","E","R","E","T","$","M","M","R","M","R","B"],"character_chosen":"IRONCLAD","items_purchased":["Secret Weapon","Shrug It Off","Clash","Double Tap","Bag of Marbles","Strength Potion","Strength Potion","Energy Potion"],"campfire_rested":2,"item_purchase_floors":[13,13,21,44,44,44,44,44],"current_hp_per_floor":[80,80,80,73,79,79,41,25,32,33,39,39,39,44,70,41,87,66,66,66,66,53,53,34,60,60,44,50,43,43,43,43,27,43,43,43,43,43,40,30,30,24,24,24,24,24,24,22,22,0],"gold":39,"neow_bonus":"THREE_ENEMY_KILL","is_prod":false,"is_daily":false,"chose_seed":false,"campfire_upgraded":3,"win_rate":0,"timestamp":1562818635,"path_taken":["M","M","?","?","M","R","E","?","T","M","M","?","$","?","R","BOSS","M","?","?","$","M","R","M","R","T","?","M","?","E","?","R","BOSS","M","?","?","?","?","E","R","E","T","$","M","M","R","M","R","BOSS"],"build_version":"2019-07-05","purchased_purges":2,"victory":false,"max_hp_per_floor":[80,80,80,80,80,80,80,80,87,87,87,87,87,87,87,87,87,87,87,87,87,87,87,87,87,87,87,87,43,43,43,43,43,43,43,43,43,43,43,43,43,43,43,43,43,43,43,43,43,43],"card_choices":[{"not_picked":["Heavy Blade","Reckless Charge"],"picked":"Rampage","floor":1},{"not_picked":["Sever Soul","True Grit"],"picked":"Reckless Charge","floor":2},{"not_picked":["Rupture","Body Slam"],"picked":"Thunderclap","floor":5},{"not_picked":["Hemokinesis","Iron Wave"],"picked":"Perfected Strike","floor":7},{"not_picked":["Bloodletting","Body Slam"],"picked":"Clash","floor":10},{"not_picked":["Uppercut","Ghostly Armor"],"picked":"Warcry","floor":11},{"not_picked":["Burning Pact","Barricade","Metallicize"],"picked":"SKIP","floor":14},{"not_picked":["Berserk","Fiend Fire"],"picked":"Demon Form","floor":16},{"not_picked":["Fire Breathing","Shrug It Off"],"picked":"Dual Wield","floor":18},{"not_picked":["Intimidate","Iron Wave+1"],"picked":"Perfected Strike","floor":22},{"not_picked":["Power Through+1","Infernal Blade+1","Flex"],"picked":"SKIP","floor":24},{"not_picked":["Headbutt","Inflame","Sword Boomerang+1"],"picked":"SKIP","floor":28},{"not_picked":["Heavy Blade","Sever Soul","Shrug It Off"],"picked":"SKIP","floor":30},{"not_picked":["Clothesline","Thunderclap+1","Sword Boomerang+1"],"picked":"SKIP","floor":31},{"not_picked":["Feed","Dark Embrace"],"picked":"Offering","floor":33},{"not_picked":["Corruption+1","Iron Wave","Thunderclap"],"picked":"SKIP","floor":35},{"not_picked":["Anger+1","Body Slam+1"],"picked":"Shrug It Off+1","floor":39},{"not_picked":["Headbutt+1","Hemokinesis+1","Bloodletting"],"picked":"SKIP","floor":40},{"not_picked":["Flex+1","Searing Blow+1","Burning Pact+1"],"picked":"SKIP","floor":42},{"not_picked":["Reckless Charge+1","Shrug It Off","Armaments"],"picked":"SKIP","floor":45},{"not_picked":["Blood for Blood+1","Anger+1","Hemokinesis+1"],"picked":"SKIP","floor":46},{"not_picked":["Flame Barrier+1","Headbutt","Iron Wave"],"picked":"SKIP","floor":48}],"player_experience":44075,"relics_obtained":[{"floor":7,"key":"Vajra"},{"floor":9,"key":"Strawberry"},{"floor":26,"key":"Self Forming Clay"},{"floor":27,"key":"Enchiridion"},{"floor":30,"key":"Bag of Preparation"},{"floor":39,"key":"Girya"},{"floor":40,"key":"Anchor"},{"floor":42,"key":"Pen Nib"},{"floor":43,"key":"Ginger"}],"event_choices":[{"damage_healed":0,"gold_gain":0,"player_choice":"Ignored","damage_taken":0,"max_hp_gain":0,"max_hp_loss":0,"event_name":"Liars Game","floor":3,"gold_loss":0},{"cards_removed":["Bash"],"damage_healed":0,"gold_gain":0,"player_choice":"Card Removal","damage_taken":7,"max_hp_gain":0,"max_hp_loss":0,"event_name":"Golden Wing","floor":4,"gold_loss":0},{"damage_healed":0,"gold_gain":0,"player_choice":"Entered Light","damage_taken":16,"max_hp_gain":0,"max_hp_loss":0,"event_name":"Shining Light","floor":8,"gold_loss":0,"cards_upgraded":["Strike_R","Thunderclap"]},{"damage_healed":0,"gold_gain":0,"player_choice":"Searched \u00272\u0027 times","damage_taken":0,"relics_obtained":["Letter Opener"],"max_hp_gain":0,"max_hp_loss":0,"event_name":"Dead Adventurer","floor":12,"gold_loss":0},{"damage_healed":0,"gold_gain":0,"cards_transformed":["Defend_R","Defend_R"],"player_choice":"Became Test Subject","damage_taken":0,"max_hp_gain":0,"max_hp_loss":0,"event_name":"Drug Dealer","floor":19,"gold_loss":0,"cards_obtained":["Rage","Flex"]},{"damage_healed":0,"gold_gain":99,"player_choice":"Stole From Cult","damage_taken":0,"max_hp_gain":0,"max_hp_loss":0,"event_name":"Nest","floor":20,"gold_loss":0},{"damage_healed":0,"gold_gain":0,"player_choice":"Obtained Book","damage_taken":16,"max_hp_gain":0,"max_hp_loss":0,"event_name":"Cursed Tome","floor":27,"gold_loss":0},{"damage_healed":0,"gold_gain":0,"player_choice":"Became a Ghost","damage_taken":0,"max_hp_gain":0,"max_hp_loss":44,"event_name":"Ghosts","floor":29,"gold_loss":0,"cards_obtained":["Ghostly","Ghostly","Ghostly","Ghostly","Ghostly"]},{"damage_healed":0,"gold_gain":0,"player_choice":"Upgrade","damage_taken":0,"relics_obtained":["Mark of the Bloom"],"max_hp_gain":0,"max_hp_loss":0,"event_name":"MindBloom","floor":36,"gold_loss":0,"cards_upgraded":["Strike_R","Strike_R","Strike_R","Strike_R","Defend_R","Reckless Charge","Perfected Strike","Clash","Warcry","Secret Weapon","Shrug It Off","Demon Form","Rage","Flex","Clash","Ghostly","Ghostly","Ghostly","Ghostly","Ghostly","Offering"]},{"damage_healed":0,"gold_gain":0,"player_choice":"Ignored","damage_taken":0,"max_hp_gain":0,"max_hp_loss":0,"event_name":"Tomb of Lord Red Mask","floor":37,"gold_loss":0},{"cards_removed":["Demon Form"],"damage_healed":0,"gold_gain":0,"player_choice":"Removed Power","damage_taken":0,"max_hp_gain":0,"max_hp_loss":0,"event_name":"Falling","floor":38,"gold_loss":0},{"damage_healed":0,"gold_gain":0,"player_choice":"Fight","damage_taken":0,"max_hp_gain":0,"max_hp_loss":0,"event_name":"Mysterious Sphere","floor":39,"gold_loss":0}],"is_beta":false,"boss_relics":[{"not_picked":["Lizard Tail","Ectoplasm"],"picked":"Velvet Choker"},{"not_picked":["Black Star","Runic Dome"],"picked":"Black Blood"}],"items_purged_floors":[21,44],"is_endless":false,"potions_floor_spawned":[2,5,7,16,24,28,31,42,45,48],"killed_by":"Time Eater","ascension_level":1}