{"gold_per_floor":[116,116,63,75,93,112,127,146,146,146,146,63,63,63,63,166,166,179,213,39,39,54,54,74,74,101,112,123,123],"floor_reached":29,"playtime":1304,"items_purged":[],"score":217,"play_id":"efb1fa83-0930-4a88-9fae-aae47704104d","local_time":"20190709112538","is_ascension_mode":false,"campfire_choices":[{"data":"Dual Wield","floor":11,"key":"SMITH"},{"data":"Offering","floor":13,"key":"SMITH"},{"data":"Body Slam","floor":15,"key":"SMITH"},{"floor":23,"key":"REST"},{"floor":25,"key":"REST"}],"neow_cost":"NONE","seed_source_timestamp":231187143539200,"circlet_count":0,"master_deck":["Strike_R","Strike_R","Strike_R","Defend_R","Defend_R","Defend_R","Defend_R","Bash","Anger","Body Slam+1","Offering+1","Cleave","Spot Weakness","Dual Wield","Shrug It Off","Dual Wield+1","Madness","Juggernaut","Clash+1","Rampage","Apotheosis","Flex","Shrug It Off","Anger","Spot Weakness+1"],"relics":["Burning Blood","NeowsBlessing","Question Card","Darkstone Periapt","Busted Crown","Red Mask","PreservedInsect"],"potions_floor_usage":[16,16,28,29],"damage_taken":[{"damage":0,"enemies":"Small Slimes","floor":1,"turns":1},{"damage":0,"enemies":"Jaw Worm","floor":4,"turns":1},{"damage":0,"enemies":"Cultist","floor":5,"turns":1},{"damage":15,"enemies":"3 Louse","floor":6,"turns":2},{"damage":7,"enemies":"Exordium Wildlife","floor":7,"turns":2},{"damage":6,"enemies":"Looter","floor":8,"turns":2},{"damage":69,"enemies":"The Guardian","floor":16,"turns":8},{"damage":6,"enemies":"3 Byrds","floor":18,"turns":3},{"damage":27,"enemies":"Masked Bandits","floor":19,"turns":3},{"damage":7,"enemies":"Chosen","floor":22,"turns":3},{"damage":31,"enemies":"3 Cultists","floor":24,"turns":5},{"damage":46,"enemies":"Shelled Parasite and Fungi","floor":27,"turns":4},{"damage":22,"enemies":"Chosen and Byrds","floor":28,"turns":5},{"damage":34,"enemies":"Snecko","floor":29,"turns":4}],"seed_played":"4765961632453844706","potions_obtained":[{"floor":4,"key":"AttackPotion"},{"floor":6,"key":"Dexterity Potion"},{"floor":16,"key":"Explosive Potion"},{"floor":18,"key":"Poison Potion"},{"floor":22,"key":"Explosive Potion"},{"floor":27,"key":"Weak Potion"}],"is_trial":false,"path_per_floor":["M","?","$","M","M","M","M","M","T","?","R","$","R","T","R","B",null,"M","?","$","?","M","R","M","R","T","M","M","M"],"character_chosen":"IRONCLAD","items_purchased":["Body Slam","Madness","Apotheosis"],"campfire_rested":2,"item_purchase_floors":[3,12,20],"current_hp_per_floor":[80,85,85,85,85,76,75,75,75,75,75,75,75,75,75,12,85,85,64,64,64,63,85,60,85,85,45,29,0],"gold":123,"neow_bonus":"THREE_ENEMY_KILL","is_prod":false,"is_daily":false,"chose_seed":false,"campfire_upgraded":3,"win_rate":0.0,"timestamp":1562689538,"path_taken":["M","?","?","M","?","M","M","M","T","?","R","$","R","?","R","BOSS","M","?","$","?","M","R","M","R","T","M","M","M"],"build_version":"2019-07-05","purchased_purges":0,"victory":false,"max_hp_per_floor":[80,85,85,85,85,85,85,85,85,85,85,85,85,85,85,85,85,85,85,85,85,85,85,85,85,85,85,85,85],"card_choices":[{"not_picked":["Heavy Blade","Iron Wave"],"picked":"Anger","floor":1},{"not_picked":["Heavy Blade","Thunderclap"],"picked":"Offering","floor":4},{"not_picked":["Corruption","Bloodletting"],"picked":"Cleave","floor":5},{"not_picked":["Flex","Pommel Strike"],"picked":"Spot Weakness","floor":6},{"not_picked":["Flex","Clothesline"],"picked":"Dual Wield","floor":7},{"not_picked":["Sever Soul","Perfected Strike"],"picked":"Shrug It Off","floor":8},{"not_picked":["Bludgeon","Reaper","Impervious"],"picked":"Juggernaut","floor":16},{"not_picked":["Second Wind"],"picked":"Clash+1","floor":18},{"not_picked":["Blood for Blood+1"],"picked":"Rampage","floor":19},{"not_picked":["Reckless Charge"],"picked":"Flex","floor":22},{"not_picked":["Headbutt"],"picked":"Shrug It Off","floor":24},{"not_picked":["Sever Soul"],"picked":"Anger","floor":27},{"not_picked":["Clothesline+1"],"picked":"Spot Weakness+1","floor":28}],"player_experience":15121,"relics_obtained":[{"floor":9,"key":"Question Card"},{"floor":14,"key":"Darkstone Periapt"},{"floor":19,"key":"Red Mask"},{"floor":26,"key":"PreservedInsect"}],"event_choices":[{"damage_healed":0,"gold_gain":0,"player_choice":"Donut","damage_taken":0,"max_hp_gain":5,"max_hp_loss":0,"event_name":"Big Fish","floor":2,"gold_loss":0},{"damage_healed":0,"gold_gain":0,"cards_transformed":["Strike_R"],"player_choice":"Change","damage_taken":0,"max_hp_gain":0,"max_hp_loss":0,"event_name":"Living Wall","floor":10,"gold_loss":0,"cards_obtained":["Dual Wield"]},{"damage_healed":0,"gold_gain":0,"player_choice":"Fought Bandits","damage_taken":0,"max_hp_gain":0,"max_hp_loss":0,"event_name":"Masked Bandits","floor":19,"gold_loss":0},{"cards_removed":["Strike_R"],"damage_healed":0,"gold_gain":0,"player_choice":"Purged","damage_taken":0,"max_hp_gain":0,"max_hp_loss":0,"event_name":"Purifier","floor":21,"gold_loss":0}],"is_beta":false,"boss_relics":[{"not_picked":["Black Star","Velvet Choker"],"picked":"Busted Crown"}],"items_purged_floors":[],"is_endless":false,"potions_floor_spawned":[4,6,16,18,22,27],"killed_by":"Snecko","ascension_level":0}