{"gold_per_floor":[112,35,46,59,73,102,102,115,115,40,40,56,70,35,35,130,130,148,173,105,105],"floor_reached":21,"playtime":1424,"items_purged":["Strike_R"],"score":320,"play_id":"fa116d5e-056c-40d1-8ca0-ee0933ffa3c5","local_time":"20190717083412","is_ascension_mode":true,"campfire_choices":[{"data":"True Grit","floor":7.0,"key":"SMITH"},{"data":"Whirlwind","floor":15.0,"key":"SMITH"}],"neow_cost":"TEN_PERCENT_HP_LOSS","seed_source_timestamp":0,"circlet_count":0,"master_deck":["AscendersBane","Strike_R","Strike_R","Strike_R","Strike_R","Defend_R","Defend_R","Defend_R","Defend_R","Bash","Headbutt","Heavy Blade","Shrug It Off","Battle Trance","Thunderclap","True Grit+1","Armaments","Spot Weakness","Whirlwind+1","Cleave","Reaper","Warcry","Burning Pact"],"special_seed":0,"relics":["Black Blood","Incense Burner","Torii","Letter Opener","Golden Idol"],"potions_floor_usage":[21,21],"damage_taken":[{"damage":7.0,"enemies":"2 Louse","floor":1.0,"turns":4.0},{"damage":1.0,"enemies":"Small Slimes","floor":3.0,"turns":3.0},{"damage":6.0,"enemies":"Jaw Worm","floor":4.0,"turns":4.0},{"damage":3.0,"enemies":"3 Louse","floor":5.0,"turns":3.0},{"damage":52.0,"enemies":"Lagavulin","floor":6.0,"turns":8.0},{"damage":1.0,"enemies":"Exordium Thugs","floor":8.0,"turns":5.0},{"damage":0.0,"enemies":"Large Slime","floor":12.0,"turns":5.0},{"damage":2.0,"enemies":"Blue Slaver","floor":13.0,"turns":4.0},{"damage":32.0,"enemies":"Slime Boss","floor":16.0,"turns":11.0},{"damage":30.0,"enemies":"Shell Parasite","floor":18.0,"turns":8.0},{"damage":18.0,"enemies":"Spheric Guardian","floor":19.0,"turns":7.0},{"damage":39,"enemies":"Shelled Parasite and Fungi","floor":21,"turns":8}],"seed_played":"-5820823165641367384","potions_obtained":[{"floor":4.0,"key":"GamblersBrew"},{"floor":5.0,"key":"Energy Potion"},{"floor":12.0,"key":"SmokeBomb"},{"floor":13.0,"key":"Swift Potion"},{"floor":18.0,"key":"EssenceOfSteel"}],"is_trial":false,"path_per_floor":["M","$","M","M","M","E","R","M","T","$","?","M","M","?","R","B",null,"M","M","$","M"],"character_chosen":"IRONCLAD","items_purchased":["Heavy Blade","Shrug It Off","Burning Pact"],"campfire_rested":0,"item_purchase_floors":[2,2,20],"current_hp_per_floor":[67,67,68,68,68,22,22,27,27,27,27,33,37,52,52,26,53,46,38,38,0],"gold":105,"neow_bonus":"ONE_RARE_RELIC","is_prod":false,"is_daily":false,"chose_seed":false,"campfire_upgraded":2,"win_rate":0,"timestamp":1563323652,"path_taken":["M","$","M","M","M","E","R","M","T","$","?","M","M","?","R","BOSS","M","M","$","M"],"build_version":"2019-07-05","purchased_purges":1,"victory":false,"max_hp_per_floor":[68,68,68,68,68,68,68,68,68,68,62,62,62,62,62,62,62,62,62,62,62],"card_choices":[{"not_picked":["Intimidate","Perfected Strike"],"picked":"Headbutt","floor":1.0},{"not_picked":["Havoc","Warcry"],"picked":"Battle Trance","floor":3.0},{"not_picked":["Pommel Strike","Wild Strike"],"picked":"Thunderclap","floor":4.0},{"not_picked":["Iron Wave","Uppercut"],"picked":"True Grit","floor":5.0},{"not_picked":["Clash","Double Tap"],"picked":"Armaments","floor":6.0},{"not_picked":["Wild Strike","Flex"],"picked":"Spot Weakness","floor":8.0},{"not_picked":["Heavy Blade","Headbutt"],"picked":"Whirlwind","floor":12.0},{"not_picked":["Shrug It Off","Rampage"],"picked":"Cleave","floor":13.0},{"not_picked":["Brutality","Demon Form"],"picked":"Reaper","floor":16.0},{"not_picked":["Clothesline","Heavy Blade+1"],"picked":"Warcry","floor":18.0},{"not_picked":["Uppercut+1","Thunderclap","Cleave"],"picked":"SKIP","floor":19.0}],"player_experience":858877,"relics_obtained":[{"floor":6.0,"key":"Torii"},{"floor":9.0,"key":"Letter Opener"}],"event_choices":[{"damage_healed":0.0,"max_hp_gain":0.0,"max_hp_loss":6.0,"gold_gain":0.0,"event_name":"Golden Idol","player_choice":"Lose Max HP","floor":11.0,"gold_loss":0.0,"damage_taken":0.0,"relics_obtained":["Golden Idol"]},{"damage_healed":15.0,"max_hp_gain":0.0,"max_hp_loss":0.0,"gold_gain":0.0,"event_name":"The Cleric","player_choice":"Healed","floor":14.0,"gold_loss":35.0,"damage_taken":0.0}],"is_beta":false,"boss_relics":[{"not_picked":["Black Star","Eternal Feather"],"picked":"Black Blood"}],"items_purged_floors":[10],"is_endless":false,"potions_floor_spawned":[4,5,12,13,18],"killed_by":"Shelled Parasite and Fungi","ascension_level":15}