{"gold_per_floor":[115,115,133,133,133,161,180,180,205,222,222,237,237,252,252,350,350,366,29,49,69,69,0,0,18,43,43,43,58,78,3,3,108,108,122,122,0,16,16,16,16,68,68,68,68,168,168,24,24,24],"floor_reached":51,"playtime":6920,"items_purged":["Madness"],"score":668,"play_id":"757e5554-0e98-4801-a089-bddcfa59fbb4","local_time":"20190710193758","is_ascension_mode":false,"campfire_choices":[{"data":"Die Die Die","floor":8.0,"key":"SMITH"},{"data":"Tools of the Trade","floor":11.0,"key":"SMITH"},{"data":"Backstab","floor":15.0,"key":"SMITH"},{"data":"Adrenaline","floor":28.0,"key":"SMITH"},{"floor":32.0,"key":"REST"},{"data":"Doppelganger","floor":40,"key":"SMITH"},{"data":"A Thousand Cuts","floor":44,"key":"SMITH"},{"floor":47,"key":"REST"},{"data":"Underhanded Strike","floor":49,"key":"SMITH"}],"neow_cost":"NONE","seed_source_timestamp":0,"circlet_count":0,"master_deck":["Strike_G+1","Strike_G+1","Strike_G+1","Strike_G+1","Strike_G+1","Defend_G+1","Defend_G+1","Defend_G+1","Defend_G+1","Survivor","Neutralize","Flying Knee","Tools of the Trade+1","All Out Attack","Die Die Die+1","All Out Attack","Flying Knee","Neutralize","Quick Slash","Backstab+1","Adrenaline+1","Tactician","Master of Strategy","Swift Strike","Well Laid Plans","Quick Slash","Underhanded Strike+1","Slice","All Out Attack+1","Doppelganger+1","A Thousand Cuts+1","Madness","Underhanded Strike","Quick Slash+1","Backstab"],"special_seed":0,"relics":["Ring of the Serpent","NeowsBlessing","Kunai","Ninja Scroll","Bag of Marbles","Philosopher\u0027s Stone","Juzu Bracelet","Red Mask","Meat on the Bone","FossilizedHelix","Thread and Needle","Pocketwatch"],"potions_floor_usage":[42,50,50],"damage_taken":[{"damage":0.0,"enemies":"Small Slimes","floor":1.0,"turns":1.0},{"damage":0.0,"enemies":"Jaw Worm","floor":3.0,"turns":1.0},{"damage":0.0,"enemies":"Lagavulin","floor":6.0,"turns":1.0},{"damage":0.0,"enemies":"2 Louse","floor":7.0,"turns":1.0},{"damage":0.0,"enemies":"Lots of Slimes","floor":10.0,"turns":2.0},{"damage":0.0,"enemies":"Large Slime","floor":12.0,"turns":1.0},{"damage":0.0,"enemies":"3 Louse","floor":14.0,"turns":1.0},{"damage":16.0,"enemies":"Slime Boss","floor":16.0,"turns":7.0},{"damage":11.0,"enemies":"2 Thieves","floor":18.0,"turns":2.0},{"damage":2.0,"enemies":"Shell Parasite","floor":20.0,"turns":3.0},{"damage":12.0,"enemies":"Snake Plant","floor":21.0,"turns":4.0},{"damage":0.0,"enemies":"Shelled Parasite and Fungi","floor":25.0,"turns":1.0},{"damage":0.0,"enemies":"Centurion and Healer","floor":29.0,"turns":2.0},{"damage":0.0,"enemies":"Cultist and Chosen","floor":30.0,"turns":3.0},{"damage":66.0,"enemies":"Champ","floor":33.0,"turns":12.0},{"damage":7,"enemies":"Orb Walker","floor":35,"turns":2},{"damage":0,"enemies":"3 Darklings","floor":38,"turns":1},{"damage":6,"enemies":"2 Orb Walkers","floor":42,"turns":3},{"damage":0,"enemies":"Mind Bloom Boss Battle","floor":46,"turns":5},{"damage":39,"enemies":"Donu and Deca","floor":50,"turns":9}],"seed_played":"-3298073514859244742","potions_obtained":[{"floor":1.0,"key":"Block Potion"},{"floor":10.0,"key":"Weak Potion"},{"floor":14.0,"key":"Swift Potion"},{"floor":25.0,"key":"Fruit Juice"},{"floor":29.0,"key":"LiquidBronze"},{"floor":33.0,"key":"LiquidBronze"},{"floor":35,"key":"SkillPotion"}],"is_trial":false,"path_per_floor":["M","?","M","?","T","E","M","R","T","M","R","M","?","M","R","B",null,"M","$","M","M","?","?","?","M","T","$","R","M","M","?","R","B",null,"M","?","?","M","T","R","$","?","T","R","$","?","R","$","R","B",null],"character_chosen":"THE_SILENT","items_purchased":["Master of Strategy","Swift Strike","Well Laid Plans","Backstab"],"campfire_rested":2,"item_purchase_floors":[19,19,19,48],"current_hp_per_floor":[70,70,70,70,70,70,70,70,70,70,70,70,70,70,70,54,70,59,59,57,45,45,45,45,50,50,50,50,50,50,50,72,6,75,68,59,59,59,59,59,59,53,53,53,53,53,75,75,75,48],"gold":24,"neow_bonus":"THREE_ENEMY_KILL","is_prod":false,"is_daily":false,"chose_seed":false,"campfire_upgraded":7,"win_rate":0.0,"timestamp":1562801878,"path_taken":["M","?","M","?","?","E","M","R","T","M","R","M","?","M","R","BOSS","M","?","M","?","?","?","?","M","T","?","R","M","M","?","R","BOSS","M","?","?","M","?","R","?","?","T","R","$","?","R","$","R","BOSS"],"build_version":"2019-07-05","purchased_purges":1,"victory":true,"max_hp_per_floor":[70,70,70,70,70,70,70,70,70,70,70,70,70,70,70,70,70,70,70,70,70,70,70,70,75,75,75,75,75,75,75,75,75,75,75,75,75,75,75,75,75,75,75,75,75,75,75,75,75,75],"card_choices":[{"not_picked":["Terror","Acrobatics"],"picked":"Flying Knee","floor":1.0},{"not_picked":["Slice","Outmaneuver"],"picked":"Dagger Spray","floor":3.0},{"not_picked":["Deflect","Slice"],"picked":"All Out Attack","floor":6.0},{"not_picked":["Leg Sweep","Choke"],"picked":"Die Die Die","floor":7.0},{"not_picked":["Deadly Poison","Quick Slash"],"picked":"All Out Attack","floor":10.0},{"not_picked":["Predator","Prepared"],"picked":"Flying Knee","floor":12.0},{"not_picked":["Slice","Dodge and Roll"],"picked":"Backstab","floor":14.0},{"not_picked":["Phantasmal Killer","Night Terror"],"picked":"Adrenaline","floor":16.0},{"not_picked":["Caltrops","Poisoned Stab"],"picked":"Tactician","floor":18.0},{"not_picked":["Crippling Poison+1","Noxious Fumes"],"picked":"Quick Slash","floor":20.0},{"not_picked":["Sucker Punch","Poisoned Stab+1"],"picked":"Underhanded Strike","floor":21.0},{"not_picked":["Acrobatics+1","Dagger Spray"],"picked":"Slice","floor":25.0},{"not_picked":["Masterful Stab","Dagger Throw+1"],"picked":"All Out Attack+1","floor":29.0},{"not_picked":["Acrobatics","Crippling Poison"],"picked":"Doppelganger","floor":30.0},{"not_picked":["Phantasmal Killer","Glass Knife"],"picked":"A Thousand Cuts","floor":33.0},{"not_picked":["Blade Dance","Footwork","Terror+1"],"picked":"SKIP","floor":35},{"not_picked":["Crippling Poison+1","PiercingWail","Sucker Punch"],"picked":"SKIP","floor":38},{"not_picked":["Dagger Spray+1","Flying Knee"],"picked":"Underhanded Strike","floor":42},{"not_picked":["Unload","Deadly Poison"],"picked":"Quick Slash+1","floor":46}],"player_experience":25810,"relics_obtained":[{"floor":5.0,"key":"Kunai"},{"floor":6.0,"key":"Ninja Scroll"},{"floor":9.0,"key":"Bag of Marbles"},{"floor":26.0,"key":"Juzu Bracelet"},{"floor":39,"key":"Meat on the Bone"},{"floor":42,"key":"FossilizedHelix"},{"floor":43,"key":"Thread and Needle"},{"floor":46,"key":"Pocketwatch"}],"event_choices":[{"damage_healed":0.0,"max_hp_gain":0.0,"max_hp_loss":0.0,"gold_gain":0.0,"event_name":"Golden Idol","player_choice":"Ignored","floor":2.0,"gold_loss":0.0,"damage_taken":0.0},{"damage_healed":0.0,"max_hp_gain":0.0,"max_hp_loss":0.0,"gold_gain":0.0,"cards_transformed":["Defend_G"],"event_name":"Living Wall","player_choice":"Change","floor":4.0,"gold_loss":0.0,"damage_taken":0.0,"cards_obtained":["Tools of the Trade"]},{"damage_healed":0.0,"max_hp_gain":0.0,"max_hp_loss":0.0,"gold_gain":0.0,"event_name":"Match and Keep!","player_choice":"2 cards matched","floor":13.0,"gold_loss":0.0,"damage_taken":0.0,"cards_obtained":["Neutralize","Quick Slash"]},{"damage_healed":0.0,"max_hp_gain":0.0,"max_hp_loss":0.0,"gold_gain":0.0,"event_name":"Back to Basics","player_choice":"Simplicity","floor":22.0,"gold_loss":0.0,"damage_taken":0.0,"cards_upgraded":["Strike_G","Strike_G","Strike_G","Strike_G","Strike_G","Defend_G","Defend_G","Defend_G","Defend_G"]},{"damage_healed":0.0,"max_hp_gain":0.0,"max_hp_loss":0.0,"gold_gain":0.0,"event_name":"Masked Bandits","player_choice":"Paid Fearfully","floor":23.0,"gold_loss":69.0,"damage_taken":0.0},{"damage_healed":0.0,"max_hp_gain":0.0,"max_hp_loss":0.0,"gold_gain":0.0,"event_name":"Vampires","player_choice":"Ignored","floor":24.0,"gold_loss":0.0,"damage_taken":0.0},{"cards_removed":["Dagger Spray"],"damage_healed":0.0,"max_hp_gain":0.0,"max_hp_loss":0.0,"gold_gain":0.0,"event_name":"Beggar","player_choice":"Gave Gold","floor":31.0,"gold_loss":75.0,"damage_taken":0.0},{"damage_healed":0,"gold_gain":0,"player_choice":"Embrace Madness","damage_taken":9,"max_hp_gain":0,"max_hp_loss":0,"event_name":"Winding Halls","floor":36,"gold_loss":0,"cards_obtained":["Madness","Madness"]},{"damage_healed":0,"gold_gain":0,"player_choice":"Paid","damage_taken":0,"relics_obtained":["Red Mask"],"max_hp_gain":0,"max_hp_loss":0,"event_name":"Tomb of Lord Red Mask","floor":37,"gold_loss":122},{"damage_healed":0,"gold_gain":0,"player_choice":"Fight","damage_taken":0,"max_hp_gain":0,"max_hp_loss":0,"event_name":"Mysterious Sphere","floor":42,"gold_loss":0},{"damage_healed":0,"gold_gain":0,"player_choice":"Fight","damage_taken":0,"max_hp_gain":0,"max_hp_loss":0,"event_name":"MindBloom","floor":46,"gold_loss":0}],"is_beta":false,"boss_relics":[{"not_picked":["Coffee Dripper","Cursed Key"],"picked":"Philosopher\u0027s Stone"},{"not_picked":["White Beast Statue","Fusion Hammer"],"picked":"Ring of the Serpent"}],"items_purged_floors":[48],"is_endless":false,"potions_floor_spawned":[1,10,14,25,29,33,35],"ascension_level":0}