{"gold_per_floor":[116,116,34,44,61,61,9,38,64,81,94,121,121,132,132,233,233,250,268,268,367,367,379,411,423,435,447,459,490,0,27,39,51],"floor_reached":33,"playtime":1623,"items_purged":[],"score":247,"play_id":"c81113e3-a3ab-4096-94c6-9c6edd4c7117","local_time":"20190711131231","is_ascension_mode":false,"campfire_choices":[{"data":"Hemokinesis","floor":6,"key":"SMITH"},{"floor":15,"key":"REST"},{"floor":23,"key":"REST"},{"floor":25,"key":"REST"},{"floor":27,"key":"REST"},{"floor":32,"key":"REST"}],"neow_cost":"NONE","seed_source_timestamp":67951283299799,"circlet_count":0,"master_deck":["Strike_R","Strike_R","Defend_R","Defend_R","Defend_R","Defend_R","Bash","Hemokinesis+1","Headbutt","Rupture","Heavy Blade","Pommel Strike","Infernal Blade","Flex","Seeing Red","Blood for Blood","Armaments","Brutality","Heavy Blade","Decay","Writhe","Flex","Fire Breathing+1","Flex","Pummel+1"],"relics":["Burning Blood","Lantern","PreservedInsect","Odd Mushroom","Empty Cage","MawBank","Frozen Egg 2"],"potions_floor_usage":[12,14,16,19,24,29],"damage_taken":[{"damage":0,"enemies":"Small Slimes","floor":1,"turns":3},{"damage":6,"enemies":"2 Louse","floor":4,"turns":3},{"damage":4,"enemies":"Cultist","floor":5,"turns":3},{"damage":10,"enemies":"Gremlin Nob","floor":8,"turns":3},{"damage":11,"enemies":"2 Fungi Beasts","floor":10,"turns":2},{"damage":16,"enemies":"Blue Slaver","floor":11,"turns":3},{"damage":22,"enemies":"The Mushroom Lair","floor":12,"turns":3},{"damage":8,"enemies":"Large Slime","floor":14,"turns":3},{"damage":52,"enemies":"The Guardian","floor":16,"turns":8},{"damage":9,"enemies":"Chosen","floor":18,"turns":4},{"damage":34,"enemies":"3 Byrds","floor":19,"turns":5},{"damage":51,"enemies":"Sentry and Sphere","floor":24,"turns":6},{"damage":36,"enemies":"Centurion and Healer","floor":29,"turns":6},{"damage":32,"enemies":"Snake Plant","floor":31,"turns":4},{"damage":45,"enemies":"Collector","floor":33,"turns":3}],"seed_played":"5172831739956470973","potions_obtained":[{"floor":1,"key":"Regen Potion"},{"floor":8,"key":"FearPotion"},{"floor":10,"key":"SteroidPotion"},{"floor":16,"key":"Weak Potion"},{"floor":18,"key":"PowerPotion"},{"floor":24,"key":"AttackPotion"}],"is_trial":false,"path_per_floor":["M","?","$","M","M","R","$","E","T","M","M","?","?","M","R","B",null,"M","M","?","?","?","R","M","R","T","R","?","M","?","M","R","B"],"character_chosen":"IRONCLAD","items_purchased":["Rupture","Fire Potion"],"campfire_rested":5,"item_purchase_floors":[3,7],"current_hp_per_floor":[80,80,80,80,80,80,80,76,76,71,61,45,45,48,72,26,80,77,49,49,49,49,73,28,52,52,76,76,46,46,20,44,0],"gold":51,"neow_bonus":"ONE_RANDOM_RARE_CARD","is_prod":false,"is_daily":false,"chose_seed":false,"campfire_upgraded":1,"win_rate":0,"timestamp":1562868751,"path_taken":["M","?","$","M","M","R","$","E","T","M","M","?","?","?","R","BOSS","M","M","?","?","?","R","M","R","T","R","?","M","?","M","R","BOSS"],"build_version":"2019-07-05","purchased_purges":0,"victory":false,"max_hp_per_floor":[80,80,80,80,80,80,80,80,80,80,80,80,80,80,80,80,80,80,80,80,80,80,80,80,80,80,80,80,80,80,80,80,80],"card_choices":[{"not_picked":["Infernal Blade","Power Through"],"picked":"Hemokinesis","floor":1},{"not_picked":["Wild Strike","Sever Soul"],"picked":"Heavy Blade","floor":4},{"not_picked":["Flame Barrier","Perfected Strike"],"picked":"Pommel Strike","floor":5},{"not_picked":["Rampage","True Grit"],"picked":"Infernal Blade","floor":8},{"not_picked":["Perfected Strike","Pommel Strike"],"picked":"Flex","floor":10},{"not_picked":["Sword Boomerang","Reckless Charge"],"picked":"Seeing Red","floor":11},{"not_picked":["Combust","Corruption"],"picked":"Blood for Blood","floor":12},{"not_picked":["Thunderclap","Headbutt"],"picked":"Armaments","floor":14},{"not_picked":["Dark Embrace","Feed"],"picked":"Brutality","floor":16},{"not_picked":["Rampage","Reckless Charge"],"picked":"Heavy Blade","floor":18},{"not_picked":["Clash","Searing Blow","Thunderclap"],"picked":"SKIP","floor":19},{"not_picked":["Sword Boomerang","Blood for Blood"],"picked":"Flex","floor":24},{"not_picked":["Warcry","Berserk+1"],"picked":"Flex","floor":29},{"not_picked":["Sword Boomerang","Wild Strike"],"picked":"Pummel+1","floor":31}],"player_experience":22180,"relics_obtained":[{"floor":8,"key":"Lantern"},{"floor":9,"key":"PreservedInsect"},{"floor":12,"key":"Odd Mushroom"},{"floor":26,"key":"Frozen Egg 2"}],"event_choices":[{"damage_healed":0,"gold_gain":0,"cards_transformed":["Berserk"],"player_choice":"Change","damage_taken":0,"max_hp_gain":0,"max_hp_loss":0,"event_name":"Living Wall","floor":2,"gold_loss":0,"cards_obtained":["Headbutt"]},{"damage_healed":0,"gold_gain":0,"player_choice":"Fought Mushrooms","damage_taken":0,"max_hp_gain":0,"max_hp_loss":0,"event_name":"Mushrooms","floor":12,"gold_loss":0},{"cards_removed":["Strike_R"],"damage_healed":0,"gold_gain":0,"player_choice":"Purged","damage_taken":0,"max_hp_gain":0,"max_hp_loss":0,"event_name":"Purifier","floor":13,"gold_loss":0},{"damage_healed":0,"gold_gain":0,"player_choice":"Smashed Altar","damage_taken":0,"max_hp_gain":0,"max_hp_loss":0,"event_name":"Forgotten Altar","floor":20,"gold_loss":0,"cards_obtained":["Decay"]},{"damage_healed":0,"gold_gain":99,"player_choice":"Stole From Cult","damage_taken":0,"max_hp_gain":0,"max_hp_loss":0,"event_name":"Nest","floor":21,"gold_loss":0},{"damage_healed":0,"gold_gain":0,"player_choice":"Opened","damage_taken":0,"relics_obtained":["MawBank"],"max_hp_gain":0,"max_hp_loss":0,"event_name":"The Mausoleum","floor":22,"gold_loss":0,"cards_obtained":["Writhe"]},{"damage_healed":0,"gold_gain":0,"player_choice":"Read","damage_taken":0,"max_hp_gain":0,"max_hp_loss":0,"event_name":"The Library","floor":28,"gold_loss":0,"cards_obtained":["Fire Breathing"]},{"damage_healed":0,"gold_gain":0,"player_choice":"Paid Fearfully","damage_taken":0,"max_hp_gain":0,"max_hp_loss":0,"event_name":"Masked Bandits","floor":30,"gold_loss":502}],"is_beta":false,"boss_relics":[{"not_picked":["Sozu","Coffee Dripper"],"picked":"Empty Cage"}],"items_purged_floors":[],"is_endless":false,"potions_floor_spawned":[1,8,10,16,18,24],"killed_by":"Collector","ascension_level":0}