{"gold_per_floor":[114,79,98,18,18,58,74,74,74,74,94,167,179],"floor_reached":13,"playtime":741,"items_purged":[],"score":85,"play_id":"9aeb75e8-8ee3-4022-9511-b8f071cf4add","local_time":"20190709114331","is_ascension_mode":false,"campfire_choices":[{"floor":8,"key":"REST"}],"neow_cost":"NONE","seed_source_timestamp":232823827788800,"circlet_count":0,"master_deck":["Strike_R","Strike_R+1","Strike_R","Strike_R","Strike_R","Defend_R","Defend_R","Defend_R","Defend_R+1","Bash","Armaments","Entrench","Clash","Feel No Pain","Injury","Iron Wave","Combust","Anger","Perfected Strike"],"relics":["Burning Blood","Golden Idol","Pantograph","Shuriken","MawBank"],"potions_floor_usage":[12,13],"damage_taken":[{"damage":11,"enemies":"Jaw Worm","floor":1,"turns":4},{"damage":14,"enemies":"2 Louse","floor":3,"turns":3},{"damage":29,"enemies":"3 Sentries","floor":6,"turns":15},{"damage":17,"enemies":"Small Slimes","floor":7,"turns":4},{"damage":11,"enemies":"Looter","floor":11,"turns":4},{"damage":32,"enemies":"Lagavulin Event","floor":12,"turns":6},{"damage":9,"enemies":"Lots of Slimes","floor":13,"turns":2},{"damage":0,"enemies":"Lots of Slimes","floor":13,"turns":1}],"seed_played":"-1891786444425475250","potions_obtained":[{"floor":1,"key":"SmokeBomb"},{"floor":11,"key":"FearPotion"}],"is_trial":false,"path_per_floor":["M","?","M","$","?","E","M","R","T","?","M","?","M"],"character_chosen":"IRONCLAD","items_purchased":["Feel No Pain"],"campfire_rested":1,"item_purchase_floors":[4],"current_hp_per_floor":[75,75,67,67,67,44,33,57,57,41,36,10,7],"gold":179,"neow_bonus":"THREE_CARDS","is_prod":false,"is_daily":false,"chose_seed":false,"campfire_upgraded":0,"win_rate":0.0,"timestamp":1562690611,"path_taken":["M","?","M","$","?","E","M","R","T","?","?","?","M"],"build_version":"2019-07-05","purchased_purges":0,"victory":false,"max_hp_per_floor":[80,80,80,80,80,80,80,80,80,80,80,80,80],"card_choices":[{"not_picked":["Clothesline","Headbutt"],"picked":"Armaments","floor":0},{"not_picked":["Battle Trance","Shrug It Off"],"picked":"Entrench","floor":1},{"not_picked":["Headbutt","Warcry"],"picked":"Clash","floor":3},{"not_picked":["True Grit","Flex"],"picked":"Iron Wave","floor":6},{"not_picked":["Impervious","Headbutt"],"picked":"Combust","floor":7},{"not_picked":["Perfected Strike","Warcry"],"picked":"Anger","floor":11},{"not_picked":["Shrug It Off","Brutality"],"picked":"Perfected Strike","floor":12}],"player_experience":16425,"relics_obtained":[{"floor":6,"key":"Pantograph"},{"floor":9,"key":"Shuriken"},{"floor":12,"key":"MawBank"}],"event_choices":[{"damage_healed":0,"gold_gain":0,"player_choice":"Left Gold","damage_taken":0,"max_hp_gain":0,"max_hp_loss":0,"event_name":"World of Goop","floor":2,"gold_loss":35},{"damage_healed":0,"gold_gain":0,"player_choice":"Take Wound","damage_taken":0,"relics_obtained":["Golden Idol"],"max_hp_gain":0,"max_hp_loss":0,"event_name":"Golden Idol","floor":5,"gold_loss":0,"cards_obtained":["Injury"]},{"damage_healed":0,"gold_gain":0,"player_choice":"Entered Light","damage_taken":16,"max_hp_gain":0,"max_hp_loss":0,"event_name":"Shining Light","floor":10,"gold_loss":0,"cards_upgraded":["Defend_R","Strike_R"]},{"damage_healed":0,"gold_gain":0,"player_choice":"Searched \u00272\u0027 times","damage_taken":0,"max_hp_gain":0,"max_hp_loss":0,"event_name":"Dead Adventurer","floor":12,"gold_loss":0}],"is_beta":false,"boss_relics":[],"items_purged_floors":[],"is_endless":false,"potions_floor_spawned":[1,11],"killed_by":"Lots of Slimes","ascension_level":0}