{"gold_per_floor":[119,119,119,139,139,139,151,167,192,47,61,61,88,116,128,240,302,329,341,370,382,413,425,462,474,786,817,849,875,887,291,291,390,390,402,418,418,432,532,532,545,112,112,135,135,148,6,228,228,228],"floor_reached":51,"playtime":2246,"items_purged":[],"score":824,"play_id":"80dc5dc8-0f7b-49ee-9bf9-479959926e3f","local_time":"20190716214116","is_ascension_mode":false,"campfire_choices":[{"floor":6,"key":"REST"},{"data":"Feed","floor":12,"key":"SMITH"},{"floor":15,"key":"REST"},{"data":"Limit Break","floor":23,"key":"SMITH"},{"floor":25,"key":"REST"},{"floor":30,"key":"REST"},{"floor":32,"key":"REST"},{"floor":40,"key":"REST"},{"data":"Corruption","floor":45,"key":"SMITH"},{"data":"Sentinel","floor":49,"key":"SMITH"}],"neow_cost":"NONE","seed_source_timestamp":529886058374000,"circlet_count":0,"master_deck":["Strike_R","Strike_R+1","Strike_R+1","Strike_R","Defend_R","Defend_R","Defend_R","Bash","Feed+1","Inflame+1","Pommel Strike","Bloodletting","Feel No Pain","Dropkick","Shockwave","Shockwave","Limit Break+1","Disarm+1","Corruption+1","Blood for Blood","Thunderclap+1","Heavy Blade","Sever Soul","Spot Weakness+1","Heavy Blade+1","Seeing Red+1","Inflame","Double Tap","Whirlwind+1","Armaments+1","Madness","Heavy Blade+1","Heavy Blade+1","Limit Break","Sentinel+1","Sentinel+1"],"relics":["Black Blood","Pen Nib","Anchor","MawBank","Tiny House","Red Mask","Old Coin","MealTicket","Orichalcum","Bottled Flame","Calipers","Unceasing Top","Pear","Blood Vial"],"potions_floor_usage":[24,28,28,50,50,50],"damage_taken":[{"damage":6,"enemies":"Jaw Worm","floor":1,"turns":5},{"damage":14,"enemies":"Small Slimes","floor":4,"turns":7},{"damage":6,"enemies":"Cultist","floor":7,"turns":3},{"damage":14,"enemies":"Blue Slaver","floor":8,"turns":4},{"damage":13,"enemies":"2 Fungi Beasts","floor":11,"turns":3},{"damage":3,"enemies":"Gremlin Nob","floor":13,"turns":2},{"damage":13,"enemies":"Exordium Thugs","floor":14,"turns":4},{"damage":67,"enemies":"Slime Boss","floor":16,"turns":12},{"damage":21,"enemies":"3 Byrds","floor":18,"turns":7},{"damage":22,"enemies":"Chosen","floor":20,"turns":8},{"damage":32,"enemies":"Centurion and Healer","floor":22,"turns":7},{"damage":62,"enemies":"Masked Bandits","floor":24,"turns":7},{"damage":31,"enemies":"3 Cultists","floor":27,"turns":5},{"damage":13,"enemies":"Cultist and Chosen","floor":28,"turns":6},{"damage":9,"enemies":"Chosen and Byrds","floor":29,"turns":7},{"damage":37,"enemies":"Collector","floor":33,"turns":9},{"damage":23,"enemies":"3 Shapes","floor":35,"turns":10},{"damage":23,"enemies":"3 Darklings","floor":36,"turns":6},{"damage":20,"enemies":"4 Shapes","floor":38,"turns":7},{"damage":15,"enemies":"Mind Bloom Boss Battle","floor":39,"turns":7},{"damage":32,"enemies":"Writhing Mass","floor":41,"turns":6},{"damage":32,"enemies":"Maw","floor":46,"turns":8},{"damage":74,"enemies":"Awakened One","floor":50,"turns":9}],"seed_played":"-4356605901089233348","potions_obtained":[{"floor":1,"key":"Strength Potion"},{"floor":4,"key":"Dexterity Potion"},{"floor":5,"key":"BloodPotion"},{"floor":5,"key":"EntropicBrew"},{"floor":17,"key":"Explosive Potion"},{"floor":24,"key":"Explosive Potion"},{"floor":36,"key":"Dexterity Potion"},{"floor":39,"key":"Strength Potion"}],"is_trial":false,"path_per_floor":["M","?","?","M","?","R","M","M","T","$","M","R","E","M","R","B",null,"M","?","M","?","M","R","?","R","T","M","M","M","R","$","R","B",null,"M","M","?","M","?","R","M","$","T","T","R","M","$","?","R","B",null],"character_chosen":"IRONCLAD","items_purchased":["Anchor","MealTicket","Orichalcum","Bottled Flame","Limit Break","Unceasing Top","FearPotion","Sentinel","BloodPotion"],"campfire_rested":6,"item_purchase_floors":[10,31,31,31,42,42,42,47,47],"current_hp_per_floor":[83,83,66,61,61,86,89,84,84,84,80,80,87,80,99,42,108,97,97,85,85,63,63,41,78,78,57,50,51,90,90,129,98,132,123,110,110,104,99,140,122,137,147,147,147,127,142,142,142,123],"gold":228,"neow_bonus":"ONE_RANDOM_RARE_CARD","is_prod":false,"is_daily":false,"chose_seed":false,"campfire_upgraded":4,"win_rate":0,"timestamp":1563331276,"path_taken":["M","?","?","M","?","R","M","M","T","$","M","R","E","M","R","BOSS","M","?","M","?","M","R","?","R","T","M","M","M","R","?","R","BOSS","M","M","?","M","?","R","M","$","T","?","R","?","?","?","R","BOSS"],"build_version":"2019-07-05","purchased_purges":0,"victory":true,"max_hp_per_floor":[83,83,83,86,86,86,89,92,92,92,95,95,99,99,99,103,108,112,112,116,116,120,120,124,124,124,128,128,132,132,132,132,132,132,136,136,136,140,140,140,144,144,154,154,154,154,154,154,154,158],"card_choices":[{"not_picked":["Flex","Iron Wave"],"picked":"Inflame","floor":1},{"not_picked":["Cleave","Flex"],"picked":"Pommel Strike","floor":4},{"not_picked":["Combust","Carnage"],"picked":"Bloodletting","floor":7},{"not_picked":["Clash","Shrug It Off"],"picked":"Feel No Pain","floor":8},{"not_picked":["Anger","Warcry"],"picked":"Dropkick","floor":11},{"not_picked":["Twin Strike","Rampage"],"picked":"Shockwave","floor":13},{"not_picked":["Flex","Headbutt"],"picked":"Shockwave","floor":14},{"not_picked":["Double Tap","Feed"],"picked":"Limit Break","floor":16},{"not_picked":["Clash","Rupture+1"],"picked":"Disarm+1","floor":18},{"not_picked":["Warcry","Pummel+1"],"picked":"Thunderclap+1","floor":20},{"not_picked":["Fire Breathing","Intimidate"],"picked":"Sever Soul","floor":22},{"not_picked":["Evolve+1","Dropkick+1"],"picked":"Spot Weakness+1","floor":24},{"not_picked":["Cleave","Whirlwind"],"picked":"Heavy Blade+1","floor":27},{"not_picked":["Hemokinesis","Reckless Charge+1"],"picked":"Seeing Red+1","floor":28},{"not_picked":["Ghostly Armor","Rampage"],"picked":"Inflame","floor":29},{"not_picked":["Exhume","Offering"],"picked":"Double Tap","floor":33},{"not_picked":["Headbutt","Perfected Strike+1"],"picked":"Whirlwind+1","floor":35},{"not_picked":["Body Slam+1","Flex+1"],"picked":"Armaments+1","floor":36},{"not_picked":["PanicButton","Flash of Steel"],"picked":"Madness","floor":37},{"not_picked":["Dual Wield+1","Entrench+1","Warcry+1"],"picked":"SKIP","floor":38},{"not_picked":["Metallicize","Iron Wave+1"],"picked":"Heavy Blade+1","floor":39},{"not_picked":["Sword Boomerang+1","Burning Pact"],"picked":"Heavy Blade+1","floor":41},{"not_picked":["Perfected Strike","Pommel Strike+1"],"picked":"Sentinel+1","floor":46}],"player_experience":42493,"relics_obtained":[{"floor":9,"key":"Pen Nib"},{"floor":13,"key":"MawBank"},{"floor":24,"key":"Red Mask"},{"floor":26,"key":"Old Coin"},{"floor":39,"key":"Calipers"},{"floor":43,"key":"Pear"},{"floor":44,"key":"Blood Vial"}],"event_choices":[{"damage_healed":0,"gold_gain":0,"player_choice":"Leave","damage_taken":0,"max_hp_gain":0,"max_hp_loss":0,"event_name":"The Cleric","floor":2,"gold_loss":0},{"damage_healed":0,"gold_gain":0,"player_choice":"Entered Light","damage_taken":17,"max_hp_gain":0,"max_hp_loss":0,"event_name":"Shining Light","floor":3,"gold_loss":0,"cards_upgraded":["Inflame","Strike_R"]},{"damage_healed":0,"gold_gain":0,"player_choice":"Got Potions","damage_taken":0,"max_hp_gain":0,"max_hp_loss":0,"event_name":"Lab","floor":5,"gold_loss":0},{"damage_healed":0,"gold_gain":0,"cards_transformed":["Strike_R","Defend_R"],"player_choice":"Became Test Subject","damage_taken":0,"max_hp_gain":0,"max_hp_loss":0,"event_name":"Drug Dealer","floor":19,"gold_loss":0,"cards_obtained":["Corruption","Blood for Blood"]},{"damage_healed":0,"gold_gain":0,"player_choice":"Read","damage_taken":0,"max_hp_gain":0,"max_hp_loss":0,"event_name":"The Library","floor":21,"gold_loss":0,"cards_obtained":["Heavy Blade"]},{"damage_healed":0,"gold_gain":0,"player_choice":"Fought Bandits","damage_taken":0,"max_hp_gain":0,"max_hp_loss":0,"event_name":"Masked Bandits","floor":24,"gold_loss":0},{"damage_healed":0,"gold_gain":0,"player_choice":"Memory 1","damage_taken":0,"max_hp_gain":0,"max_hp_loss":0,"event_name":"SensoryStone","floor":37,"gold_loss":0},{"damage_healed":0,"gold_gain":0,"player_choice":"Fight","damage_taken":0,"max_hp_gain":0,"max_hp_loss":0,"event_name":"MindBloom","floor":39,"gold_loss":0},{"damage_healed":0,"gold_gain":222,"player_choice":"Wore Mask","damage_taken":0,"max_hp_gain":0,"max_hp_loss":0,"event_name":"Tomb of Lord Red Mask","floor":48,"gold_loss":0}],"is_beta":false,"boss_relics":[{"not_picked":["Mark of Pain","Lizard Tail"],"picked":"Tiny House"},{"not_picked":["Runic Pyramid","Coffee Dripper"],"picked":"Black Blood"}],"items_purged_floors":[],"is_endless":false,"potions_floor_spawned":[1,4,8,14,18,24,27,36,39],"ascension_level":0}