{"gold_per_floor":[116,135,1,76,76,76,4,4,28,52,75,87,99,126,138,253,265,294,306,318,342,15,15,15,35,61,72,72,85,85,103,103,201,201,220,220,220,240,240],"floor_reached":39,"playtime":4738,"items_purged":[],"score":396,"play_id":"f8b67069-9fdf-490e-8b9d-90dde7ef15fc","local_time":"20190710205952","is_ascension_mode":false,"campfire_choices":[{"data":"Mind Blast","floor":6.0,"key":"SMITH"},{"floor":8.0,"key":"REST"},{"data":"Streamline","floor":12,"key":"SMITH"},{"data":"Doom and Gloom","floor":15,"key":"SMITH"},{"data":"Steam Power","floor":23,"key":"SMITH"},{"floor":28,"key":"REST"},{"data":"Rainbow","floor":30,"key":"SMITH"},{"data":"Fusion","floor":32,"key":"SMITH"}],"neow_cost":"NONE","seed_source_timestamp":66303443846099,"circlet_count":0,"master_deck":["Defend_B+1","Defend_B+1","Defend_B+1","Defend_B+1","Doom and Gloom+1","Genetic Algorithm+1","Mind Blast+1","Streamline+1","Ball Lightning","Compile Driver","Steam","Echo Form","Ball Lightning","All For One","Go for the Eyes","Bite","Bite","Bite","Bite","Bite","Beam Cell+1","FTL","Steam Power+1","Melter","Rainbow+1","Fusion+1","Creative AI","Force Field+1","Conserve Battery+1","Go for the Eyes","Conserve Battery+1"],"special_seed":0,"relics":["Cracked Core","Boot","MawBank","Philosopher\u0027s Stone","Toolbox","PreservedInsect","Astrolabe"],"potions_floor_usage":[16,16,33,33,33],"damage_taken":[{"damage":10.0,"enemies":"Jaw Worm","floor":1.0,"turns":4.0},{"damage":0.0,"enemies":"2 Louse","floor":2.0,"turns":2.0},{"damage":0,"enemies":"Small Slimes","floor":10,"turns":2},{"damage":12,"enemies":"Exordium Wildlife","floor":11,"turns":4},{"damage":0,"enemies":"Large Slime","floor":14,"turns":4},{"damage":33,"enemies":"The Guardian","floor":16,"turns":7},{"damage":22,"enemies":"3 Byrds","floor":18,"turns":4},{"damage":10,"enemies":"Spheric Guardian","floor":21,"turns":4},{"damage":3,"enemies":"Snake Plant","floor":25,"turns":3},{"damage":12,"enemies":"Snecko","floor":27,"turns":3},{"damage":7,"enemies":"3 Cultists","floor":29,"turns":3},{"damage":0,"enemies":"Chosen and Byrds","floor":31,"turns":3},{"damage":47,"enemies":"Collector","floor":33,"turns":7},{"damage":14,"enemies":"3 Shapes","floor":35,"turns":3},{"damage":34,"enemies":"3 Darklings","floor":38,"turns":3},{"damage":25,"enemies":"Writhing Mass","floor":39,"turns":3}],"seed_played":"7229823464775331170","potions_obtained":[{"floor":1.0,"key":"Swift Potion"},{"floor":11,"key":"Dexterity Potion"},{"floor":16,"key":"Swift Potion"},{"floor":25,"key":"Ancient Potion"},{"floor":27,"key":"Strength Potion"},{"floor":31,"key":"Energy Potion"}],"is_trial":false,"path_per_floor":["M","M","$","?","?","R","$","R","T","M","M","R","?","M","R","B",null,"M","?","?","M","$","R","$","M","T","M","R","M","R","M","R","B",null,"M","?","?","M","M"],"character_chosen":"DEFECT","items_purchased":["Mind Blast","Streamline","Ball Lightning","Compile Driver","FTL","Steam Power","Toolbox"],"campfire_rested":2,"item_purchase_floors":[3,3,7,7,22,22,22],"current_hp_per_floor":[65,65,65,54,54,54,54,75,75,75,63,63,75,75,75,42,75,53,52,52,42,42,42,42,43,43,37,52,45,45,51,51,13,49,35,35,35,9,0],"gold":240,"neow_bonus":"RANDOM_COMMON_RELIC","is_prod":false,"is_daily":false,"chose_seed":false,"campfire_upgraded":6,"win_rate":0.0,"timestamp":1562806792,"path_taken":["M","M","$","?","?","R","$","R","T","M","M","R","?","M","R","BOSS","M","?","?","M","$","R","?","M","T","M","R","M","R","M","R","BOSS","M","?","?","?","M"],"build_version":"2019-07-05","purchased_purges":0,"victory":false,"max_hp_per_floor":[75,75,75,75,75,75,75,75,75,75,75,75,75,75,75,75,75,75,52,52,52,52,52,52,52,52,52,52,52,52,52,52,52,49,49,49,49,49,49],"card_choices":[{"not_picked":["Capacitor","Leap"],"picked":"Doom and Gloom","floor":1.0},{"not_picked":["Chaos","Self Repair"],"picked":"Genetic Algorithm","floor":2.0},{"not_picked":["Leap","Capacitor"],"picked":"Steam","floor":10},{"not_picked":["Undo","Streamline"],"picked":"Echo Form","floor":11},{"not_picked":["Steam","Conserve Battery"],"picked":"Ball Lightning","floor":14},{"not_picked":["Buffer","Echo Form"],"picked":"All For One","floor":16},{"not_picked":["Rip and Tear","Barrage"],"picked":"Go for the Eyes","floor":18},{"not_picked":["Coolheaded","Barrage"],"picked":"Beam Cell+1","floor":21},{"not_picked":["Stack","Loop+1"],"picked":"Melter","floor":25},{"not_picked":["Undo","Blizzard"],"picked":"Sweeping Beam","floor":27},{"not_picked":["Leap","Streamline"],"picked":"Rainbow","floor":29},{"not_picked":["Stack","Redo"],"picked":"Fusion","floor":31},{"not_picked":["Reboot","Thunder Strike"],"picked":"Creative AI","floor":33},{"not_picked":["Steam+1","Cold Snap"],"picked":"Go for the Eyes","floor":35},{"not_picked":["Glacier","Stack"],"picked":"Conserve Battery+1","floor":38}],"player_experience":32730,"relics_obtained":[{"floor":9.0,"key":"MawBank"},{"floor":26,"key":"PreservedInsect"}],"event_choices":[{"damage_healed":0.0,"max_hp_gain":0.0,"max_hp_loss":0.0,"gold_gain":75.0,"event_name":"World of Goop","player_choice":"Gather Gold","floor":4.0,"gold_loss":0.0,"damage_taken":11.0},{"damage_healed":0.0,"max_hp_gain":0.0,"max_hp_loss":0.0,"gold_gain":0.0,"event_name":"Living Wall","player_choice":"Grow","floor":5.0,"gold_loss":0.0,"damage_taken":0.0,"cards_upgraded":["Genetic Algorithm"]},{"damage_healed":18,"gold_gain":0,"player_choice":"Healed and dodged fight","damage_taken":0,"max_hp_gain":0,"max_hp_loss":0,"event_name":"Mushrooms","floor":13,"gold_loss":0,"cards_obtained":["Parasite"]},{"damage_healed":0,"gold_gain":0,"player_choice":"Became a vampire","damage_taken":0,"max_hp_gain":0,"max_hp_loss":23,"event_name":"Vampires","floor":19,"gold_loss":0,"cards_obtained":["Bite","Bite","Bite","Bite","Bite"]},{"damage_healed":0,"gold_gain":0,"player_choice":"Simplicity","damage_taken":0,"max_hp_gain":0,"max_hp_loss":0,"event_name":"Back to Basics","floor":20,"gold_loss":0,"cards_upgraded":["Defend_B","Defend_B","Defend_B","Defend_B"]},{"cards_removed":["Dualcast"],"damage_healed":0,"gold_gain":0,"player_choice":"Removed Skill","damage_taken":0,"max_hp_gain":0,"max_hp_loss":0,"event_name":"Falling","floor":36,"gold_loss":0},{"cards_removed":["Normality"],"damage_healed":0,"gold_gain":0,"player_choice":"Purged","damage_taken":0,"max_hp_gain":0,"max_hp_loss":0,"event_name":"Purifier","floor":37,"gold_loss":0}],"is_beta":false,"boss_relics":[{"not_picked":["Ectoplasm","White Beast Statue"],"picked":"Philosopher\u0027s Stone"},{"not_picked":["Inserter","Runic Dome"],"picked":"Astrolabe"}],"items_purged_floors":[],"is_endless":false,"potions_floor_spawned":[1,11,16,25,27,31],"killed_by":"Writhing Mass","ascension_level":0}