{"gold_per_floor":[111,19,19,194,205,1,1,28,28,47,47,82,94,111,111,211,211,136,136,0,99,18,18,18,18,18,35,35,53,53,53,53,156,156,171,171,171,191,191],"floor_reached":39,"playtime":2182,"items_purged":[],"score":433,"play_id":"4197e006-8587-48b8-ba40-791df6dbbcfe","local_time":"20190711162000","is_ascension_mode":false,"campfire_choices":[{"data":"Transmutation","floor":7,"key":"SMITH"},{"data":"Evolve","floor":15,"key":"SMITH"},{"data":"Corruption","floor":23,"key":"SMITH"},{"floor":30,"key":"REST"},{"data":"Offering","floor":32,"key":"SMITH"}],"neow_cost":"NONE","seed_source_timestamp":78640254499400,"circlet_count":0,"master_deck":["Strike_R","Strike_R","Strike_R","Strike_R","Strike_R","Defend_R","Defend_R","Defend_R","Defend_R","Bash","Pommel Strike","Flash of Steel","Pommel Strike","Transmutation+1","Flex","Evolve+1","Sever Soul","Inflame","Flame Barrier","Warcry","Offering+1","Warcry","Corruption+1","Writhe","Doubt","True Grit","Shame","Seeing Red","Limit Break","Fire Breathing+1","Transmutation","Intimidate+1"],"relics":["Black Blood","Pocketwatch","Sundial","Potion Belt","Eternal Feather","Strawberry","Shuriken","Darkstone Periapt"],"potions_floor_usage":[12,12,12,16,37,38,38,38,39],"damage_taken":[{"damage":1,"enemies":"Jaw Worm","floor":1,"turns":6},{"damage":10,"enemies":"2 Louse","floor":5,"turns":4},{"damage":27,"enemies":"Gremlin Nob","floor":8,"turns":4},{"damage":5,"enemies":"Small Slimes","floor":10,"turns":4},{"damage":24,"enemies":"Lagavulin","floor":12,"turns":6},{"damage":7,"enemies":"Red Slaver","floor":13,"turns":4},{"damage":0,"enemies":"Looter","floor":14,"turns":2},{"damage":63,"enemies":"Hexaghost","floor":16,"turns":11},{"damage":16,"enemies":"2 Thieves","floor":18,"turns":5},{"damage":21,"enemies":"Spheric Guardian","floor":27,"turns":5},{"damage":52,"enemies":"Chosen and Byrds","floor":29,"turns":7},{"damage":55,"enemies":"Champ","floor":33,"turns":10},{"damage":83,"enemies":"3 Darklings","floor":35,"turns":6},{"damage":44,"enemies":"3 Shapes","floor":38,"turns":5},{"damage":45,"enemies":"Writhing Mass","floor":39,"turns":2}],"seed_played":"-4742165873445561499","potions_obtained":[{"floor":1,"key":"Energy Potion"},{"floor":8,"key":"GamblersBrew"},{"floor":10,"key":"EssenceOfSteel"},{"floor":14,"key":"Weak Potion"},{"floor":33,"key":"FearPotion"},{"floor":37,"key":"Swift Potion"},{"floor":37,"key":"Fruit Juice"},{"floor":37,"key":"EntropicBrew"}],"is_trial":false,"path_per_floor":["M","$","?","?","M","$","R","E","T","M","?","E","M","M","R","B",null,"M","?","?","?","$","R","?","$","T","M","?","M","R","$","R","B",null,"M","?","?","M","M"],"character_chosen":"IRONCLAD","items_purchased":["Flash of Steel","Transmutation","Flex","Corruption"],"campfire_rested":1,"item_purchase_floors":[2,6,6,22],"current_hp_per_floor":[80,80,80,80,76,76,76,55,55,56,90,72,71,77,77,20,90,80,87,87,87,87,97,97,97,97,82,88,42,87,87,102,53,103,30,30,35,28,0],"gold":191,"neow_bonus":"ONE_RANDOM_RARE_CARD","is_prod":false,"is_daily":false,"chose_seed":false,"campfire_upgraded":4,"win_rate":0,"timestamp":1562880000,"path_taken":["M","$","?","?","M","?","R","E","T","M","?","E","M","?","R","BOSS","M","?","?","?","$","R","?","$","T","M","?","?","R","?","R","BOSS","M","?","?","?","M"],"build_version":"2019-07-05","purchased_purges":0,"victory":false,"max_hp_per_floor":[80,80,80,80,80,80,80,80,80,80,90,90,90,90,90,90,90,90,97,97,97,97,97,97,97,97,97,103,103,103,103,103,103,103,103,103,108,108,108],"card_choices":[{"not_picked":["Ghostly Armor","Perfected Strike"],"picked":"Pommel Strike","floor":1},{"not_picked":["Thunderclap","Bloodletting"],"picked":"Pommel Strike","floor":5},{"not_picked":["Sword Boomerang","Reckless Charge"],"picked":"Evolve","floor":8},{"not_picked":["Wild Strike","Twin Strike"],"picked":"Sever Soul","floor":10},{"not_picked":["Wild Strike","Thunderclap"],"picked":"Inflame","floor":12},{"not_picked":["Flex","Power Through"],"picked":"Flame Barrier","floor":13},{"not_picked":["Wild Strike","Intimidate"],"picked":"Warcry","floor":14},{"not_picked":["Juggernaut","Brutality"],"picked":"Offering","floor":16},{"not_picked":["Twin Strike","Wild Strike"],"picked":"Warcry","floor":18},{"not_picked":["Power Through+1","Iron Wave+1"],"picked":"True Grit","floor":27},{"not_picked":["Flex","Clothesline+1"],"picked":"Seeing Red","floor":29},{"not_picked":["Fiend Fire","Brutality"],"picked":"Limit Break","floor":33},{"not_picked":["Wild Strike+1","Blood for Blood+1"],"picked":"Fire Breathing+1","floor":35},{"not_picked":["Enlightenment","PanicButton"],"picked":"Transmutation","floor":36},{"not_picked":["Carnage","Battle Trance+1"],"picked":"Intimidate+1","floor":38}],"player_experience":23803,"relics_obtained":[{"floor":8,"key":"Pocketwatch"},{"floor":9,"key":"Sundial"},{"floor":12,"key":"Potion Belt"},{"floor":26,"key":"Shuriken"}],"event_choices":[{"damage_healed":0,"gold_gain":0,"player_choice":"Grow","damage_taken":0,"max_hp_gain":0,"max_hp_loss":0,"event_name":"Living Wall","floor":3,"gold_loss":0,"cards_upgraded":["Barricade"]},{"damage_healed":0,"gold_gain":175,"player_choice":"AGREE","damage_taken":0,"max_hp_gain":0,"max_hp_loss":0,"event_name":"Liars Game","floor":4,"gold_loss":0,"cards_obtained":["Doubt"]},{"cards_removed":["Barricade"],"damage_healed":24,"gold_gain":0,"player_choice":"Offered Rare","damage_taken":0,"max_hp_gain":10,"max_hp_loss":0,"event_name":"Bonfire Elementals","floor":11,"gold_loss":0},{"damage_healed":0,"gold_gain":0,"player_choice":"Opened","damage_taken":0,"relics_obtained":["Strawberry"],"max_hp_gain":0,"max_hp_loss":0,"event_name":"The Mausoleum","floor":19,"gold_loss":0,"cards_obtained":["Writhe"]},{"damage_healed":0,"gold_gain":0,"player_choice":"Paid Fearfully","damage_taken":0,"max_hp_gain":0,"max_hp_loss":0,"event_name":"Masked Bandits","floor":20,"gold_loss":136},{"damage_healed":0,"gold_gain":99,"player_choice":"Stole From Cult","damage_taken":0,"max_hp_gain":0,"max_hp_loss":0,"event_name":"Nest","floor":21,"gold_loss":0},{"damage_healed":0,"gold_gain":0,"cards_transformed":["Doubt","Writhe"],"player_choice":"Became Test Subject","damage_taken":0,"max_hp_gain":0,"max_hp_loss":0,"event_name":"Drug Dealer","floor":24,"gold_loss":0,"cards_obtained":["Writhe","Doubt"]},{"damage_healed":0,"gold_gain":0,"player_choice":"Stole Relic","damage_taken":0,"relics_obtained":["Darkstone Periapt"],"max_hp_gain":0,"max_hp_loss":0,"event_name":"Addict","floor":28,"gold_loss":0,"cards_obtained":["Shame"]},{"damage_healed":0,"gold_gain":0,"player_choice":"Memory 1","damage_taken":0,"max_hp_gain":0,"max_hp_loss":0,"event_name":"SensoryStone","floor":36,"gold_loss":0},{"damage_healed":0,"gold_gain":0,"player_choice":"Got Potions","damage_taken":0,"max_hp_gain":0,"max_hp_loss":0,"event_name":"Lab","floor":37,"gold_loss":0}],"is_beta":false,"boss_relics":[{"not_picked":["Empty Cage","Philosopher\u0027s Stone"],"picked":"Eternal Feather"},{"not_picked":["Velvet Choker","Cursed Key"],"picked":"Black Blood"}],"items_purged_floors":[],"is_endless":false,"potions_floor_spawned":[1,8,10,14,33],"killed_by":"Writhing Mass","ascension_level":0}