{"gold_per_floor":[359,369,334,509,524,555,555,572,626,655,655,670,670,670,670,774,774,794,254,254,31,31,31,46,62,62,62,62,62,75,26,26,121,121,140,1139,734,734,734],"floor_reached":39,"playtime":1706,"items_purged":["Doubt","Normality"],"score":410,"play_id":"df95e390-4978-4059-9678-394bb50a96dc","local_time":"20190714123122","is_ascension_mode":false,"campfire_choices":[{"floor":7,"key":"REST"},{"floor":11,"key":"REST"},{"data":"Inflame","floor":13,"key":"SMITH"},{"floor":15,"key":"REST"},{"floor":27,"key":"REST"},{"data":"Spot Weakness","floor":29,"key":"SMITH"},{"floor":32,"key":"REST"}],"neow_cost":"PERCENT_DAMAGE","seed_source_timestamp":324621272473200,"circlet_count":0,"master_deck":["Strike_R+1","Strike_R+1","Strike_R+1","Strike_R+1","Strike_R+1","Defend_R+1","Defend_R+1","Defend_R+1","Defend_R+1","Bash","Pommel Strike","Perfected Strike","Dropkick","Heavy Blade","Inflame+1","Heavy Blade+1","Impervious","Infernal Blade","Inflame","Enlightenment","Spot Weakness+1","Armaments","Double Tap","Twin Strike+1"],"relics":["Black Blood","Meat on the Bone","Red Skull","Omamori","Ginger","Nilry\u0027s Codex","Vajra","WingedGreaves","Darkstone Periapt"],"potions_floor_usage":[10,16,33,33,33,39],"damage_taken":[{"damage":0,"enemies":"2 Louse","floor":1,"turns":3},{"damage":1,"enemies":"Jaw Worm","floor":2,"turns":5},{"damage":2,"enemies":"Small Slimes","floor":5,"turns":4},{"damage":31,"enemies":"Lagavulin","floor":6,"turns":5},{"damage":9,"enemies":"Blue Slaver","floor":8,"turns":3},{"damage":20,"enemies":"Gremlin Nob","floor":10,"turns":4},{"damage":12,"enemies":"3 Louse","floor":12,"turns":4},{"damage":49,"enemies":"The Guardian","floor":16,"turns":11},{"damage":19,"enemies":"Spheric Guardian","floor":18,"turns":4},{"damage":22,"enemies":"2 Thieves","floor":24,"turns":3},{"damage":34,"enemies":"Snake Plant","floor":25,"turns":3},{"damage":30,"enemies":"Shelled Parasite and Fungi","floor":30,"turns":5},{"damage":41,"enemies":"Champ","floor":33,"turns":6},{"damage":33,"enemies":"3 Shapes","floor":35,"turns":5},{"damage":59,"enemies":"3 Darklings","floor":39,"turns":3}],"seed_played":"2051998861301232587","potions_obtained":[{"floor":6,"key":"EssenceOfSteel"},{"floor":10,"key":"Block Potion"},{"floor":18,"key":"Swift Potion"},{"floor":24,"key":"SneckoOil"},{"floor":30,"key":"Energy Potion"}],"is_trial":false,"path_per_floor":["M","M","?","?","M","E","R","M","T","E","R","M","R","?","R","B",null,"M","$","?","$","?","?","M","M","T","R","?","R","M","$","R","B",null,"M","?","$","?","M"],"character_chosen":"IRONCLAD","items_purchased":["Ginger","Inflame","Enlightenment","Vajra","Spot Weakness","SteroidPotion","Energy Potion","Darkstone Periapt"],"campfire_rested":5,"item_purchase_floors":[19,19,19,21,21,31,37,37],"current_hp_per_floor":[62,67,80,80,80,55,79,76,76,62,80,74,74,58,80,49,80,71,71,55,55,55,55,55,43,43,67,67,67,59,59,80,61,80,57,57,57,57,0],"gold":734,"neow_bonus":"TWO_FIFTY_GOLD","is_prod":false,"is_daily":false,"chose_seed":false,"campfire_upgraded":2,"win_rate":0,"timestamp":1563125482,"path_taken":["M","M","?","?","M","E","R","M","T","E","R","M","R","?","R","BOSS","M","$","?","$","?","?","?","M","T","R","?","R","?","$","R","BOSS","M","?","$","?","?"],"build_version":"2019-07-05","purchased_purges":2,"victory":false,"max_hp_per_floor":[80,80,80,80,80,80,80,80,80,80,80,80,80,80,80,80,80,80,80,80,80,80,80,80,80,80,80,80,80,80,80,80,80,80,80,80,80,80,80],"card_choices":[{"not_picked":["Iron Wave","Shrug It Off"],"picked":"Pommel Strike","floor":1},{"not_picked":["Body Slam","True Grit"],"picked":"Perfected Strike","floor":2},{"not_picked":["Body Slam","Evolve"],"picked":"Dropkick","floor":5},{"not_picked":["Metallicize","Anger"],"picked":"Heavy Blade","floor":6},{"not_picked":["Perfected Strike","Sword Boomerang"],"picked":"Inflame","floor":8},{"not_picked":["Wild Strike","Battle Trance","Carnage"],"picked":"SKIP","floor":10},{"not_picked":["Clothesline","Iron Wave"],"picked":"Heavy Blade","floor":12},{"not_picked":["Berserk","Fiend Fire"],"picked":"Impervious","floor":16},{"not_picked":["Clothesline+1","Carnage"],"picked":"Infernal Blade","floor":18},{"not_picked":["Clash","Iron Wave","Body Slam"],"picked":"SKIP","floor":24},{"not_picked":["Cleave+1","True Grit","Havoc"],"picked":"SKIP","floor":25},{"not_picked":["Clothesline","Flex"],"picked":"Armaments","floor":30},{"not_picked":["Impervious","Offering"],"picked":"Double Tap","floor":33},{"not_picked":["Body Slam","Anger+1"],"picked":"Twin Strike+1","floor":35}],"player_experience":32119,"relics_obtained":[{"floor":6,"key":"Meat on the Bone"},{"floor":9,"key":"Red Skull"},{"floor":10,"key":"Omamori"},{"floor":20,"key":"Nilry\u0027s Codex"},{"floor":26,"key":"WingedGreaves"}],"event_choices":[{"damage_healed":20,"gold_gain":0,"player_choice":"Healed","damage_taken":0,"max_hp_gain":0,"max_hp_loss":0,"event_name":"The Cleric","floor":3,"gold_loss":35},{"damage_healed":0,"gold_gain":175,"player_choice":"AGREE","damage_taken":0,"max_hp_gain":0,"max_hp_loss":0,"event_name":"Liars Game","floor":4,"gold_loss":0,"cards_obtained":["Doubt"]},{"damage_healed":0,"gold_gain":0,"player_choice":"Entered Light","damage_taken":16,"max_hp_gain":0,"max_hp_loss":0,"event_name":"Shining Light","floor":14,"gold_loss":0,"cards_upgraded":["Defend_R","Heavy Blade"]},{"damage_healed":0,"gold_gain":0,"player_choice":"Obtained Book","damage_taken":16,"max_hp_gain":0,"max_hp_loss":0,"event_name":"Cursed Tome","floor":20,"gold_loss":0},{"damage_healed":0,"gold_gain":0,"player_choice":"Smashed Altar","damage_taken":0,"max_hp_gain":0,"max_hp_loss":0,"event_name":"Forgotten Altar","floor":22,"gold_loss":0,"cards_obtained":["Decay"]},{"damage_healed":0,"gold_gain":0,"player_choice":"Simplicity","damage_taken":0,"max_hp_gain":0,"max_hp_loss":0,"event_name":"Back to Basics","floor":23,"gold_loss":0,"cards_upgraded":["Strike_R","Strike_R","Strike_R","Strike_R","Strike_R","Defend_R","Defend_R","Defend_R"]},{"damage_healed":0,"gold_gain":0,"player_choice":"Ignored","damage_taken":0,"max_hp_gain":0,"max_hp_loss":0,"event_name":"NoteForYourself","floor":28,"gold_loss":0},{"damage_healed":0,"gold_gain":999,"player_choice":"Gold","damage_taken":0,"max_hp_gain":0,"max_hp_loss":0,"event_name":"MindBloom","floor":36,"gold_loss":0,"cards_obtained":["Normality","Normality"]},{"damage_healed":0,"gold_gain":0,"player_choice":"0 cards matched","damage_taken":0,"max_hp_gain":0,"max_hp_loss":0,"event_name":"Match and Keep!","floor":38,"gold_loss":0,"cards_obtained":[]}],"is_beta":false,"boss_relics":[{"not_picked":["Calling Bell","Cursed Key"],"picked":"Black Blood"},{"not_picked":["Philosopher\u0027s Stone","Sozu","Velvet Choker"]}],"items_purged_floors":[19,37],"is_endless":false,"potions_floor_spawned":[6,10,18,24,30],"killed_by":"3 Darklings","ascension_level":0}