{"gold_per_floor":[118,134,153,153,17,17,17,17,41,41],"floor_reached":10,"playtime":950,"items_purged":[],"score":56,"play_id":"b2fadb11-6d6e-47d4-b77f-195d0a0d1c23","local_time":"20190716164005","is_ascension_mode":false,"campfire_choices":[{"data":"Armaments","floor":6,"key":"SMITH"}],"neow_cost":"NONE","seed_source_timestamp":93296893527705,"circlet_count":0,"master_deck":["Strike_R+1","Strike_R+1","Strike_R","Strike_R","Strike_R","Defend_R","Defend_R","Defend_R","Defend_R","Bash","Inflame","Clothesline","Shockwave","Bandage Up","Armaments+1"],"relics":["Burning Blood","Golden Idol","Ancient Tea Set","Whetstone"],"potions_floor_usage":[],"damage_taken":[{"damage":12,"enemies":"Jaw Worm","floor":1,"turns":5},{"damage":8,"enemies":"Small Slimes","floor":2,"turns":6},{"damage":9,"enemies":"2 Louse","floor":3,"turns":3},{"damage":76,"enemies":"Gremlin Nob","floor":10,"turns":6}],"seed_played":"2964375947173709621","potions_obtained":[{"floor":1,"key":"SpeedPotion"},{"floor":2,"key":"Weak Potion"}],"is_trial":false,"path_per_floor":["M","M","M","?","$","R","?","?","T","E"],"character_chosen":"IRONCLAD","items_purchased":["Bandage Up","Armaments"],"campfire_rested":0,"item_purchase_floors":[5,5],"current_hp_per_floor":[82,80,77,82,82,82,59,59,59,0],"gold":41,"neow_bonus":"TEN_PERCENT_HP_BONUS","is_prod":false,"is_daily":false,"chose_seed":false,"campfire_upgraded":1,"win_rate":0.0,"timestamp":1563313205,"path_taken":["M","M","M","?","$","R","?","?","T","E"],"build_version":"2019-07-05","purchased_purges":0,"victory":false,"max_hp_per_floor":[88,88,88,93,93,93,93,93,93,93],"card_choices":[{"not_picked":["Intimidate","Second Wind"],"picked":"Inflame","floor":1},{"not_picked":["Pommel Strike","Rage"],"picked":"Clothesline","floor":2},{"not_picked":["Bloodletting","Sword Boomerang"],"picked":"Shockwave","floor":3}],"player_experience":1411,"relics_obtained":[{"floor":9,"key":"Whetstone"}],"event_choices":[{"damage_healed":0,"gold_gain":0,"player_choice":"Donut","damage_taken":0,"max_hp_gain":5,"max_hp_loss":0,"event_name":"Big Fish","floor":4,"gold_loss":0},{"damage_healed":0,"gold_gain":0,"player_choice":"Take Damage","damage_taken":23,"relics_obtained":["Golden Idol"],"max_hp_gain":0,"max_hp_loss":0,"event_name":"Golden Idol","floor":7,"gold_loss":0},{"damage_healed":0,"gold_gain":0,"player_choice":"Gave Potion","damage_taken":0,"relics_obtained":["Ancient Tea Set"],"max_hp_gain":0,"max_hp_loss":0,"event_name":"WeMeetAgain","floor":8,"gold_loss":0}],"is_beta":false,"boss_relics":[],"items_purged_floors":[],"is_endless":false,"potions_floor_spawned":[1,2],"killed_by":"Gremlin Nob","ascension_level":0}