{"gold_per_floor":[117,117,117,136,152,180,200,200,200,200,200,220,240,252,252,353,353,370,382,382,482,494,514,514],"floor_reached":24,"playtime":1419,"items_purged":[],"score":202,"play_id":"c4705c28-8499-4b2a-a20f-846f6f1ed5ac","local_time":"20190709094132","is_ascension_mode":false,"campfire_choices":[{"floor":8,"key":"REST"},{"data":"Barricade","floor":10,"key":"SMITH"},{"data":"Shrug It Off","floor":15,"key":"SMITH"}],"neow_cost":"NONE","seed_source_timestamp":224824927008700,"circlet_count":0,"master_deck":["Strike_R","Strike_R","Strike_R","Strike_R","Defend_R","Defend_R","Defend_R","Defend_R","Bash","Dramatic Entrance","Barricade+1","Shrug It Off","Perfected Strike","Combust+1","Battle Trance","Pommel Strike","Juggernaut+1","Shrug It Off+1","Demon Form+1","Thunderclap","Intimidate+1","Writhe","Pommel Strike+1","Combust+1"],"relics":["Burning Blood","Frozen Egg 2","Sundial","Ornamental Fan","Velvet Choker","Happy Flower"],"potions_floor_usage":[23,23,24],"damage_taken":[{"damage":9,"enemies":"2 Louse","floor":1,"turns":3},{"damage":15,"enemies":"Jaw Worm","floor":4,"turns":6},{"damage":6,"enemies":"Cultist","floor":5,"turns":3},{"damage":30,"enemies":"Lagavulin","floor":6,"turns":9},{"damage":2,"enemies":"3 Louse","floor":7,"turns":2},{"damage":1,"enemies":"Gremlin Gang","floor":12,"turns":3},{"damage":16,"enemies":"Exordium Wildlife","floor":13,"turns":3},{"damage":3,"enemies":"Large Slime","floor":14,"turns":5},{"damage":19,"enemies":"Slime Boss","floor":16,"turns":9},{"damage":13,"enemies":"Spheric Guardian","floor":18,"turns":5},{"damage":37,"enemies":"2 Thieves","floor":19,"turns":4},{"damage":11,"enemies":"Centurion and Healer","floor":22,"turns":5},{"damage":24,"enemies":"Snake Plant","floor":23,"turns":4},{"damage":35,"enemies":"Cultist and Chosen","floor":24,"turns":4}],"seed_played":"-952294189050920227","potions_obtained":[{"floor":6,"key":"Regen Potion"},{"floor":7,"key":"PowerPotion"},{"floor":14,"key":"Weak Potion"},{"floor":16,"key":"Explosive Potion"},{"floor":19,"key":"Block Potion"},{"floor":22,"key":"AttackPotion"}],"is_trial":false,"path_per_floor":["M","?","?","M","M","E","M","R","T","R","?","M","M","M","R","B",null,"M","M","?","?","M","M","M"],"character_chosen":"IRONCLAD","items_purchased":[],"campfire_rested":1,"item_purchase_floors":[],"current_hp_per_floor":[77,77,77,68,68,44,48,72,72,72,72,77,67,70,70,57,80,73,42,42,42,37,19,0],"gold":514,"neow_bonus":"RANDOM_COLORLESS","is_prod":false,"is_daily":false,"chose_seed":false,"campfire_upgraded":2,"win_rate":0.0,"timestamp":1562683292,"path_taken":["M","?","?","?","M","E","M","R","T","R","?","M","M","?","R","BOSS","M","M","?","?","?","M","M"],"build_version":"2019-07-05","purchased_purges":0,"victory":false,"max_hp_per_floor":[80,80,80,80,80,80,80,80,80,80,80,80,80,80,80,80,80,80,80,80,80,80,80,80],"card_choices":[{"not_picked":["Heavy Blade","Iron Wave"],"picked":"Anger","floor":1},{"not_picked":["Sword Boomerang","Flex"],"picked":"Shrug It Off","floor":4},{"not_picked":["Inflame+1","Body Slam"],"picked":"Perfected Strike","floor":5},{"not_picked":["Clothesline","Warcry"],"picked":"Combust+1","floor":6},{"not_picked":["Second Wind","Shrug It Off"],"picked":"Battle Trance","floor":7},{"not_picked":["Cleave","Sever Soul"],"picked":"Pommel Strike","floor":12},{"not_picked":["Perfected Strike","Searing Blow"],"picked":"Juggernaut+1","floor":13},{"not_picked":["Anger","Burning Pact"],"picked":"Shrug It Off","floor":14},{"not_picked":["Feed","Limit Break"],"picked":"Demon Form+1","floor":16},{"not_picked":["Inflame+1","Anger"],"picked":"Thunderclap","floor":18},{"not_picked":["Heavy Blade","Perfected Strike"],"picked":"Intimidate+1","floor":19},{"not_picked":["Warcry","Sword Boomerang"],"picked":"Pommel Strike+1","floor":22},{"not_picked":["Pummel","Thunderclap"],"picked":"Combust+1","floor":23}],"player_experience":10051,"relics_obtained":[{"floor":6,"key":"Sundial"},{"floor":9,"key":"Ornamental Fan"}],"event_choices":[{"damage_healed":0,"gold_gain":0,"cards_transformed":["Strike_R"],"player_choice":"Change","damage_taken":0,"max_hp_gain":0,"max_hp_loss":0,"event_name":"Living Wall","floor":2,"gold_loss":0,"cards_obtained":["Barricade"]},{"cards_removed":["Anger"],"damage_healed":0,"gold_gain":0,"player_choice":"Gave Card","damage_taken":0,"relics_obtained":["Frozen Egg 2"],"max_hp_gain":0,"max_hp_loss":0,"event_name":"WeMeetAgain","floor":3,"gold_loss":0},{"cards_removed":["Strike_R"],"damage_healed":0,"gold_gain":0,"player_choice":"Took Card","damage_taken":0,"max_hp_gain":0,"max_hp_loss":0,"event_name":"NoteForYourself","floor":11,"gold_loss":0,"cards_obtained":["Strike_R"]},{"damage_healed":0,"gold_gain":0,"player_choice":"Opened","damage_taken":0,"relics_obtained":["Happy Flower"],"max_hp_gain":0,"max_hp_loss":0,"event_name":"The Mausoleum","floor":20,"gold_loss":0,"cards_obtained":["Writhe"]},{"damage_healed":0,"gold_gain":100,"player_choice":"Pray","damage_taken":0,"max_hp_gain":0,"max_hp_loss":0,"event_name":"Golden Shrine","floor":21,"gold_loss":0}],"is_beta":false,"boss_relics":[{"not_picked":["Mark of Pain","Sozu"],"picked":"Velvet Choker"}],"items_purged_floors":[],"is_endless":false,"potions_floor_spawned":[6,7,14,16,19,22],"killed_by":"Cultist and Chosen","ascension_level":0}