{"gold_per_floor":[116,116,126,126,144,144,162,162,239,268,268,11,21,21,21,125,125,136,51,51,150,163,163,163,87,87,0,25,25,56,72,72,169,169,197,209,32,43,43,43,71,71,97,113,213,213,88,105,105,105],"floor_reached":50,"playtime":12565,"items_purged":["Defend_G","Pain","Defend_G"],"score":554,"play_id":"3984e730-83ed-4801-a7a8-b5cee39fdf82","local_time":"20190715221713","is_ascension_mode":false,"campfire_choices":[{"floor":6,"key":"RECALL"},{"data":"Venomology","floor":11,"key":"SMITH"},{"data":"Adrenaline","floor":15,"key":"SMITH"},{"data":"Finisher","floor":23,"key":"SMITH"},{"data":"Outmaneuver","floor":29,"key":"SMITH"},{"floor":32,"key":"REST"},{"floor":40,"key":"REST"},{"data":"Burst","floor":42,"key":"SMITH"},{"data":"Footwork","floor":46,"key":"SMITH"},{"data":"After Image","floor":49,"key":"SMITH"}],"neow_cost":"NONE","seed_source_timestamp":495128853176300,"circlet_count":0,"master_deck":["Strike_G","Strike_G","Strike_G","Strike_G","Strike_G","Defend_G","Survivor","Neutralize","Masterful Stab","Cloak And Dagger+1","Backflip+1","Malaise","Finisher+1","Venomology+1","Adrenaline+1","Well Laid Plans","A Thousand Cuts","Blade Dance","A Thousand Cuts","Outmaneuver+1","Storm of Steel","Blade Dance","Cloak And Dagger+1","Infinite Blades","Calculated Gamble+1","Footwork+1","After Image+1","Shame","Writhe","Madness","Madness","Madness","Burst+1"],"relics":["Ring of the Snake","Paper Crane","Bag of Preparation","Orrery","Happy Flower","MutagenicStrength","Du-Vu Doll","War Paint","Strawberry","Calling Bell","MawBank","Ninja Scroll","Thread and Needle","Snake Skull","Bronze Scales","Calipers"],"potions_floor_usage":[10,16,16,16,22,28,28,30,31,31,33,35,35,38,41,41,44,45,45,48,50,50,50,50],"damage_taken":[{"damage":0,"enemies":"Small Slimes","floor":1,"turns":3},{"damage":0,"enemies":"Cultist","floor":3,"turns":3},{"damage":0,"enemies":"Jaw Worm","floor":5,"turns":3},{"damage":0,"enemies":"Exordium Thugs","floor":7,"turns":5},{"damage":11,"enemies":"Lagavulin","floor":10,"turns":8},{"damage":0,"enemies":"Blue Slaver","floor":13,"turns":1},{"damage":16,"enemies":"Hexaghost","floor":16,"turns":5},{"damage":14,"enemies":"Shell Parasite","floor":18,"turns":6},{"damage":10,"enemies":"Spheric Guardian","floor":22,"turns":3},{"damage":14,"enemies":"Gremlin Leader","floor":28,"turns":5},{"damage":20,"enemies":"Slavers","floor":30,"turns":3},{"damage":6,"enemies":"Centurion and Healer","floor":31,"turns":3},{"damage":56,"enemies":"Champ","floor":33,"turns":9},{"damage":10,"enemies":"3 Darklings","floor":35,"turns":1},{"damage":8,"enemies":"3 Shapes","floor":38,"turns":8},{"damage":7,"enemies":"Giant Head","floor":41,"turns":7},{"damage":0,"enemies":"Sphere and 2 Shapes","floor":44,"turns":1},{"damage":0,"enemies":"Mind Bloom Boss Battle","floor":45,"turns":6},{"damage":10,"enemies":"Jaw Worm Horde","floor":48,"turns":4},{"damage":55,"enemies":"Time Eater","floor":50,"turns":12}],"seed_played":"778305445240690960","potions_obtained":[{"floor":5,"key":"Energy Potion"},{"floor":7,"key":"Swift Potion"},{"floor":16,"key":"SteroidPotion"},{"floor":22,"key":"Regen Potion"},{"floor":30,"key":"AttackPotion"},{"floor":31,"key":"Explosive Potion"},{"floor":38,"key":"SteroidPotion"},{"floor":41,"key":"GamblersBrew"},{"floor":45,"key":"Poison Potion"}],"is_trial":false,"path_per_floor":["M","?","M","?","M","R","M","?","T","E","R","$","M","T","R","B",null,"M","?","?","?","M","R","?","$","T","?","E","R","E","M","R","B",null,"M","?","$","M","?","R","E","R","T","M","?","R","$","M","R","B"],"character_chosen":"THE_SILENT","items_purchased":["Adrenaline","Well Laid Plans","Infinite Blades","Madness"],"campfire_rested":2,"item_purchase_floors":[12,12,25,37],"current_hp_per_floor":[70,70,70,63,63,63,63,63,63,52,52,52,52,52,52,36,70,56,56,56,56,55,55,55,55,55,55,55,55,51,45,68,12,77,67,57,57,49,49,72,65,65,65,65,65,65,65,55,55,0],"gold":105,"neow_bonus":"TRANSFORM_CARD","is_prod":false,"is_daily":false,"chose_seed":false,"campfire_upgraded":7,"win_rate":0,"timestamp":1563243433,"path_taken":["M","?","?","?","M","R","M","?","T","E","R","$","?","?","R","BOSS","M","?","?","?","M","R","?","?","T","?","E","R","E","M","R","BOSS","M","?","$","M","?","R","E","R","T","M","?","R","$","M","R","BOSS"],"build_version":"2019-07-05","purchased_purges":3,"victory":false,"max_hp_per_floor":[70,70,70,70,70,70,70,70,70,70,70,70,70,70,70,70,70,70,70,70,70,70,70,70,70,70,70,70,70,77,77,77,77,77,77,77,77,77,77,77,77,77,77,77,77,77,77,77,77,77],"card_choices":[{"not_picked":["Dagger Throw","Underhanded Strike"],"picked":"Cloak And Dagger","floor":1},{"not_picked":["Caltrops","Poisoned Stab"],"picked":"Backflip","floor":3},{"not_picked":["Backflip","PiercingWail"],"picked":"Malaise","floor":5},{"not_picked":["Prepared","Endless Agony"],"picked":"Finisher","floor":7},{"not_picked":["Acrobatics","Quick Slash","Underhanded Strike"],"picked":"SKIP","floor":10},{"not_picked":["Eviscerate","Dagger Throw","Poisoned Stab"],"picked":"SKIP","floor":13},{"not_picked":["Corpse Explosion","Phantasmal Killer"],"picked":"A Thousand Cuts","floor":16},{"not_picked":["Deflect","Deadly Poison"],"picked":"Blade Dance","floor":17},{"not_picked":["Dagger Throw","Sucker Punch"],"picked":"A Thousand Cuts","floor":17},{"not_picked":["Slice","Dodge and Roll"],"picked":"Outmaneuver","floor":17},{"not_picked":["Poisoned Stab","Calculated Gamble"],"picked":"Storm of Steel","floor":18},{"not_picked":["Deadly Poison","Bane+1"],"picked":"Cloak And Dagger","floor":22},{"not_picked":["Deflect","Adrenaline"],"picked":"Calculated Gamble+1","floor":28},{"not_picked":["Outmaneuver","Dagger Throw"],"picked":"Footwork","floor":30},{"not_picked":["Dodge and Roll+1","Quick Slash+1","Deadly Poison"],"picked":"SKIP","floor":31},{"not_picked":["Tools of the Trade","Night Terror"],"picked":"After Image","floor":33},{"not_picked":["Sucker Punch","Dagger Spray","Expertise"],"picked":"SKIP","floor":35},{"not_picked":["Dodge and Roll","Cloak And Dagger","Flying Knee+1"],"picked":"SKIP","floor":38},{"not_picked":["Deadly Poison+1","PiercingWail+1"],"picked":"Burst","floor":41},{"not_picked":["Choke","Blur","Caltrops+1"],"picked":"SKIP","floor":44},{"not_picked":["Noxious Fumes","Dagger Spray","Prepared+1"],"picked":"SKIP","floor":48}],"player_experience":174905,"relics_obtained":[{"floor":9,"key":"Paper Crane"},{"floor":10,"key":"Bag of Preparation"},{"floor":26,"key":"Du-Vu Doll"},{"floor":28,"key":"War Paint"},{"floor":30,"key":"Strawberry"},{"floor":34,"key":"MawBank"},{"floor":34,"key":"Ninja Scroll"},{"floor":34,"key":"Thread and Needle"},{"floor":41,"key":"Snake Skull"},{"floor":43,"key":"Bronze Scales"},{"floor":45,"key":"Calipers"}],"event_choices":[{"damage_healed":0,"gold_gain":0,"player_choice":"Upgraded","damage_taken":0,"max_hp_gain":0,"max_hp_loss":0,"event_name":"Upgrade Shrine","floor":2,"gold_loss":0,"cards_upgraded":["Cloak And Dagger"]},{"cards_removed":["Defend_G"],"damage_healed":0,"gold_gain":0,"player_choice":"Card Removal","damage_taken":7,"max_hp_gain":0,"max_hp_loss":0,"event_name":"Golden Wing","floor":4,"gold_loss":0},{"damage_healed":0,"gold_gain":0,"player_choice":"1 cards matched","damage_taken":0,"max_hp_gain":0,"max_hp_loss":0,"event_name":"Match and Keep!","floor":8,"gold_loss":0,"cards_obtained":["Venomology"]},{"damage_healed":0,"gold_gain":0,"player_choice":"Obtained Relic","damage_taken":0,"relics_obtained":["Happy Flower"],"max_hp_gain":0,"max_hp_loss":0,"event_name":"Addict","floor":19,"gold_loss":85},{"damage_healed":0,"gold_gain":0,"player_choice":"Read","damage_taken":0,"max_hp_gain":0,"max_hp_loss":0,"event_name":"The Library","floor":20,"gold_loss":0,"cards_obtained":["Blade Dance"]},{"damage_healed":0,"gold_gain":99,"player_choice":"Stole From Cult","damage_taken":0,"max_hp_gain":0,"max_hp_loss":0,"event_name":"Nest","floor":21,"gold_loss":0},{"damage_healed":0,"gold_gain":0,"player_choice":"Inject Mutagens","damage_taken":0,"relics_obtained":["MutagenicStrength"],"max_hp_gain":0,"max_hp_loss":0,"event_name":"Drug Dealer","floor":24,"gold_loss":0},{"damage_healed":0,"gold_gain":0,"player_choice":"Paid Fearfully","damage_taken":0,"max_hp_gain":0,"max_hp_loss":0,"event_name":"Masked Bandits","floor":27,"gold_loss":87},{"damage_healed":0,"gold_gain":0,"player_choice":"Embrace Madness","damage_taken":10,"max_hp_gain":0,"max_hp_loss":0,"event_name":"Winding Halls","floor":36,"gold_loss":0,"cards_obtained":["Madness","Madness"]},{"damage_healed":0,"gold_gain":0,"player_choice":"Ignored","damage_taken":0,"max_hp_gain":0,"max_hp_loss":0,"event_name":"Tomb of Lord Red Mask","floor":39,"gold_loss":0},{"damage_healed":0,"gold_gain":0,"player_choice":"Fight","damage_taken":0,"max_hp_gain":0,"max_hp_loss":0,"event_name":"MindBloom","floor":45,"gold_loss":0}],"is_beta":false,"boss_relics":[{"not_picked":["Astrolabe","White Beast Statue"],"picked":"Orrery"},{"not_picked":["Velvet Choker","Sozu"],"picked":"Calling Bell"}],"items_purged_floors":[12,37,47],"is_endless":false,"potions_floor_spawned":[5,7,16,22,30,31,38,41,45],"killed_by":"Time Eater","ascension_level":0}