{"gold_per_floor":[118,131,131,105,70,89,107,29,29,52,52,29,42,58,58,182,182,197,197,171,32,32,32,32,51,51,75,0,16,16],"floor_reached":30,"playtime":2025,"items_purged":["Injury"],"score":245,"play_id":"958c17fd-935a-4bd0-942f-32e2376a1059","local_time":"20190709110144","is_ascension_mode":false,"campfire_choices":[{"floor":15,"key":"REST"},{"data":"Barricade","floor":23,"key":"SMITH"}],"neow_cost":"NONE","seed_source_timestamp":229032347317300,"circlet_count":0,"master_deck":["Strike_R","Strike_R","Strike_R","Strike_R","Strike_R","Defend_R","Defend_R","Defend_R","Defend_R","Bash","Barricade+1","Thunderclap","Armaments","Heavy Blade","Clash","Iron Wave","Shrug It Off","Seeing Red","Second Wind","Limit Break","Metallicize","Seeing Red","Writhe","Offering","Thunderclap","Feel No Pain","Blood for Blood","Ghostly","Ghostly","Ghostly","Ghostly","Ghostly","Flame Barrier","Anger"],"relics":["Burning Blood","Peace Pipe","Self Forming Clay","Blood Vial","Golden Idol","Black Star","Champion Belt","Strawberry"],"potions_floor_usage":[16,16,18],"damage_taken":[{"damage":15,"enemies":"Cultist","floor":1,"turns":4},{"damage":8,"enemies":"Small Slimes","floor":2,"turns":3},{"damage":7,"enemies":"Jaw Worm","floor":6,"turns":7},{"damage":32,"enemies":"2 Fungi Beasts","floor":7,"turns":5},{"damage":20,"enemies":"Large Slime","floor":13,"turns":5},{"damage":5,"enemies":"3 Louse","floor":14,"turns":5},{"damage":42,"enemies":"The Guardian","floor":16,"turns":8},{"damage":33,"enemies":"Spheric Guardian","floor":18,"turns":8},{"damage":22,"enemies":"2 Thieves","floor":20,"turns":5},{"damage":19,"enemies":"Shelled Parasite and Fungi","floor":25,"turns":14},{"damage":7,"enemies":"Snake Plant","floor":29,"turns":11},{"damage":61,"enemies":"Cultist and Chosen","floor":30,"turns":10}],"seed_played":"-6229569224984139774","potions_obtained":[{"floor":2,"key":"PowerPotion"},{"floor":7,"key":"GamblersBrew"},{"floor":20,"key":"Swift Potion"},{"floor":25,"key":"Fire Potion"}],"is_trial":false,"path_per_floor":["M","M","?","?","?","M","M","$","T","T","?","$","M","M","R","B",null,"M","?","M","$","$","R","?","M","T","T","$","M","M"],"character_chosen":"IRONCLAD","items_purchased":["Iron Wave","Fire Potion","Shrug It Off","Feel No Pain","Blood for Blood"],"campfire_rested":1,"item_purchase_floors":[8,8,12,21,21],"current_hp_per_floor":[71,69,66,66,80,79,53,53,53,53,53,53,41,44,68,34,80,53,53,39,39,39,39,39,27,27,34,34,35,0],"gold":16,"neow_bonus":"ONE_RANDOM_RARE_CARD","is_prod":false,"is_daily":false,"chose_seed":false,"campfire_upgraded":1,"win_rate":0.0,"timestamp":1562688104,"path_taken":["M","?","?","?","?","M","M","$","T","?","?","?","M","M","R","BOSS","M","?","?","?","$","R","?","M","T","?","$","M","M"],"build_version":"2019-07-05","purchased_purges":1,"victory":false,"max_hp_per_floor":[80,80,80,80,80,80,80,80,80,80,80,80,80,80,80,80,80,80,80,80,80,80,80,40,40,40,47,47,47,47],"card_choices":[{"not_picked":["Burning Pact","Iron Wave"],"picked":"Thunderclap","floor":1},{"not_picked":["Thunderclap","Iron Wave"],"picked":"Armaments","floor":2},{"not_picked":["Reckless Charge","Shrug It Off"],"picked":"Heavy Blade","floor":6},{"not_picked":["Rampage","Clothesline"],"picked":"Clash","floor":7},{"not_picked":["Pummel","Perfected Strike"],"picked":"Seeing Red","floor":13},{"not_picked":["Twin Strike","Whirlwind"],"picked":"Second Wind","floor":14},{"not_picked":["Dark Embrace","Brutality"],"picked":"Limit Break","floor":16},{"not_picked":["Sever Soul+1","Iron Wave"],"picked":"Metallicize","floor":18},{"not_picked":["Pommel Strike","Sword Boomerang"],"picked":"Thunderclap","floor":20},{"not_picked":["Warcry","Battle Trance"],"picked":"Flame Barrier","floor":25},{"not_picked":["Shockwave","Clothesline"],"picked":"Anger","floor":29}],"player_experience":13064,"relics_obtained":[{"floor":9,"key":"Self Forming Clay"},{"floor":10,"key":"Blood Vial"},{"floor":26,"key":"Champion Belt"},{"floor":27,"key":"Strawberry"}],"event_choices":[{"damage_healed":0,"gold_gain":0,"player_choice":"Success","damage_taken":3,"relics_obtained":["Peace Pipe"],"max_hp_gain":0,"max_hp_loss":0,"event_name":"Scrap Ooze","floor":3,"gold_loss":0},{"damage_healed":0,"gold_gain":0,"player_choice":"Left Gold","damage_taken":0,"max_hp_gain":0,"max_hp_loss":0,"event_name":"World of Goop","floor":4,"gold_loss":26},{"damage_healed":20,"gold_gain":0,"player_choice":"Healed","damage_taken":0,"max_hp_gain":0,"max_hp_loss":0,"event_name":"The Cleric","floor":5,"gold_loss":35},{"damage_healed":0,"gold_gain":0,"player_choice":"Take Wound","damage_taken":0,"relics_obtained":["Golden Idol"],"max_hp_gain":0,"max_hp_loss":0,"event_name":"Golden Idol","floor":11,"gold_loss":0,"cards_obtained":["Injury"]},{"damage_healed":0,"gold_gain":0,"player_choice":"3 cards matched","damage_taken":0,"max_hp_gain":0,"max_hp_loss":0,"event_name":"Match and Keep!","floor":19,"gold_loss":0,"cards_obtained":["Seeing Red","Writhe","Offering"]},{"damage_healed":0,"gold_gain":0,"player_choice":"Became a Ghost","damage_taken":0,"max_hp_gain":0,"max_hp_loss":40,"event_name":"Ghosts","floor":24,"gold_loss":0,"cards_obtained":["Ghostly","Ghostly","Ghostly","Ghostly","Ghostly"]}],"is_beta":false,"boss_relics":[{"not_picked":["Sozu","Snecko Eye"],"picked":"Black Star"}],"items_purged_floors":[28],"is_endless":false,"potions_floor_spawned":[2,7,20,25],"killed_by":"Cultist and Chosen","ascension_level":0}