{"gold_per_floor":[109,109,127,52,69,69,82,109,109,7,18,18,29,41,41,41],"floor_reached":16,"playtime":1338,"items_purged":["Regret"],"score":104,"play_id":"c062708d-77fe-4096-8cee-f39212f9ae8e","local_time":"20190714151247","is_ascension_mode":false,"campfire_choices":[{"data":"Zap","floor":6,"key":"SMITH"},{"floor":15,"key":"REST"}],"neow_cost":"TEN_PERCENT_HP_LOSS","seed_source_timestamp":394542929636800,"circlet_count":0,"master_deck":["Strike_B","Strike_B","Strike_B","Strike_B","Defend_B+1","Defend_B+1","Defend_B","Defend_B","Zap+1","Dualcast","Gash","Beam Cell","Beam Cell","Steam Power","Gash","Compile Driver","Go for the Eyes","Skim+1"],"relics":["Cracked Core","Thread and Needle","War Paint","Toxic Egg 2","Ancient Tea Set","Shuriken"],"potions_floor_usage":[16,16,16],"damage_taken":[{"damage":0,"enemies":"2 Louse","floor":1,"turns":2},{"damage":2,"enemies":"Small Slimes","floor":3,"turns":3},{"damage":0,"enemies":"Cultist","floor":5,"turns":2},{"damage":1,"enemies":"Looter","floor":7,"turns":3},{"damage":26,"enemies":"Gremlin Nob","floor":8,"turns":4},{"damage":0,"enemies":"3 Louse","floor":11,"turns":3},{"damage":0,"enemies":"Blue Slaver","floor":13,"turns":3},{"damage":4,"enemies":"Lots of Slimes","floor":14,"turns":3},{"damage":32,"enemies":"The Guardian","floor":16,"turns":7}],"seed_played":"-7376048715313072795","potions_obtained":[{"floor":3,"key":"EssenceOfSteel"},{"floor":7,"key":"LiquidBronze"},{"floor":11,"key":"FocusPotion"},{"floor":14,"key":"Swift Potion"}],"is_trial":false,"path_per_floor":["M","?","M","$","M","R","M","E","T","$","M","?","M","M","R","B"],"character_chosen":"DEFECT","items_purchased":["Gash","Compile Driver"],"campfire_rested":1,"item_purchase_floors":[10,10],"current_hp_per_floor":[68,68,66,66,66,66,65,39,39,39,39,14,14,10,30,0],"gold":41,"neow_bonus":"ONE_RARE_RELIC","is_prod":false,"is_daily":false,"chose_seed":false,"campfire_upgraded":1,"win_rate":0.0,"timestamp":1563131567,"path_taken":["M","?","M","$","M","R","M","E","T","$","M","?","M","M","R","BOSS"],"build_version":"2019-07-05","purchased_purges":1,"victory":false,"max_hp_per_floor":[68,68,68,68,68,68,68,68,68,68,68,68,68,68,68,68],"card_choices":[{"not_picked":["Rebound","Recycle"],"picked":"Gash","floor":1},{"not_picked":["Barrage","Sweeping Beam"],"picked":"Beam Cell","floor":3},{"not_picked":["Ball Lightning","Blizzard"],"picked":"Beam Cell","floor":5},{"not_picked":["Undo","Barrage"],"picked":"Steam Power","floor":7},{"not_picked":["Turbo","Undo","Storm"],"picked":"SKIP","floor":8},{"not_picked":["Doom and Gloom","Ball Lightning","Rebound"],"picked":"SKIP","floor":11},{"not_picked":["Fission+1","Streamline"],"picked":"Go for the Eyes","floor":13},{"not_picked":["Gash","Stack+1"],"picked":"Skim+1","floor":14}],"player_experience":146131,"relics_obtained":[{"floor":8,"key":"Toxic Egg 2"},{"floor":9,"key":"Ancient Tea Set"}],"event_choices":[{"damage_healed":0,"gold_gain":0,"player_choice":"Box","damage_taken":0,"relics_obtained":["War Paint"],"max_hp_gain":0,"max_hp_loss":0,"event_name":"Big Fish","floor":2,"gold_loss":0,"cards_obtained":["Regret"]},{"damage_healed":0,"gold_gain":0,"player_choice":"Success","damage_taken":25,"relics_obtained":["Shuriken"],"max_hp_gain":0,"max_hp_loss":0,"event_name":"Scrap Ooze","floor":12,"gold_loss":0}],"is_beta":false,"boss_relics":[],"items_purged_floors":[4],"is_endless":false,"potions_floor_spawned":[3,7,11,14],"killed_by":"The Guardian","ascension_level":0}