{"gold_per_floor":[114,64,77,77,89,89,107,107,156,156,174,239,257,277,277,382,382,402,402,501,512,522,553,578,503,503,515,63,80,98,98,98,200,200,216,216,230,230,230,230,230],"floor_reached":41,"playtime":3062,"items_purged":["Defend_R","Defend_R"],"score":450,"play_id":"b56db3c0-9ce8-4fdb-86c8-84c734d1a502","local_time":"20190711193659","is_ascension_mode":true,"campfire_choices":[{"data":"Pommel Strike","floor":6,"key":"SMITH"},{"data":"Anger","floor":8,"key":"SMITH"},{"data":"Strike_R","floor":10,"key":"SMITH"},{"data":"Perfected Strike","floor":15,"key":"SMITH"},{"data":"Perfected Strike","floor":32,"key":"SMITH"},{"data":"Double Tap","floor":40,"key":"SMITH"}],"neow_cost":"NONE","seed_source_timestamp":149469692232300,"circlet_count":0,"master_deck":["Strike_R+1","Strike_R","Strike_R","Strike_R","Strike_R","Defend_R","Defend_R","Pommel Strike+1","Anger+1","Infernal Blade","Perfected Strike+1","Double Tap+1","Dual Wield","Perfected Strike+1","Pommel Strike","Perfected Strike+1","Flash of Steel","Pommel Strike","Writhe","Dual Wield","Madness","Madness","Perfected Strike+1"],"relics":["Burning Blood","NeowsBlessing","Boot","Orichalcum","Philosopher\u0027s Stone","Shuriken","PreservedInsect","Mercury Hourglass","Lee\u0027s Waffle","Juzu Bracelet","Mark of Pain"],"potions_floor_usage":[33,33,33],"damage_taken":[{"damage":0,"enemies":"Jaw Worm","floor":1,"turns":1},{"damage":0,"enemies":"Cultist","floor":3,"turns":1},{"damage":0,"enemies":"2 Louse","floor":5,"turns":1},{"damage":11,"enemies":"2 Fungi Beasts","floor":7,"turns":4},{"damage":4,"enemies":"Blue Slaver","floor":11,"turns":3},{"damage":44,"enemies":"3 Sentries","floor":12,"turns":8},{"damage":6,"enemies":"Exordium Wildlife","floor":13,"turns":3},{"damage":0,"enemies":"3 Louse","floor":14,"turns":3},{"damage":18,"enemies":"Hexaghost","floor":16,"turns":7},{"damage":6,"enemies":"Spheric Guardian","floor":18,"turns":3},{"damage":13,"enemies":"Shell Parasite","floor":21,"turns":3},{"damage":17,"enemies":"Cultist and Chosen","floor":22,"turns":5},{"damage":45,"enemies":"Gremlin Leader","floor":23,"turns":5},{"damage":3,"enemies":"Snecko","floor":27,"turns":3},{"damage":7,"enemies":"Centurion and Healer","floor":29,"turns":3},{"damage":0,"enemies":"Snake Plant","floor":30,"turns":2},{"damage":43,"enemies":"Champ","floor":33,"turns":7},{"damage":6,"enemies":"Orb Walker","floor":35,"turns":2},{"damage":29,"enemies":"3 Darklings","floor":37,"turns":3},{"damage":56,"enemies":"Nemesis","floor":41,"turns":2}],"seed_played":"-5570872804887646582","potions_obtained":[{"floor":5,"key":"Ancient Potion"},{"floor":7,"key":"SpeedPotion"},{"floor":12,"key":"EssenceOfSteel"},{"floor":16,"key":"EssenceOfSteel"},{"floor":18,"key":"EssenceOfSteel"},{"floor":35,"key":"SpeedPotion"}],"is_trial":false,"path_per_floor":["M","?","M","?","M","R","M","R","T","R","M","?","M","M","R","B",null,"M","?","?","M","M","E","T","$","T","M","$","M","M","?","R","B",null,"M","?","M","?","?","R","E"],"character_chosen":"IRONCLAD","items_purchased":["Perfected Strike","Lee\u0027s Waffle","Flash of Steel"],"campfire_rested":0,"item_purchase_floors":[28,28,28],"current_hp_per_floor":[80,80,80,80,80,80,75,75,75,75,77,39,39,45,45,33,80,80,80,80,73,62,23,23,23,23,26,87,86,87,87,87,50,87,87,76,53,53,53,53,0],"gold":230,"neow_bonus":"THREE_ENEMY_KILL","is_prod":false,"is_daily":false,"chose_seed":false,"campfire_upgraded":6,"win_rate":0,"timestamp":1562888219,"path_taken":["M","?","M","?","?","R","M","R","T","R","M","?","M","M","R","BOSS","M","?","?","M","M","E","?","$","T","M","$","?","M","?","R","BOSS","M","?","M","?","?","R","E"],"build_version":"2019-07-05","purchased_purges":2,"victory":false,"max_hp_per_floor":[80,80,80,80,80,80,80,80,80,80,80,80,80,80,80,80,80,80,80,80,80,80,80,80,80,80,80,87,87,87,87,87,87,87,87,87,87,87,87,87,87],"card_choices":[{"not_picked":["True Grit","Sword Boomerang","Heavy Blade"],"picked":"SKIP","floor":1},{"not_picked":["Headbutt","Reckless Charge","Hemokinesis"],"picked":"SKIP","floor":3},{"not_picked":["Anger","Infernal Blade"],"picked":"Pommel Strike","floor":5},{"not_picked":["Body Slam","Blood for Blood"],"picked":"Anger","floor":7},{"not_picked":["Reckless Charge","Sword Boomerang","Thunderclap"],"picked":"SKIP","floor":11},{"not_picked":["Body Slam","Headbutt"],"picked":"Infernal Blade","floor":12},{"not_picked":["Cleave","Combust"],"picked":"Perfected Strike","floor":13},{"not_picked":["Fiend Fire","Entrench","Warcry"],"picked":"SKIP","floor":14},{"not_picked":["Berserk","Feed"],"picked":"Double Tap","floor":16},{"not_picked":["Headbutt","Rage","Clothesline"],"picked":"SKIP","floor":18},{"not_picked":["Warcry","Burning Pact+1"],"picked":"Dual Wield","floor":21},{"not_picked":["Heavy Blade","Clash"],"picked":"Perfected Strike","floor":22},{"not_picked":["Brutality","Headbutt","Reckless Charge"],"picked":"SKIP","floor":23},{"not_picked":["Heavy Blade","Warcry"],"picked":"Pommel Strike","floor":27},{"not_picked":["Second Wind","Body Slam"],"picked":"Pommel Strike","floor":29},{"not_picked":["Shrug It Off","Flex","Warcry"],"picked":"SKIP","floor":30},{"not_picked":["Second Wind","Dropkick"],"picked":"Dual Wield","floor":35},{"not_picked":["Hemokinesis+1","Clash+1","Thunderclap"],"picked":"SKIP","floor":37}],"player_experience":50367,"relics_obtained":[{"floor":9,"key":"Boot"},{"floor":12,"key":"Orichalcum"},{"floor":23,"key":"Shuriken"},{"floor":24,"key":"PreservedInsect"},{"floor":26,"key":"Mercury Hourglass"}],"event_choices":[{"cards_removed":["Bash"],"damage_healed":0,"gold_gain":0,"player_choice":"Card Removal","damage_taken":0,"max_hp_gain":0,"max_hp_loss":0,"event_name":"The Cleric","floor":2,"gold_loss":50},{"damage_healed":0,"gold_gain":0,"player_choice":"Bought 0 Potions","damage_taken":0,"max_hp_gain":0,"max_hp_loss":0,"event_name":"The Woman in Blue","floor":4,"gold_loss":0},{"damage_healed":0,"gold_gain":0,"player_choice":"Searched \u00272\u0027 times","damage_taken":0,"max_hp_gain":0,"max_hp_loss":0,"event_name":"Dead Adventurer","floor":12,"gold_loss":0},{"damage_healed":0,"gold_gain":0,"player_choice":"Ignored","damage_taken":0,"max_hp_gain":0,"max_hp_loss":0,"event_name":"Vampires","floor":19,"gold_loss":0},{"damage_healed":0,"gold_gain":99,"player_choice":"Stole From Cult","damage_taken":0,"max_hp_gain":0,"max_hp_loss":0,"event_name":"Nest","floor":20,"gold_loss":0},{"damage_healed":0,"gold_gain":0,"player_choice":"Opened","damage_taken":0,"relics_obtained":["Juzu Bracelet"],"max_hp_gain":0,"max_hp_loss":0,"event_name":"The Mausoleum","floor":31,"gold_loss":0,"cards_obtained":["Writhe"]},{"damage_healed":0,"gold_gain":0,"player_choice":"Embrace Madness","damage_taken":11,"max_hp_gain":0,"max_hp_loss":0,"event_name":"Winding Halls","floor":36,"gold_loss":0,"cards_obtained":["Madness","Madness"]},{"damage_healed":0,"gold_gain":0,"player_choice":"Upgraded","damage_taken":0,"max_hp_gain":0,"max_hp_loss":0,"event_name":"Upgrade Shrine","floor":38,"gold_loss":0,"cards_upgraded":["Perfected Strike"]},{"damage_healed":0,"gold_gain":0,"player_choice":"Copied","damage_taken":0,"max_hp_gain":0,"max_hp_loss":0,"event_name":"Duplicator","floor":39,"gold_loss":0,"cards_obtained":["Perfected Strike"]}],"is_beta":false,"boss_relics":[{"not_picked":["Coffee Dripper","Runic Dome"],"picked":"Philosopher\u0027s Stone"},{"not_picked":["Black Blood","Cursed Key"],"picked":"Mark of Pain"}],"items_purged_floors":[25,28],"is_endless":false,"potions_floor_spawned":[5,7,12,16,18,27,30,35],"killed_by":"Nemesis","ascension_level":1}