{"gold_per_floor":[418,428,5,5,21,54,54,81,81,81,96,110,170,277,277,379,379,391,441,456,96,246,246,263,263,263,263,33,33,33,60,60,173,185,211,237,299,376,407,450,462,506,565,577,16,50,100,115,115,115],"floor_reached":51,"playtime":1592,"items_purged":["Injury","Strike_R","Strike_R"],"score":1071,"play_id":"0b71f60a-8462-40ac-b43d-369a7613669f","local_time":"20190214022158","is_ascension_mode":true,"campfire_choices":[{"data":"True Grit","floor":7.0,"key":"SMITH"},{"data":"Body Slam","floor":10.0,"key":"SMITH"},{"data":"Bash","floor":15.0,"key":"SMITH"},{"floor":23.0,"key":"DIG"},{"floor":25.0,"key":"DIG"},{"floor":27.0,"key":"REST"},{"floor":30,"key":"DIG"},{"floor":32,"key":"DIG"},{"floor":41,"key":"DIG"},{"floor":44,"key":"DIG"},{"floor":49,"key":"DIG"}],"neow_cost":"CURSE","seed_source_timestamp":0,"circlet_count":0,"master_deck":["Strike_R","Strike_R","Defend_R+1","Defend_R","Defend_R+1","Bash+1","True Grit+1","Twin Strike","Finesse+1","Shockwave+1","Iron Wave","Body Slam+1","Shrug It Off+1","True Grit+1","Demon Form","Cleave","Heavy Blade","Thunderclap+1","Iron Wave","Barricade","Finesse+1","Sword Boomerang+1","Brutality","Heavy Blade+1","Shrug It Off+1","Juggernaut","Impervious+1","Rupture+1","Metallicize+1"],"special_seed":0,"relics":["Burning Blood","Old Coin","Toxic Egg 2","SsserpentHead","Happy Flower","Sundial","Bag of Marbles","Pantograph","Fusion Hammer","Letter Opener","Shovel","Matryoshka","Girya","The Courier","Vajra","Anchor","PreservedInsect","Question Card","MawBank","Runic Dome","Bottled Lightning","Art of War","Champion Belt","Gremlin Horn","Red Skull","Strawberry","Shuriken","Bag of Preparation","Pocketwatch","Juzu Bracelet","War Paint"],"potions_floor_usage":[33,50,50],"damage_taken":[{"damage":1.0,"enemies":"Cultist","floor":1.0,"turns":3.0},{"damage":4.0,"enemies":"Small Slimes","floor":2.0,"turns":4.0},{"damage":1.0,"enemies":"Jaw Worm","floor":5.0,"turns":3.0},{"damage":28.0,"enemies":"3 Sentries","floor":6.0,"turns":9.0},{"damage":20.0,"enemies":"Gremlin Nob","floor":8.0,"turns":5.0},{"damage":0.0,"enemies":"Blue Slaver","floor":11.0,"turns":3.0},{"damage":0.0,"enemies":"3 Louse","floor":12.0,"turns":5.0},{"damage":6.0,"enemies":"Gremlin Gang","floor":13.0,"turns":5.0},{"damage":18.0,"enemies":"Gremlin Nob","floor":14.0,"turns":4.0},{"damage":12.0,"enemies":"The Guardian","floor":16.0,"turns":12.0},{"damage":16.0,"enemies":"2 Thieves","floor":18.0,"turns":4.0},{"damage":20.0,"enemies":"Spheric Guardian","floor":20.0,"turns":5.0},{"damage":6.0,"enemies":"Colosseum Slavers","floor":22.0,"turns":4.0},{"damage":8.0,"enemies":"Colosseum Nobs","floor":22.0,"turns":4.0},{"damage":13.0,"enemies":"Shelled Parasite and Fungi","floor":24.0,"turns":4.0},{"damage":5,"enemies":"Book of Stabbing","floor":31,"turns":4},{"damage":50,"enemies":"Collector","floor":33,"turns":8},{"damage":11,"enemies":"Orb Walker","floor":35,"turns":3},{"damage":4,"enemies":"3 Darklings","floor":36,"turns":4},{"damage":0,"enemies":"Transient","floor":38,"turns":5},{"damage":3,"enemies":"Jaw Worm Horde","floor":39,"turns":4},{"damage":11,"enemies":"Nemesis","floor":40,"turns":5},{"damage":2,"enemies":"Giant Head","floor":42,"turns":5},{"damage":0,"enemies":"Nemesis","floor":46,"turns":5},{"damage":1,"enemies":"Maw","floor":48,"turns":6},{"damage":52,"enemies":"Awakened One","floor":50,"turns":8}],"seed_played":"4294715918202172190","potions_obtained":[{"floor":2.0,"key":"Block Potion"},{"floor":8.0,"key":"SpeedPotion"},{"floor":14.0,"key":"SpeedPotion"},{"floor":16.0,"key":"Ancient Potion"},{"floor":22.0,"key":"Swift Potion"},{"floor":31,"key":"Strength Potion"},{"floor":33,"key":"FearPotion"},{"floor":36,"key":"Ancient Potion"},{"floor":46,"key":"BloodPotion"}],"is_trial":false,"path_per_floor":["M","M","$","?","M","E","R","E","T","R","M","M","M","?","R","B",null,"M","?","M","$","?","R","M","R","T","R","$","$","R","E","R","B",null,"M","M","?","M","M","E","R","E","T","R","$","E","?","M","R","B",null],"character_chosen":"IRONCLAD","items_purchased":["Toxic Egg 2","Finesse+1","Letter Opener","Barricade","Finesse+1","Shuriken","Bag of Preparation","Pocketwatch"],"campfire_rested":1,"item_purchase_floors":[3,3,21,28,28,45,45,45],"current_hp_per_floor":[80,80,80,80,80,58,58,44,44,44,50,56,56,44,44,63,80,70,70,56,56,54,54,47,47,47,71,71,71,71,72,72,36,80,75,77,77,80,80,75,75,79,79,86,86,87,87,87,87,41],"gold":115,"neow_bonus":"ONE_RARE_RELIC","is_prod":false,"is_daily":false,"chose_seed":false,"campfire_upgraded":3,"win_rate":0,"timestamp":1550107318,"path_taken":["M","?","$","?","M","E","R","E","T","R","M","M","?","?","R","BOSS","M","?","M","$","?","R","M","R","T","R","?","$","R","E","R","BOSS","M","M","?","?","M","E","R","E","T","R","$","E","?","M","R","BOSS"],"build_version":"2019-01-23","purchased_purges":3,"victory":true,"max_hp_per_floor":[80,80,80,80,80,80,80,80,80,80,80,80,80,80,80,80,80,80,80,80,80,80,80,80,80,80,80,80,80,80,80,80,80,80,80,80,80,80,80,80,80,80,80,87,87,87,87,87,87,87],"card_choices":[{"not_picked":["Infernal Blade","Spot Weakness"],"picked":"True Grit","floor":1.0},{"not_picked":["Seeing Red","Anger"],"picked":"Twin Strike","floor":2.0},{"not_picked":["Sword Boomerang","Heavy Blade"],"picked":"Shockwave+1","floor":5.0},{"not_picked":["Wild Strike","Reckless Charge"],"picked":"Iron Wave","floor":6.0},{"not_picked":["Flame Barrier+1","Inflame"],"picked":"Body Slam","floor":8.0},{"not_picked":["Evolve","Headbutt","Heavy Blade"],"picked":"SKIP","floor":11.0},{"not_picked":["Infernal Blade+1","Whirlwind"],"picked":"Shrug It Off+1","floor":12.0},{"not_picked":["Perfected Strike","Burning Pact+1"],"picked":"True Grit+1","floor":13.0},{"not_picked":["Offering+1","Reaper"],"picked":"Demon Form","floor":16.0},{"not_picked":["Shrug It Off+1","Anger"],"picked":"Cleave","floor":18.0},{"not_picked":["Infernal Blade+1","Anger"],"picked":"Heavy Blade","floor":20.0},{"not_picked":["Reckless Charge+1","Cleave"],"picked":"Thunderclap+1","floor":22.0},{"not_picked":["Hemokinesis+1","Wild Strike"],"picked":"Iron Wave","floor":24.0},{"not_picked":["Inflame","Perfected Strike"],"picked":"Sword Boomerang+1","floor":31},{"not_picked":["Exhume+1","Reaper","Double Tap+1"],"picked":"Brutality","floor":33},{"not_picked":["Warcry+1","Clash+1","Clothesline","Thunderclap+1"],"picked":"SKIP","floor":35},{"not_picked":["Iron Wave","Perfected Strike","Warcry+1","Bloodletting+1"],"picked":"SKIP","floor":36},{"not_picked":["Uppercut","Twin Strike+1","Havoc+1"],"picked":"Heavy Blade+1","floor":38},{"not_picked":["Iron Wave+1","Cleave+1","Blood for Blood+1"],"picked":"Shrug It Off+1","floor":39},{"not_picked":["Reaper","Flex+1","Clash"],"picked":"Juggernaut","floor":40},{"not_picked":["Dual Wield+1","Wild Strike+1","Havoc+1"],"picked":"Impervious+1","floor":42},{"not_picked":["True Grit+1","Flex+1","Wild Strike+1"],"picked":"Rupture+1","floor":46},{"not_picked":["Shrug It Off+1","Wild Strike+1","Shockwave+1"],"picked":"Metallicize+1","floor":48}],"player_experience":67602,"relics_obtained":[{"floor":6.0,"key":"Happy Flower"},{"floor":8.0,"key":"Sundial"},{"floor":9.0,"key":"Bag of Marbles"},{"floor":14.0,"key":"Pantograph"},{"floor":22.0,"key":"Shovel"},{"floor":22.0,"key":"Matryoshka"},{"floor":23.0,"key":"Girya"},{"floor":25.0,"key":"The Courier"},{"floor":26.0,"key":"Vajra"},{"floor":26.0,"key":"Anchor"},{"floor":30,"key":"PreservedInsect"},{"floor":31,"key":"Question Card"},{"floor":32,"key":"MawBank"},{"floor":40,"key":"Bottled Lightning"},{"floor":41,"key":"Art of War"},{"floor":42,"key":"Champion Belt"},{"floor":43,"key":"Gremlin Horn"},{"floor":43,"key":"Red Skull"},{"floor":44,"key":"Strawberry"},{"floor":46,"key":"Juzu Bracelet"},{"floor":49,"key":"War Paint"}],"event_choices":[{"damage_healed":0.0,"max_hp_gain":0.0,"max_hp_loss":0.0,"gold_gain":0.0,"event_name":"FaceTrader","player_choice":"Trade","floor":4.0,"gold_loss":0.0,"damage_taken":0.0,"relics_obtained":["SsserpentHead"]},{"damage_healed":0.0,"max_hp_gain":0.0,"max_hp_loss":0.0,"gold_gain":0.0,"event_name":"Dead Adventurer","player_choice":"Searched \u00272\u0027 times","floor":14.0,"gold_loss":0.0,"damage_taken":0.0},{"damage_healed":0.0,"max_hp_gain":0.0,"max_hp_loss":0.0,"gold_gain":0.0,"event_name":"Cursed Tome","player_choice":"Ignored","floor":19.0,"gold_loss":0.0,"damage_taken":0.0},{"damage_healed":0.0,"max_hp_gain":0.0,"max_hp_loss":0.0,"gold_gain":0.0,"event_name":"Colosseum","player_choice":"Fight","floor":22.0,"gold_loss":0.0,"damage_taken":0.0},{"damage_healed":0.0,"max_hp_gain":0.0,"max_hp_loss":0.0,"gold_gain":0.0,"event_name":"Colosseum","player_choice":"Fought Nobs","floor":22.0,"gold_loss":0.0,"damage_taken":0.0},{"cards_removed":["Strike_R"],"damage_healed":0,"gold_gain":0,"player_choice":"Card Removal","damage_taken":0,"max_hp_gain":0,"max_hp_loss":0,"event_name":"Wheel of Change","floor":37,"gold_loss":0},{"cards_removed":["Defend_R"],"damage_healed":0,"gold_gain":0,"player_choice":"Removed Skill","damage_taken":0,"max_hp_gain":0,"max_hp_loss":0,"event_name":"Falling","floor":47,"gold_loss":0}],"is_beta":false,"boss_relics":[{"not_picked":["Busted Crown","Eternal Feather"],"picked":"Fusion Hammer"},{"not_picked":["Pandora\u0027s Box","Black Star"],"picked":"Runic Dome"}],"items_purged_floors":[3,21,28],"is_endless":false,"potions_floor_spawned":[2,8,14,16,22,22,31,33,36,46,48],"ascension_level":4}