{"gold_per_floor":[112,112,37,52,52,78,78,108,108,142,153,165,180,180,180,259,259,272,272,288,288,299,299,326,339,339,364,364,384,384,397,397,468,468,488,507,507,523,523,523,543,543,567,617,646,31,49,75,75,75,75],"floor_reached":52,"playtime":3928,"items_purged":["Strike_G"],"score":1969,"play_id":"46ce0871-d0d4-4aca-bb11-8bbd5d5d567f","local_time":"20190212150627","is_ascension_mode":true,"campfire_choices":[{"data":"Noxious Fumes","floor":7,"key":"SMITH"},{"data":"Deadly Poison","floor":15,"key":"SMITH"},{"data":"Corpse Explosion","floor":23,"key":"SMITH"},{"data":"Bouncing Flask","floor":28,"key":"SMITH"},{"floor":32,"key":"REST"},{"data":"Burst","floor":40,"key":"SMITH"},{"data":"Backflip","floor":42,"key":"SMITH"},{"data":"Footwork","floor":49,"key":"SMITH"}],"neow_cost":"NONE","seed_source_timestamp":2868986806906787,"circlet_count":0,"master_deck":["AscendersBane","Defend_G","Defend_G","Defend_G","Defend_G","Defend_G","Strike_G","Strike_G","Survivor","Neutralize+1","Slice","Noxious Fumes+1","Backflip+1","Bouncing Flask+1","Leg Sweep","PiercingWail","Deadly Poison+1","Endless Agony","Corpse Explosion+1","Ghostly","Ghostly","Ghostly","Escape Plan","Escape Plan","Well Laid Plans+1","Leg Sweep","Burst+1","PiercingWail+1","Adrenaline","Footwork+1"],"relics":["Ring of the Snake","NeowsBlessing","Singing Bowl","The Courier","Bottled Tornado","Strawberry","Eternal Feather","Mango","Art of War","Potion Belt","Letter Opener","Busted Crown","Dream Catcher","Ice Cream","Boot","Cauldron","Centennial Puzzle","Bottled Lightning","Ancient Tea Set"],"potions_floor_usage":[10,10,13,16,27,47,50,51],"damage_taken":[{"damage":0,"enemies":"Cultist","floor":1,"turns":1},{"damage":0,"enemies":"2 Louse","floor":4,"turns":1},{"damage":0,"enemies":"Lagavulin","floor":6,"turns":1},{"damage":42,"enemies":"Gremlin Nob","floor":8,"turns":5},{"damage":3,"enemies":"3 Sentries","floor":10,"turns":7},{"damage":6,"enemies":"Jaw Worm","floor":11,"turns":4},{"damage":11,"enemies":"Lots of Slimes","floor":12,"turns":9},{"damage":1,"enemies":"Exordium Thugs","floor":13,"turns":5},{"damage":10,"enemies":"Hexaghost","floor":16,"turns":8},{"damage":20,"enemies":"3 Byrds","floor":18,"turns":3},{"damage":3,"enemies":"2 Thieves","floor":20,"turns":3},{"damage":15,"enemies":"Shelled Parasite and Fungi","floor":22,"turns":7},{"damage":42,"enemies":"Book of Stabbing","floor":24,"turns":8},{"damage":2,"enemies":"Centurion and Healer","floor":25,"turns":5},{"damage":15,"enemies":"Gremlin Leader","floor":27,"turns":8},{"damage":3,"enemies":"Snecko","floor":29,"turns":6},{"damage":2,"enemies":"Shelled Parasite and Fungi","floor":31,"turns":6},{"damage":16,"enemies":"Automaton","floor":33,"turns":10},{"damage":2,"enemies":"3 Shapes","floor":35,"turns":4},{"damage":0,"enemies":"3 Darklings","floor":36,"turns":3},{"damage":5,"enemies":"Transient","floor":38,"turns":6},{"damage":1,"enemies":"Writhing Mass","floor":41,"turns":6},{"damage":9,"enemies":"2 Orb Walkers","floor":44,"turns":4},{"damage":9,"enemies":"Nemesis","floor":45,"turns":7},{"damage":0,"enemies":"Spire Growth","floor":47,"turns":5},{"damage":9,"enemies":"Giant Head","floor":48,"turns":8},{"damage":34,"enemies":"Time Eater","floor":50,"turns":13},{"damage":1,"enemies":"Donu and Deca","floor":51,"turns":9}],"seed_played":"-5301419156791284053","potions_obtained":[{"floor":6,"key":"EssenceOfSteel"},{"floor":8,"key":"Fruit Juice"},{"floor":10,"key":"Block Potion"},{"floor":11,"key":"Strength Potion"},{"floor":22,"key":"Fire Potion"},{"floor":25,"key":"Weak Potion"},{"floor":31,"key":"GamblersBrew"},{"floor":38,"key":"Strength Potion"},{"floor":46,"key":"PowerPotion"},{"floor":46,"key":"LiquidBronze"},{"floor":48,"key":"GamblersBrew"}],"is_trial":false,"path_per_floor":["M","?","$","M","?","E","R","E","T","E","M","M","M","?","R","B",null,"M","?","M","?","M","R","E","M","T","E","R","M","T","M","R","B",null,"M","M","?","M","?","R","M","R","T","?","E","$","M","E","R","B","B",null],"character_chosen":"THE_SILENT","items_purchased":["Noxious Fumes","Footwork","Cauldron","Centennial Puzzle","Bottled Lightning"],"campfire_rested":1,"item_purchase_floors":[3,46,46,46,46],"current_hp_per_floor":[59,59,59,59,59,61,61,19,19,28,22,11,12,12,12,2,62,44,42,41,54,41,53,25,23,23,10,25,22,22,20,56,40,64,64,66,66,61,61,76,77,78,78,69,62,62,64,57,75,41,40],"gold":75,"neow_bonus":"THREE_ENEMY_KILL","is_prod":false,"is_daily":false,"chose_seed":false,"campfire_upgraded":7,"win_rate":0,"timestamp":1549980387,"path_taken":["M","?","?","?","?","E","R","E","T","E","M","?","M","?","R","BOSS","M","?","M","?","M","R","E","?","T","E","R","M","?","?","R","BOSS","M","M","?","M","?","R","?","R","T","?","E","$","M","E","R","BOSS","BOSS"],"build_version":"2019-01-23","purchased_purges":1,"victory":true,"max_hp_per_floor":[66,66,66,66,66,68,68,68,68,80,80,80,82,82,82,82,82,84,42,44,54,56,56,70,70,70,72,72,72,72,72,72,72,72,74,76,76,76,76,76,78,78,78,78,80,80,82,84,84,84,84],"card_choices":[{"not_picked":["Masterful Stab","Bane"],"picked":"Slice","floor":1},{"not_picked":["Dagger Spray","Sucker Punch"],"picked":"Backflip","floor":4},{"not_picked":["Slice","All Out Attack","Blade Dance"],"picked":"Singing Bowl","floor":6},{"not_picked":["All Out Attack","Calculated Gamble"],"picked":"Bouncing Flask","floor":8},{"not_picked":["Dagger Throw","Deflect"],"picked":"Leg Sweep","floor":10},{"not_picked":["Endless Agony","Masterful Stab"],"picked":"PiercingWail","floor":11},{"not_picked":["Accuracy","Flying Knee"],"picked":"Deadly Poison","floor":12},{"not_picked":["Sucker Punch","Eviscerate","Heel Hook"],"picked":"Singing Bowl","floor":13},{"not_picked":["Grand Finale","Tools of the Trade"],"picked":"Corpse Explosion","floor":16},{"not_picked":["Setup","Riddle With Holes","Dagger Throw"],"picked":"Singing Bowl","floor":18},{"not_picked":["Outmaneuver","Terror","Heel Hook"],"picked":"Singing Bowl","floor":20},{"not_picked":["Finisher","Blade Dance","Dagger Spray+1"],"picked":"Singing Bowl","floor":22},{"not_picked":["Outmaneuver+1","Poisoned Stab"],"picked":"Escape Plan","floor":24},{"not_picked":["Expertise","Dash"],"picked":"Escape Plan","floor":25},{"not_picked":["Finisher","Blade Dance","Bane+1"],"picked":"Singing Bowl","floor":27},{"not_picked":["Cloak And Dagger","Finisher"],"picked":"Well Laid Plans+1","floor":29},{"not_picked":["Sucker Punch","Riddle With Holes"],"picked":"Leg Sweep","floor":31},{"not_picked":["Bullet Time","After Image"],"picked":"Burst","floor":33},{"not_picked":["Poisoned Stab+1"],"picked":"Singing Bowl","floor":35},{"not_picked":["Tactician"],"picked":"Singing Bowl","floor":36},{"not_picked":[],"picked":"PiercingWail+1","floor":38},{"not_picked":["Underhanded Strike"],"picked":"Singing Bowl","floor":41},{"not_picked":[],"picked":"Adrenaline","floor":44},{"not_picked":["Slice"],"picked":"Singing Bowl","floor":45},{"not_picked":["Prepared"],"picked":"Singing Bowl","floor":47},{"not_picked":["Escape Plan"],"picked":"Singing Bowl","floor":48}],"player_experience":1324812,"relics_obtained":[{"floor":6,"key":"Singing Bowl"},{"floor":8,"key":"The Courier"},{"floor":9,"key":"Bottled Tornado"},{"floor":10,"key":"Strawberry"},{"floor":24,"key":"Mango"},{"floor":26,"key":"Art of War"},{"floor":27,"key":"Potion Belt"},{"floor":30,"key":"Letter Opener"},{"floor":43,"key":"Dream Catcher"},{"floor":44,"key":"Ice Cream"},{"floor":45,"key":"Boot"},{"floor":48,"key":"Ancient Tea Set"}],"event_choices":[{"damage_healed":0,"gold_gain":0,"player_choice":"Upgraded","damage_taken":0,"max_hp_gain":0,"max_hp_loss":0,"event_name":"Upgrade Shrine","floor":2,"gold_loss":0,"cards_upgraded":["Neutralize"]},{"damage_healed":0,"gold_gain":0,"player_choice":"1 cards matched","damage_taken":0,"max_hp_gain":0,"max_hp_loss":0,"event_name":"Match and Keep!","floor":5,"gold_loss":0,"cards_obtained":["Unload"]},{"damage_healed":0,"gold_gain":0,"cards_transformed":["Strike_G"],"player_choice":"Transformed","damage_taken":0,"max_hp_gain":0,"max_hp_loss":0,"event_name":"Transmorgrifier","floor":14,"gold_loss":0,"cards_obtained":["Endless Agony"]},{"damage_healed":0,"gold_gain":0,"player_choice":"Became a Ghost","damage_taken":0,"max_hp_gain":0,"max_hp_loss":42,"event_name":"Ghosts","floor":19,"gold_loss":0,"cards_obtained":["Ghostly","Ghostly","Ghostly"]},{"cards_removed":["Unload"],"damage_healed":3,"gold_gain":0,"player_choice":"Offered Rare","damage_taken":0,"max_hp_gain":10,"max_hp_loss":0,"event_name":"Bonfire Elementals","floor":21,"gold_loss":0},{"cards_removed":["Strike_G"],"damage_healed":0,"gold_gain":0,"player_choice":"Removed Attack","damage_taken":0,"max_hp_gain":0,"max_hp_loss":0,"event_name":"Falling","floor":37,"gold_loss":0},{"damage_healed":0,"gold_gain":0,"player_choice":"Ignored","damage_taken":0,"max_hp_gain":0,"max_hp_loss":0,"event_name":"Tomb of Lord Red Mask","floor":39,"gold_loss":0},{"damage_healed":0,"gold_gain":0,"player_choice":"Fight","damage_taken":0,"max_hp_gain":0,"max_hp_loss":0,"event_name":"Mysterious Sphere","floor":44,"gold_loss":0}],"is_beta":false,"boss_relics":[{"not_picked":["Orrery","White Beast Statue"],"picked":"Eternal Feather"},{"not_picked":["Astrolabe","Tiny House"],"picked":"Busted Crown"}],"items_purged_floors":[46],"is_endless":false,"potions_floor_spawned":[6,8,10,11,22,25,31,38,48],"ascension_level":20}