{"gold_per_floor":[113,188,208,218,168,203,203,229,229,30,30,42,42,60,60,156,156,167,167,181,6,95,95,23,23,72,126,126,326,408,408,408,510,510,526,565,565,581,189,189,189,242,242,242,280,352,352,36,36,61,61,61,11,11],"floor_reached":54,"playtime":6319,"items_purged":[],"score":964,"play_id":"a8578629-cf76-4b3c-84b9-c23567376551","local_time":"20190505022324","is_ascension_mode":true,"campfire_choices":[{"floor":7,"key":"REST"},{"floor":13,"key":"REST"},{"floor":15,"key":"REST"},{"floor":23,"key":"RECALL"},{"data":"Double Tap","floor":25,"key":"SMITH"},{"data":"Metallicize","floor":32,"key":"SMITH"},{"data":"Uppercut","floor":40,"key":"SMITH"},{"data":"Madness","floor":44,"key":"SMITH"},{"data":"Entrench","floor":49,"key":"SMITH"},{"data":"Limit Break","floor":52,"key":"SMITH"}],"neow_cost":"NONE","seed_source_timestamp":4012161985738683,"circlet_count":0,"master_deck":["Defend_R+1","Defend_R+1","Defend_R+1","Bash","Body Slam","Uppercut+1","Battle Trance+1","Metallicize+1","Second Wind+1","Uppercut+1","Headbutt+1","Double Tap+1","Cleave+1","Feel No Pain+1","HandOfGreed+1","Pommel Strike+1","Metallicize+1","Burning Pact","Bite+1","Bite+1","Bite+1","Bite+1","Bite+1","Shrug It Off","Evolve+1","Impervious","Flex+1","Madness","Madness+1","Limit Break+1","Metallicize+1","Burning Pact+1","Entrench+1","Shrug It Off+1","Magnetism+1","Shrug It Off","Headbutt+1","Flex"],"relics":["Burning Blood","Molten Egg 2","Self Forming Clay","Frozen Egg 2","Strange Spoon","Coffee Dripper","War Paint","Mango","Bottled Lightning","Bag of Marbles","Mark of Pain","Lantern","DollysMirror","Ginger","Bottled Flame","Bird Faced Urn","Sundial"],"potions_floor_usage":[1,11,29,33,33,50,50,50],"damage_taken":[{"damage":18,"enemies":"Jaw Worm","floor":1,"turns":6},{"damage":1,"enemies":"Small Slimes","floor":3,"turns":3},{"damage":6,"enemies":"2 Louse","floor":4,"turns":3},{"damage":33,"enemies":"Lagavulin","floor":6,"turns":9},{"damage":49,"enemies":"Gremlin Nob","floor":8,"turns":6},{"damage":7,"enemies":"Large Slime","floor":12,"turns":9},{"damage":15,"enemies":"Gremlin Gang","floor":14,"turns":4},{"damage":42,"enemies":"Hexaghost","floor":16,"turns":11},{"damage":3,"enemies":"Spheric Guardian","floor":18,"turns":3},{"damage":0,"enemies":"Chosen","floor":20,"turns":3},{"damage":5,"enemies":"3 Cultists","floor":22,"turns":5},{"damage":20,"enemies":"Book of Stabbing","floor":27,"turns":7},{"damage":21,"enemies":"Colosseum Slavers","floor":29,"turns":6},{"damage":6,"enemies":"Colosseum Nobs","floor":29,"turns":5},{"damage":20,"enemies":"Slavers","floor":30,"turns":4},{"damage":60,"enemies":"Collector","floor":33,"turns":10},{"damage":22,"enemies":"3 Darklings","floor":35,"turns":5},{"damage":0,"enemies":"3 Shapes","floor":36,"turns":7},{"damage":0,"enemies":"Sphere and 2 Shapes","floor":38,"turns":3},{"damage":30,"enemies":"Giant Head","floor":42,"turns":8},{"damage":8,"enemies":"4 Shapes","floor":45,"turns":6},{"damage":23,"enemies":"2 Orb Walkers","floor":46,"turns":5},{"damage":75,"enemies":"Awakened One","floor":50,"turns":11},{"damage":94,"enemies":"Shield and Spear","floor":54,"turns":8}],"seed_played":"-616774565156139400","potions_obtained":[{"floor":1,"key":"Fruit Juice"},{"floor":6,"key":"Fruit Juice"},{"floor":16,"key":"Explosive Potion"},{"floor":27,"key":"PowerPotion"},{"floor":29,"key":"SteroidPotion"},{"floor":38,"key":"Dexterity Potion"},{"floor":42,"key":"BloodPotion"}],"is_trial":false,"path_per_floor":["?","?","?","?","?","?","?","M","?","?","?","T"],"character_chosen":"IRONCLAD","items_purchased":["Strange Spoon","HandOfGreed+1","Metallicize+1","Lantern","DollysMirror","Dexterity Potion","Magnetism+1","Shrug It Off","Headbutt+1","PowerPotion","Flex"],"campfire_rested":3,"item_purchase_floors":[10,21,24,39,39,39,48,48,48,48,53],"current_hp_per_floor":[65,54,59,59,59,32,57,14,14,14,19,18,45,36,63,27,74,77,77,83,83,84,84,84,84,84,70,63,77,69,62,62,32,66,62,77,67,77,77,77,77,62,62,62,69,64,64,64,64,41,68,68,68,0],"gold":11,"neow_bonus":"THREE_CARDS","is_prod":false,"is_daily":false,"chose_seed":false,"campfire_upgraded":6,"win_rate":0,"timestamp":1557037404,"path_taken":["M","?","M","M","?","E","R","E","T","$","?","M","R","M","R","BOSS","M","?","M","$","M","R","$","R","T","E","?","?","E","?","R","BOSS","M","?","?","M","$","R","?","E","T","R","M","?","?","$","R","BOSS","R","$","E"],"build_version":"2019-01-23","purchased_purges":0,"victory":false,"max_hp_per_floor":[85,85,85,85,85,85,85,85,85,85,90,90,90,90,90,90,90,90,90,90,90,90,90,90,90,90,90,63,77,77,77,77,77,77,77,77,77,77,77,77,77,77,77,77,77,77,77,77,77,77,77,77,77,77],"card_choices":[{"not_picked":["Flex","Dual Wield"],"picked":"Body Slam","floor":0},{"not_picked":["Cleave","Heavy Blade"],"picked":"Uppercut","floor":1},{"not_picked":["Body Slam","Heavy Blade"],"picked":"Battle Trance","floor":3},{"not_picked":["Thunderclap","Warcry"],"picked":"Metallicize","floor":4},{"not_picked":["Heavy Blade","Brutality"],"picked":"Second Wind","floor":6},{"not_picked":["Perfected Strike+1","Cleave+1"],"picked":"Uppercut+1","floor":8},{"not_picked":["Heavy Blade+1","Twin Strike+1","Rampage+1"],"picked":"SKIP","floor":12},{"not_picked":["Clash+1","Clothesline+1"],"picked":"Headbutt+1","floor":14},{"not_picked":["Dark Embrace+1","Brutality+1"],"picked":"Double Tap","floor":16},{"not_picked":["Thunderclap+1","Heavy Blade+1"],"picked":"Cleave+1","floor":18},{"not_picked":["Havoc","Seeing Red"],"picked":"Feel No Pain+1","floor":20},{"not_picked":["Dropkick+1","Clash+1"],"picked":"Pommel Strike+1","floor":22},{"not_picked":["Combust+1","Pummel+1"],"picked":"Burning Pact","floor":27},{"not_picked":["Reckless Charge+1","Iron Wave+1"],"picked":"Shrug It Off","floor":29},{"not_picked":["Pummel+1","Warcry"],"picked":"Evolve+1","floor":30},{"not_picked":["Bludgeon+1","Exhume"],"picked":"Impervious","floor":33},{"not_picked":["Wild Strike+1","Iron Wave+1"],"picked":"Flex+1","floor":35},{"not_picked":["Perfected Strike+1","Twin Strike+1","Reckless Charge+1"],"picked":"SKIP","floor":36},{"not_picked":["Shrug It Off","Whirlwind+1"],"picked":"Limit Break","floor":38},{"not_picked":["Anger+1","Armaments"],"picked":"Burning Pact+1","floor":42},{"not_picked":["Cleave+1","Dual Wield"],"picked":"Entrench","floor":45},{"not_picked":["Body Slam+1","Warcry"],"picked":"Shrug It Off+1","floor":46}],"player_experience":248084,"relics_obtained":[{"floor":6,"key":"Molten Egg 2"},{"floor":8,"key":"Self Forming Clay"},{"floor":9,"key":"Frozen Egg 2"},{"floor":27,"key":"War Paint"},{"floor":29,"key":"Mango"},{"floor":29,"key":"Bottled Lightning"},{"floor":30,"key":"Bag of Marbles"},{"floor":42,"key":"Ginger"},{"floor":43,"key":"Bottled Flame"},{"floor":46,"key":"Bird Faced Urn"},{"floor":47,"key":"Sundial"}],"event_choices":[{"damage_healed":0,"gold_gain":75,"player_choice":"Gather Gold","damage_taken":11,"max_hp_gain":0,"max_hp_loss":0,"event_name":"World of Goop","floor":2,"gold_loss":0},{"cards_removed":["Strike_R"],"damage_healed":0,"gold_gain":0,"player_choice":"Card Removal","damage_taken":0,"max_hp_gain":0,"max_hp_loss":0,"event_name":"The Cleric","floor":5,"gold_loss":50},{"damage_healed":0,"gold_gain":0,"player_choice":"Fled","damage_taken":0,"max_hp_gain":0,"max_hp_loss":0,"event_name":"Scrap Ooze","floor":11,"gold_loss":0},{"damage_healed":0,"gold_gain":0,"player_choice":"Simplicity","damage_taken":0,"max_hp_gain":0,"max_hp_loss":0,"event_name":"Back to Basics","floor":19,"gold_loss":0,"cards_upgraded":["Strike_R","Strike_R","Strike_R","Strike_R","Defend_R","Defend_R","Defend_R","Defend_R"]},{"damage_healed":0,"gold_gain":0,"player_choice":"Became a vampire","damage_taken":0,"max_hp_gain":0,"max_hp_loss":27,"event_name":"Vampires","floor":28,"gold_loss":0,"cards_obtained":["Bite","Bite","Bite","Bite","Bite"]},{"damage_healed":0,"gold_gain":0,"player_choice":"Fight","damage_taken":0,"max_hp_gain":0,"max_hp_loss":0,"event_name":"Colosseum","floor":29,"gold_loss":0},{"damage_healed":0,"gold_gain":0,"player_choice":"Fought Nobs","damage_taken":0,"max_hp_gain":0,"max_hp_loss":0,"event_name":"Colosseum","floor":29,"gold_loss":0},{"damage_healed":0,"gold_gain":0,"player_choice":"Damaged","damage_taken":7,"max_hp_gain":0,"max_hp_loss":0,"event_name":"Wheel of Change","floor":31,"gold_loss":0},{"damage_healed":0,"gold_gain":0,"player_choice":"Embrace Madness","damage_taken":10,"max_hp_gain":0,"max_hp_loss":0,"event_name":"Winding Halls","floor":37,"gold_loss":0,"cards_obtained":["Madness","Madness"]},{"cards_removed":["Defend_R"],"damage_healed":0,"gold_gain":0,"player_choice":"Removed Skill","damage_taken":0,"max_hp_gain":0,"max_hp_loss":0,"event_name":"Falling","floor":41,"gold_loss":0},{"damage_healed":0,"gold_gain":0,"player_choice":"Fight","damage_taken":0,"max_hp_gain":0,"max_hp_loss":0,"event_name":"Mysterious Sphere","floor":46,"gold_loss":0}],"is_beta":false,"boss_relics":[{"not_picked":["Cursed Key","Tiny House"],"picked":"Coffee Dripper"},{"not_picked":["Empty Cage","Orrery"],"picked":"Mark of Pain"}],"items_purged_floors":[],"is_endless":false,"potions_floor_spawned":[1,6,16,27,29,29,38,42],"killed_by":"Shield and Spear","ascension_level":6}