{"gold_per_floor":[110,122,122,140,159,194,16,16,16,29,46,57,57,57,57,134,134,153,2,19,38,54,89,13,13,39,67,67,98,116,136,136,211,211,228,276,276],"floor_reached":37,"playtime":4405,"items_purged":["Strike_R"],"score":789,"play_id":"f301e0fe-fc82-4662-bd3c-729ba391a183","local_time":"20190517165105","is_ascension_mode":true,"campfire_choices":[{"data":"Shockwave","floor":8,"key":"SMITH"},{"floor":15,"key":"REST"},{"data":"Uppercut","floor":28,"key":"SMITH"},{"floor":32,"key":"REST"}],"neow_cost":"NONE","seed_source_timestamp":89951216073705,"circlet_count":0,"master_deck":["AscendersBane","Strike_R","Strike_R","Strike_R","Strike_R","Defend_R","Defend_R","Defend_R","Defend_R","Bash","Shrug It Off","Shockwave+1","Exhume+1","Impervious","Pommel Strike","Warcry","Disarm","Inflame","Body Slam","Shrug It Off+1","Demon Form","Shrug It Off+1","Uppercut+1","Feel No Pain","Seeing Red","Shockwave","Infernal Blade+1","Disarm","Ghostly","Ghostly","Ghostly","Ghostly","Ghostly","Immolate","Shrug It Off","Offering","Dual Wield","Carnage"],"relics":["Burning Blood","Pantograph","Letter Opener","Runic Dome","Oddly Smooth Stone","War Paint","Shuriken","Juzu Bracelet","Mark of Pain","Shovel"],"potions_floor_usage":[6,16,23,33],"damage_taken":[{"damage":7,"enemies":"2 Louse","floor":1,"turns":4},{"damage":5,"enemies":"Cultist","floor":2,"turns":4},{"damage":1,"enemies":"Small Slimes","floor":4,"turns":5},{"damage":19,"enemies":"Gremlin Gang","floor":5,"turns":8},{"damage":54,"enemies":"3 Sentries","floor":6,"turns":12},{"damage":12,"enemies":"Blue Slaver","floor":10,"turns":6},{"damage":9,"enemies":"2 Fungi Beasts","floor":11,"turns":5},{"damage":9,"enemies":"3 Louse","floor":12,"turns":4},{"damage":47,"enemies":"Hexaghost","floor":16,"turns":13},{"damage":2,"enemies":"Chosen","floor":18,"turns":6},{"damage":16,"enemies":"3 Byrds","floor":20,"turns":6},{"damage":18,"enemies":"Shelled Parasite and Fungi","floor":21,"turns":5},{"damage":21,"enemies":"Sentry and Sphere","floor":22,"turns":6},{"damage":17,"enemies":"Book of Stabbing","floor":23,"turns":8},{"damage":27,"enemies":"Gremlin Leader","floor":27,"turns":10},{"damage":10,"enemies":"Slavers","floor":29,"turns":8},{"damage":11,"enemies":"Snake Plant","floor":30,"turns":6},{"damage":2,"enemies":"Snecko","floor":31,"turns":7},{"damage":2,"enemies":"Automaton","floor":33,"turns":10},{"damage":6,"enemies":"3 Shapes","floor":35,"turns":7},{"damage":31,"enemies":"2 Orb Walkers","floor":36,"turns":5},{"damage":19,"enemies":"3 Darklings","floor":37,"turns":2}],"seed_played":"-7607422652733235597","potions_obtained":[{"floor":2,"key":"Regen Potion"},{"floor":4,"key":"EssenceOfSteel"},{"floor":10,"key":"LiquidBronze"},{"floor":14,"key":"Dexterity Potion"},{"floor":16,"key":"BloodPotion"},{"floor":27,"key":"Strength Potion"},{"floor":29,"key":"FearPotion"}],"is_trial":false,"path_per_floor":["?","M","$","?","$","M","?","?"],"character_chosen":"IRONCLAD","items_purchased":["Disarm","Inflame","Uppercut","Feel No Pain","Disarm"],"campfire_rested":2,"item_purchase_floors":[7,7,19,19,24],"current_hp_per_floor":[79,80,80,85,72,39,39,39,39,33,30,27,27,27,53,37,75,79,79,69,57,42,39,39,39,39,18,18,14,9,13,26,44,44,44,19,0],"gold":276,"neow_bonus":"TEN_PERCENT_HP_BONUS","is_prod":false,"is_daily":false,"chose_seed":false,"campfire_upgraded":2,"win_rate":0,"timestamp":1558126265,"path_taken":["M","M","?","?","M","E","$","R","T","M","M","M","?","?","R","BOSS","M","?","M","?","M","E","$","?","T","E","R","E","M","M","R","BOSS","M","?","M"],"build_version":"2019-01-23","purchased_purges":1,"victory":false,"max_hp_per_floor":[88,88,88,88,88,88,88,88,88,88,88,88,88,88,88,88,88,88,88,88,88,88,88,88,44,44,44,44,44,44,44,44,44,44,44,44,44],"card_choices":[{"not_picked":["Sword Boomerang","Perfected Strike"],"picked":"Shrug It Off","floor":1},{"not_picked":["Evolve","Twin Strike"],"picked":"Shockwave","floor":2},{"not_picked":["Iron Wave","Havoc"],"picked":"Impervious","floor":4},{"not_picked":["Sword Boomerang","Clash"],"picked":"Pommel Strike","floor":5},{"not_picked":["Clothesline","Berserk"],"picked":"Warcry","floor":6},{"not_picked":["Cleave","Flex"],"picked":"Body Slam","floor":10},{"not_picked":["Wild Strike","Warcry","Thunderclap"],"picked":"SKIP","floor":11},{"not_picked":["Pummel","Body Slam"],"picked":"Shrug It Off","floor":12},{"not_picked":["Dark Embrace","Berserk"],"picked":"Demon Form","floor":16},{"not_picked":["Perfected Strike","Sword Boomerang"],"picked":"Shrug It Off+1","floor":18},{"not_picked":["Combust","Reckless Charge","Perfected Strike"],"picked":"SKIP","floor":20},{"not_picked":["Headbutt","Pommel Strike"],"picked":"Seeing Red","floor":21},{"not_picked":["Flex","Body Slam"],"picked":"Shockwave","floor":22},{"not_picked":["Rage","Second Wind"],"picked":"Infernal Blade+1","floor":23},{"not_picked":["Wild Strike","Searing Blow","Pommel Strike"],"picked":"SKIP","floor":27},{"not_picked":["Shockwave","Pommel Strike"],"picked":"Immolate","floor":29},{"not_picked":["Flex","Iron Wave","Anger"],"picked":"SKIP","floor":30},{"not_picked":["Sever Soul","Rage"],"picked":"Shrug It Off","floor":31},{"not_picked":["Berserk","Fiend Fire"],"picked":"Offering","floor":33},{"not_picked":["Shrug It Off","Sword Boomerang"],"picked":"Dual Wield","floor":35},{"not_picked":["Combust","Second Wind"],"picked":"Carnage","floor":36}],"player_experience":510687,"relics_obtained":[{"floor":6,"key":"Pantograph"},{"floor":9,"key":"Letter Opener"},{"floor":23,"key":"Oddly Smooth Stone"},{"floor":26,"key":"War Paint"},{"floor":27,"key":"Shuriken"},{"floor":29,"key":"Juzu Bracelet"},{"floor":36,"key":"Shovel"}],"event_choices":[{"damage_healed":0,"gold_gain":0,"player_choice":"1 cards matched","damage_taken":0,"max_hp_gain":0,"max_hp_loss":0,"event_name":"Match and Keep!","floor":3,"gold_loss":0,"cards_obtained":["Exhume"]},{"damage_healed":0,"gold_gain":0,"player_choice":"1 cards matched","damage_taken":0,"max_hp_gain":0,"max_hp_loss":0,"event_name":"Match and Keep!","floor":3,"gold_loss":0,"cards_obtained":["Exhume"]},{"damage_healed":0,"gold_gain":0,"player_choice":"Got Potions","damage_taken":0,"max_hp_gain":0,"max_hp_loss":0,"event_name":"Lab","floor":14,"gold_loss":0},{"damage_healed":0,"gold_gain":0,"player_choice":"Became a Ghost","damage_taken":0,"max_hp_gain":0,"max_hp_loss":44,"event_name":"Ghosts","floor":25,"gold_loss":0,"cards_obtained":["Ghostly","Ghostly","Ghostly","Ghostly","Ghostly"]},{"damage_healed":0,"gold_gain":0,"player_choice":"Fight","damage_taken":0,"max_hp_gain":0,"max_hp_loss":0,"event_name":"Mysterious Sphere","floor":36,"gold_loss":0}],"is_beta":false,"boss_relics":[{"not_picked":["Runic Pyramid","Tiny House"],"picked":"Runic Dome"},{"not_picked":["Lizard Tail","Eternal Feather"],"picked":"Mark of Pain"}],"items_purged_floors":[7],"is_endless":false,"potions_floor_spawned":[2,4,10,16,21,27,29,31],"killed_by":"3 Darklings","ascension_level":13}