{"gold_per_floor":[110,129,149,165,39,51,51,69,123,140,157,175,187,206,206,206],"floor_reached":16,"playtime":610,"items_purged":[],"score":112,"play_id":"4c28f7f1-2e4e-4a50-b08e-b3ee7798e587","local_time":"20181119173629","is_ascension_mode":true,"campfire_choices":[{"data":"Predator","floor":7,"key":"SMITH"},{"floor":15,"key":"REST"}],"neow_cost":"NONE","seed_source_timestamp":443618440869751,"circlet_count":0,"master_deck":["Defend_G","Defend_G","Defend_G","Defend_G","Defend_G","Strike_G","Strike_G","Strike_G","Strike_G","Strike_G","Survivor","Neutralize","Dagger Spray","Predator+1","Deflect","Tools of the Trade","Leg Sweep","Dagger Throw","Dagger Throw","Prepared","PiercingWail","Cloak And Dagger","Cloak And Dagger","Caltrops","Poisoned Stab"],"relics":["Ring of the Snake","NeowsBlessing","Orichalcum"],"potions_floor_usage":[14,14,14],"damage_taken":[{"damage":0,"enemies":"Cultist","floor":1,"turns":1},{"damage":0,"enemies":"Small Slimes","floor":2,"turns":1},{"damage":0,"enemies":"2 Louse","floor":3,"turns":1},{"damage":1,"enemies":"2 Fungi Beasts","floor":4,"turns":3},{"damage":6,"enemies":"Red Slaver","floor":6,"turns":4},{"damage":28,"enemies":"Large Slime","floor":8,"turns":6},{"damage":5,"enemies":"3 Louse","floor":10,"turns":2},{"damage":2,"enemies":"Looter","floor":11,"turns":3},{"damage":4,"enemies":"2 Fungi Beasts","floor":12,"turns":3},{"damage":14,"enemies":"Exordium Wildlife","floor":13,"turns":5},{"damage":7,"enemies":"Large Slime","floor":14,"turns":7},{"damage":26,"enemies":"The Guardian","floor":16,"turns":5}],"seed_played":"-3891812160219137600","potions_obtained":[{"floor":1,"key":"PowerPotion"},{"floor":4,"key":"Explosive Potion"},{"floor":10,"key":"LiquidBronze"},{"floor":14,"key":"Swift Potion"}],"is_trial":false,"path_per_floor":["M","M","M","M","$","M","R","M","T","M","M","M","M","M","R","B"],"character_chosen":"THE_SILENT","items_purchased":["Leg Sweep","Dagger Throw"],"campfire_rested":1,"item_purchase_floors":[5,5],"current_hp_per_floor":[70,70,70,69,69,63,63,35,35,30,28,24,10,3,24,0],"gold":206,"neow_bonus":"THREE_ENEMY_KILL","is_prod":false,"is_daily":false,"chose_seed":false,"campfire_upgraded":1,"win_rate":0,"timestamp":1542666989,"path_taken":["M","M","M","?","$","M","R","?","T","M","M","M","M","M","R","BOSS"],"build_version":"2018-11-15","purchased_purges":0,"victory":false,"max_hp_per_floor":[70,70,70,70,70,70,70,70,70,70,70,70,70,70,70,70],"card_choices":[{"not_picked":["Blur","Flying Knee"],"picked":"Dagger Spray","floor":1},{"not_picked":["Dodge and Roll","Sucker Punch"],"picked":"Predator","floor":2},{"not_picked":["Prepared","Finisher"],"picked":"Deflect","floor":3},{"not_picked":["Outmaneuver","Eviscerate"],"picked":"Tools of the Trade","floor":4},{"not_picked":["Accuracy","Outmaneuver"],"picked":"Dagger Throw","floor":6},{"not_picked":["Masterful Stab","Escape Plan"],"picked":"Prepared","floor":8},{"not_picked":["Dodge and Roll","Backflip"],"picked":"PiercingWail","floor":10},{"not_picked":["Dagger Throw","Leg Sweep"],"picked":"Cloak And Dagger","floor":11},{"not_picked":["Heel Hook","Poisoned Stab"],"picked":"Cloak And Dagger","floor":12},{"not_picked":["Flechettes","Bane"],"picked":"Caltrops","floor":13},{"not_picked":["Acrobatics","Deflect"],"picked":"Poisoned Stab","floor":14}],"player_experience":114731,"relics_obtained":[{"floor":9,"key":"Orichalcum"}],"event_choices":[],"is_beta":false,"boss_relics":[],"items_purged_floors":[],"is_endless":false,"potions_floor_spawned":[1,4,10,11,14],"killed_by":"The Guardian","ascension_level":2}