{"gold_per_floor":[111,111,130,145,145,179,204,238,284,284,308,308,583,30,30,149,149,165,145,158,4,4,4],"floor_reached":23,"playtime":1845,"items_purged":["Regret"],"score":314,"play_id":"6c72edd0-7252-4201-976a-dfde9870c1d5","local_time":"20190511135733","is_ascension_mode":true,"campfire_choices":[{"floor":15,"key":"REST"}],"neow_cost":"NONE","seed_source_timestamp":4576691937054494,"circlet_count":0,"master_deck":["Strike_R","Strike_R+1","Strike_R","Strike_R","Strike_R","Defend_R","Defend_R","Defend_R","Defend_R","Bash+1","Shrug It Off","Shrug It Off","True Grit+1","Inflame","Battle Trance","Metallicize","Ghostly Armor","Apotheosis","Flame Barrier","Metallicize","Metallicize","Demon Form","Disarm+1","Pommel Strike"],"relics":["Burning Blood","Golden Idol","Du-Vu Doll","Pantograph","Strawberry","DollysMirror","Philosopher\u0027s Stone","Regal Pillow"],"potions_floor_usage":[7,8],"damage_taken":[{"damage":7,"enemies":"2 Louse","floor":1,"turns":3},{"damage":19,"enemies":"Jaw Worm","floor":3,"turns":8},{"damage":3,"enemies":"Small Slimes","floor":4,"turns":4},{"damage":30,"enemies":"3 Sentries","floor":6,"turns":19},{"damage":7,"enemies":"Gremlin Gang","floor":7,"turns":7},{"damage":35,"enemies":"Lagavulin","floor":8,"turns":10},{"damage":7,"enemies":"2 Fungi Beasts","floor":11,"turns":5},{"damage":19,"enemies":"Slime Boss","floor":16,"turns":21},{"damage":13,"enemies":"Spheric Guardian","floor":18,"turns":7},{"damage":39,"enemies":"3 Byrds","floor":20,"turns":7},{"damage":47,"enemies":"Slavers","floor":23,"turns":4}],"seed_played":"1188674823533041288","potions_obtained":[{"floor":1,"key":"SkillPotion"},{"floor":7,"key":"Weak Potion"},{"floor":16,"key":"Ancient Potion"},{"floor":19,"key":"FearPotion"}],"is_trial":false,"path_per_floor":["?","?","?","M","?","?","?","M","$"],"character_chosen":"IRONCLAD","items_purchased":["Apotheosis","Flame Barrier","Metallicize","DollysMirror","Regal Pillow"],"campfire_rested":1,"item_purchase_floors":[14,14,14,14,21],"current_hp_per_floor":[79,79,66,69,69,45,44,15,22,22,21,2,2,2,30,42,82,75,75,42,42,42,0],"gold":4,"neow_bonus":"TEN_PERCENT_HP_BONUS","is_prod":false,"is_daily":false,"chose_seed":false,"campfire_upgraded":0,"win_rate":0,"timestamp":1557597453,"path_taken":["M","?","M","M","?","E","M","E","T","?","?","?","?","$","R","BOSS","M","?","?","?","$","E"],"build_version":"2019-01-23","purchased_purges":1,"victory":false,"max_hp_per_floor":[88,88,88,88,88,88,88,88,95,95,95,95,95,95,95,95,95,95,95,95,95,95,95],"card_choices":[{"not_picked":["Rage","Armaments"],"picked":"Shrug It Off","floor":1},{"not_picked":["Heavy Blade","Sentinel"],"picked":"Shrug It Off","floor":3},{"not_picked":["Armaments","Body Slam"],"picked":"True Grit","floor":4},{"not_picked":["Entrench","Heavy Blade"],"picked":"Inflame","floor":6},{"not_picked":["Clash","Headbutt"],"picked":"Battle Trance","floor":7},{"not_picked":["Whirlwind","Intimidate"],"picked":"Metallicize","floor":8},{"not_picked":["Wild Strike","Rupture"],"picked":"Ghostly Armor","floor":11},{"not_picked":["Dark Embrace","Juggernaut"],"picked":"Demon Form","floor":16},{"not_picked":["Clothesline","Clash"],"picked":"Disarm+1","floor":18},{"not_picked":["Armaments","Clash"],"picked":"Pommel Strike","floor":20}],"player_experience":381317,"relics_obtained":[{"floor":6,"key":"Du-Vu Doll"},{"floor":8,"key":"Pantograph"},{"floor":9,"key":"Strawberry"}],"event_choices":[{"damage_healed":0,"gold_gain":0,"player_choice":"Take Wound","damage_taken":0,"relics_obtained":["Golden Idol"],"max_hp_gain":0,"max_hp_loss":0,"event_name":"Golden Idol","floor":2,"gold_loss":0,"cards_obtained":["Injury"]},{"damage_healed":0,"gold_gain":0,"player_choice":"Grow","damage_taken":0,"max_hp_gain":0,"max_hp_loss":0,"event_name":"Living Wall","floor":5,"gold_loss":0,"cards_upgraded":["True Grit"]},{"cards_removed":["Injury"],"damage_healed":0,"gold_gain":0,"player_choice":"Purged","damage_taken":0,"max_hp_gain":0,"max_hp_loss":0,"event_name":"Purifier","floor":10,"gold_loss":0},{"damage_healed":0,"gold_gain":0,"player_choice":"Entered Light","damage_taken":19,"max_hp_gain":0,"max_hp_loss":0,"event_name":"Shining Light","floor":12,"gold_loss":0,"cards_upgraded":["Bash","Strike_R"]},{"damage_healed":0,"gold_gain":275,"player_choice":"Desecrate","damage_taken":0,"max_hp_gain":0,"max_hp_loss":0,"event_name":"Golden Shrine","floor":13,"gold_loss":0,"cards_obtained":["Regret"]},{"damage_healed":0,"gold_gain":0,"player_choice":"Bought 1 Potion","damage_taken":0,"max_hp_gain":0,"max_hp_loss":0,"event_name":"The Woman in Blue","floor":19,"gold_loss":0}],"is_beta":false,"boss_relics":[{"not_picked":["Astrolabe","Pandora\u0027s Box"],"picked":"Philosopher\u0027s Stone"}],"items_purged_floors":[14],"is_endless":false,"potions_floor_spawned":[1,7,16],"killed_by":"Slavers","ascension_level":9}