{"gold_per_floor":[211,222,233,4,4,34,34,45,72,72,72,91,110,124,124,201,201,220,251,265,139,239,239,239],"floor_reached":24,"playtime":761,"items_purged":["Strike_R","Strike_R"],"score":347,"play_id":"9008d038-8b79-4854-aa9c-22f42733dc25","local_time":"20190526120426","is_ascension_mode":true,"campfire_choices":[{"data":"Clothesline","floor":7.0,"key":"SMITH"},{"floor":11.0,"key":"REST"},{"data":"Hemokinesis","floor":15.0,"key":"SMITH"},{"data":"True Grit","floor":23,"key":"SMITH"}],"neow_cost":"NONE","seed_source_timestamp":0,"circlet_count":0,"master_deck":["AscendersBane","Strike_R","Strike_R","Defend_R","Defend_R","Defend_R","Defend_R","Bash","Cleave","Clothesline+1","Flame Barrier","Hemokinesis+1","Double Tap","True Grit+1"],"special_seed":0,"relics":["Burning Blood","Omamori","Anchor","Regal Pillow","Busted Crown","Red Mask","Unceasing Top","Meat on the Bone"],"potions_floor_usage":[18,19],"damage_taken":[{"damage":13.0,"enemies":"Jaw Worm","floor":1.0,"turns":5.0},{"damage":1.0,"enemies":"2 Louse","floor":2.0,"turns":3.0},{"damage":1.0,"enemies":"Cultist","floor":3.0,"turns":4.0},{"damage":42.0,"enemies":"3 Sentries","floor":6.0,"turns":10.0},{"damage":14.0,"enemies":"Gremlin Gang","floor":8.0,"turns":4.0},{"damage":0.0,"enemies":"Blue Slaver","floor":12.0,"turns":4.0},{"damage":13.0,"enemies":"Large Slime","floor":13.0,"turns":9.0},{"damage":8.0,"enemies":"Looter","floor":14.0,"turns":4.0},{"damage":56.0,"enemies":"Hexaghost","floor":16.0,"turns":11.0},{"damage":18,"enemies":"2 Thieves","floor":18,"turns":4},{"damage":26,"enemies":"Masked Bandits","floor":19,"turns":4},{"damage":8,"enemies":"3 Byrds","floor":20,"turns":4},{"damage":6,"enemies":"Colosseum Slavers","floor":22,"turns":5},{"damage":11,"enemies":"Colosseum Nobs","floor":22,"turns":6},{"damage":27,"enemies":"Sentry and Sphere","floor":24,"turns":3}],"seed_played":"7148612749580800146","potions_obtained":[{"floor":3.0,"key":"SkillPotion"},{"floor":8.0,"key":"BloodPotion"},{"floor":10.0,"key":"PowerPotion"},{"floor":18,"key":"Energy Potion"},{"floor":20,"key":"SpeedPotion"},{"floor":22,"key":"Ancient Potion"}],"is_trial":false,"path_per_floor":["M","M","M","$","?","E","R","M","T","?","R","M","M","M","R","B",null,"M","?","M","$","?","R","M"],"character_chosen":"IRONCLAD","items_purchased":["Omamori","True Grit"],"campfire_rested":1,"item_purchase_floors":[4,21],"current_hp_per_floor":[61,66,71,71,71,35,35,27,27,27,64,70,63,61,61,11,59,54,34,32,32,27,27,0],"gold":239,"neow_bonus":"HUNDRED_GOLD","is_prod":false,"is_daily":false,"chose_seed":false,"campfire_upgraded":3,"win_rate":0,"timestamp":1558865066,"path_taken":["M","M","M","$","?","E","R","M","T","?","R","?","M","?","R","BOSS","M","?","M","$","?","R","M"],"build_version":"2019-01-23","purchased_purges":2,"victory":false,"max_hp_per_floor":[75,75,75,75,75,75,75,75,75,75,75,75,75,75,75,75,75,75,75,75,75,75,75,75],"card_choices":[{"not_picked":["Thunderclap","Heavy Blade"],"picked":"Cleave","floor":1.0},{"not_picked":["Blood for Blood","Seeing Red","Perfected Strike"],"picked":"SKIP","floor":2.0},{"not_picked":["Dual Wield","Fire Breathing"],"picked":"Clothesline","floor":3.0},{"not_picked":["Armaments","Clash"],"picked":"Flame Barrier","floor":6.0},{"not_picked":["Thunderclap","Perfected Strike","Power Through"],"picked":"SKIP","floor":8.0},{"not_picked":["Heavy Blade","Thunderclap","Flex"],"picked":"SKIP","floor":12.0},{"not_picked":["Wild Strike","Carnage"],"picked":"Hemokinesis","floor":13.0},{"not_picked":["Combust","Wild Strike","Iron Wave"],"picked":"SKIP","floor":14.0},{"not_picked":["Dark Embrace","Juggernaut"],"picked":"Double Tap","floor":16.0},{"not_picked":["Warcry"],"picked":"SKIP","floor":18},{"not_picked":["Infernal Blade"],"picked":"SKIP","floor":20}],"player_experience":253263,"relics_obtained":[{"floor":6.0,"key":"Anchor"},{"floor":9.0,"key":"Regal Pillow"},{"floor":19,"key":"Red Mask"},{"floor":22,"key":"Unceasing Top"},{"floor":22,"key":"Meat on the Bone"}],"event_choices":[{"cards_removed":["Strike_R"],"damage_healed":0.0,"max_hp_gain":0.0,"max_hp_loss":0.0,"gold_gain":0.0,"event_name":"Living Wall","player_choice":"Forget","floor":5.0,"gold_loss":0.0,"damage_taken":0.0},{"damage_healed":0.0,"max_hp_gain":0.0,"max_hp_loss":0.0,"gold_gain":0.0,"event_name":"Lab","player_choice":"Got Potions","floor":10.0,"gold_loss":0.0,"damage_taken":0.0},{"damage_healed":0,"gold_gain":0,"player_choice":"Fought Bandits","damage_taken":0,"max_hp_gain":0,"max_hp_loss":0,"event_name":"Masked Bandits","floor":19,"gold_loss":0},{"damage_healed":0,"gold_gain":0,"player_choice":"Fight","damage_taken":0,"max_hp_gain":0,"max_hp_loss":0,"event_name":"Colosseum","floor":22,"gold_loss":0},{"damage_healed":0,"gold_gain":0,"player_choice":"Fought Nobs","damage_taken":0,"max_hp_gain":0,"max_hp_loss":0,"event_name":"Colosseum","floor":22,"gold_loss":0}],"is_beta":false,"boss_relics":[{"not_picked":["Eternal Feather","Runic Pyramid"],"picked":"Busted Crown"}],"items_purged_floors":[4,21],"is_endless":false,"potions_floor_spawned":[3,8,12,13,14,18,20,22],"killed_by":"Sentry and Sphere","ascension_level":15}