{"gold_per_floor":[113,113,113,132,148,148,160,189,226,238,285,297,327,352,364,476,488,519,316,328,603,620,620,620],"floor_reached":24,"playtime":1448,"items_purged":[],"score":322,"play_id":"bd6dfc44-ad92-40c2-aa5e-1d2c840ed9b0","local_time":"20190515144054","is_ascension_mode":true,"campfire_choices":[{"floor":6,"key":"REST"},{"data":"Demon Form","floor":10,"key":"SMITH"},{"data":"Uppercut","floor":15,"key":"SMITH"},{"data":"True Grit","floor":23,"key":"SMITH"}],"neow_cost":"PERCENT_DAMAGE","seed_source_timestamp":176705354936863,"circlet_count":0,"master_deck":["AscendersBane","Strike_R","Strike_R","Strike_R","Strike_R","Defend_R","Defend_R","Defend_R","Defend_R","Bash","Offering","Inflame","Carnage","Headbutt","Headbutt","Demon Form+1","Reaper","Uppercut+1","Metallicize","Barricade","True Grit+1","Uppercut+1","Armaments","Regret"],"relics":["Burning Blood","Regal Pillow","MawBank","Bag of Preparation","Pantograph","Velvet Choker","DollysMirror"],"potions_floor_usage":[8,24],"damage_taken":[{"damage":11,"enemies":"Small Slimes","floor":1,"turns":5},{"damage":7,"enemies":"2 Louse","floor":4,"turns":2},{"damage":1,"enemies":"Cultist","floor":5,"turns":3},{"damage":14,"enemies":"3 Louse","floor":7,"turns":3},{"damage":10,"enemies":"Gremlin Nob","floor":8,"turns":3},{"damage":16,"enemies":"Lagavulin","floor":11,"turns":4},{"damage":7,"enemies":"Gremlin Gang","floor":13,"turns":3},{"damage":15,"enemies":"Large Slime","floor":14,"turns":4},{"damage":48,"enemies":"The Guardian","floor":16,"turns":8},{"damage":16,"enemies":"3 Byrds","floor":18,"turns":5},{"damage":14,"enemies":"Spheric Guardian","floor":20,"turns":3},{"damage":24,"enemies":"Snake Plant","floor":22,"turns":4},{"damage":82,"enemies":"Slavers","floor":24,"turns":4}],"seed_played":"4789449067339619304","potions_obtained":[{"floor":1,"key":"EssenceOfSteel"},{"floor":5,"key":"Block Potion"},{"floor":7,"key":"Energy Potion"}],"is_trial":false,"path_per_floor":["?","?","?","M","?"],"character_chosen":"IRONCLAD","items_purchased":["True Grit","DollysMirror"],"campfire_rested":1,"item_purchase_floors":[19,19],"current_hp_per_floor":[46,39,32,31,36,75,67,63,63,63,53,53,76,67,67,78,80,73,73,65,65,53,53,0],"gold":620,"neow_bonus":"THREE_RARE_CARDS","is_prod":false,"is_daily":false,"chose_seed":false,"campfire_upgraded":3,"win_rate":0,"timestamp":1557945654,"path_taken":["M","?","?","M","M","R","M","E","T","R","E","?","?","M","R","BOSS","M","$","M","?","M","R","E"],"build_version":"2019-01-23","purchased_purges":0,"victory":false,"max_hp_per_floor":[80,80,80,80,80,80,80,80,80,80,80,80,80,80,80,80,80,80,80,80,80,80,80,80],"card_choices":[{"not_picked":["Bludgeon","Exhume"],"picked":"Offering","floor":0},{"not_picked":["Intimidate","Clothesline"],"picked":"Inflame","floor":1},{"not_picked":["Dual Wield","Blood for Blood"],"picked":"Carnage","floor":4},{"not_picked":["Havoc","Clash"],"picked":"Headbutt","floor":5},{"not_picked":["Havoc","Thunderclap"],"picked":"Headbutt","floor":7},{"not_picked":["Corruption","Rampage"],"picked":"Demon Form","floor":8},{"not_picked":["Thunderclap","Wild Strike","Blood for Blood"],"picked":"SKIP","floor":11},{"not_picked":["Sentinel","Blood for Blood"],"picked":"Uppercut","floor":13},{"not_picked":["Body Slam","Anger"],"picked":"Metallicize","floor":14},{"not_picked":["Impervious","Berserk"],"picked":"Barricade","floor":16},{"not_picked":["Hemokinesis","Blood for Blood+1","Perfected Strike"],"picked":"SKIP","floor":18},{"not_picked":["Power Through+1","Twin Strike+1"],"picked":"Armaments","floor":20},{"not_picked":["Intimidate","Reckless Charge","Wild Strike+1"],"picked":"SKIP","floor":22}],"player_experience":472347,"relics_obtained":[{"floor":8,"key":"MawBank"},{"floor":9,"key":"Bag of Preparation"},{"floor":11,"key":"Pantograph"}],"event_choices":[{"damage_healed":0,"gold_gain":0,"player_choice":"Success","damage_taken":7,"relics_obtained":["Regal Pillow"],"max_hp_gain":0,"max_hp_loss":0,"event_name":"Scrap Ooze","floor":2,"gold_loss":0},{"cards_removed":["Strike_R"],"damage_healed":0,"gold_gain":0,"player_choice":"Card Removal","damage_taken":7,"max_hp_gain":0,"max_hp_loss":0,"event_name":"Golden Wing","floor":3,"gold_loss":0},{"damage_healed":0,"gold_gain":0,"player_choice":"1 cards matched","damage_taken":0,"max_hp_gain":0,"max_hp_loss":0,"event_name":"Match and Keep!","floor":12,"gold_loss":0,"cards_obtained":["Reaper"]},{"damage_healed":0,"gold_gain":275,"player_choice":"Desecrate","damage_taken":0,"max_hp_gain":0,"max_hp_loss":0,"event_name":"Golden Shrine","floor":21,"gold_loss":0,"cards_obtained":["Regret"]}],"is_beta":false,"boss_relics":[{"not_picked":["Busted Crown","Astrolabe"],"picked":"Velvet Choker"}],"items_purged_floors":[],"is_endless":false,"potions_floor_spawned":[1,5,7],"killed_by":"Slavers","ascension_level":11}