{"gold_per_floor":[110,34,46,57,27,27,54,109,109,109,33,53,53,53,53,125,125,141,44,44,54,71,71,106,106,153,76,1,1,1,33,33,107,107,118,136,152,166,66,66,66,101,113,139,183,195,234,265,277,289],"floor_reached":51,"playtime":3354,"items_purged":["Strike_R","Strike_R"],"score":1662,"play_id":"26cfb8e6-66bd-4740-ac09-c3810093e799","local_time":"20180809181741","is_ascension_mode":true,"campfire_choices":[{"data":"Barricade","floor":6,"key":"SMITH"},{"data":"Entrench","floor":10,"key":"SMITH"},{"floor":13,"key":"REST"},{"data":"Disarm","floor":15,"key":"SMITH"},{"data":"True Grit","floor":23,"key":"SMITH"},{"data":"Shrug It Off","floor":25,"key":"SMITH"},{"data":"Shrug It Off","floor":29,"key":"SMITH"},{"data":"Impervious","floor":32,"key":"SMITH"},{"data":"Bash","floor":40,"key":"SMITH"},{"data":"Metallicize","floor":46,"key":"SMITH"},{"data":"Feel No Pain","floor":49,"key":"SMITH"}],"neow_cost":"NONE","seed_source_timestamp":2453061318204775,"circlet_count":0,"master_deck":["Strike_R","Strike_R","Strike_R","Defend_R","Defend_R","Defend_R","Defend_R","Bash+1","AscendersBane","Barricade+1","Thunderclap","Feel No Pain+1","Pummel","Disarm+1","Entrench+1","Body Slam+1","Uppercut+1","Headbutt+1","Impervious+1","Shrug It Off+1","True Grit+1","Ghostly","Ghostly","Ghostly","Ghostly","Ghostly","Shrug It Off+1","Metallicize+1","Offering","True Grit+1","Body Slam+1","Shrug It Off+1","Ghostly Armor+1"],"relics":["Burning Blood","Mercury Hourglass","Molten Egg 2","Bronze Scales","Mark of Pain","Regal Pillow","Pen Nib","Strawberry","Ancient Tea Set","Cursed Key","MawBank","Shuriken","Potion Belt"],"potions_floor_usage":[8,16,24,36,50,50,50,50],"damage_taken":[{"damage":1,"enemies":"Cultist","floor":1,"turns":4},{"damage":13,"enemies":"Jaw Worm","floor":3,"turns":5},{"damage":4,"enemies":"Small Slimes","floor":4,"turns":4},{"damage":5,"enemies":"Looter","floor":5,"turns":4},{"damage":37,"enemies":"Gremlin Nob","floor":7,"turns":5},{"damage":27,"enemies":"Gremlin Nob","floor":8,"turns":5},{"damage":11,"enemies":"Red Slaver","floor":12,"turns":4},{"damage":2,"enemies":"The Guardian","floor":16,"turns":10},{"damage":7,"enemies":"Chosen","floor":18,"turns":5},{"damage":6,"enemies":"3 Byrds","floor":21,"turns":3},{"damage":1,"enemies":"Cultist and Chosen","floor":22,"turns":9},{"damage":0,"enemies":"Gremlin Leader","floor":24,"turns":8},{"damage":0,"enemies":"Slavers","floor":31,"turns":6},{"damage":17,"enemies":"Collector","floor":33,"turns":12},{"damage":9,"enemies":"3 Darklings","floor":35,"turns":7},{"damage":0,"enemies":"3 Shapes","floor":36,"turns":6},{"damage":3,"enemies":"Transient","floor":37,"turns":5},{"damage":6,"enemies":"Spire Growth","floor":38,"turns":7},{"damage":6,"enemies":"Nemesis","floor":42,"turns":7},{"damage":6,"enemies":"Jaw Worm Horde","floor":44,"turns":5},{"damage":0,"enemies":"Giant Head","floor":45,"turns":5},{"damage":0,"enemies":"Nemesis","floor":47,"turns":7},{"damage":0,"enemies":"Transient","floor":48,"turns":5},{"damage":1,"enemies":"Donu and Deca","floor":50,"turns":7}],"seed_played":"-5732818715103977907","potions_obtained":[{"floor":3,"key":"GamblersBrew"},{"floor":12,"key":"Fire Potion"},{"floor":16,"key":"PowerPotion"},{"floor":21,"key":"BloodPotion"},{"floor":31,"key":"Poison Potion"},{"floor":33,"key":"Regen Potion"},{"floor":36,"key":"Dexterity Potion"},{"floor":41,"key":"Dexterity Potion"},{"floor":47,"key":"EssenceOfSteel"},{"floor":48,"key":"PowerPotion"}],"is_trial":false,"path_per_floor":["M","$","M","M","M","R","E","?","T","R","$","M","R","?","R","B",null,"M","$","?","M","M","R","E","R","T","?","$","R","?","E","R","B",null,"M","M","M","M","$","R","?","E","T","M","E","R","E","M","R","B"],"character_chosen":"IRONCLAD","items_purchased":["Feel No Pain","Uppercut+1","True Grit","Metallicize"],"campfire_rested":1,"item_purchase_floors":[2,11,19,28],"current_hp_per_floor":[73,73,66,68,69,69,38,17,17,17,17,12,34,34,34,38,66,65,65,37,37,37,37,37,37,37,37,37,37,44,44,44,33,41,38,44,44,44,44,44,44,44,44,44,44,44,44,44,44,44],"gold":301,"neow_bonus":"ONE_RANDOM_RARE_CARD","is_prod":false,"is_daily":false,"chose_seed":false,"campfire_upgraded":10,"win_rate":0,"timestamp":1533831461,"path_taken":["M","$","M","?","M","R","E","?","T","R","$","?","R","?","R","BOSS","M","$","?","M","M","R","E","R","T","?","?","R","?","E","R","BOSS","M","?","?","M","$","R","?","E","T","M","E","R","E","?","R","BOSS"],"build_version":"2018-08-08","purchased_purges":2,"victory":true,"max_hp_per_floor":[75,75,75,75,75,75,75,75,75,75,75,75,75,75,75,75,75,75,75,37,37,37,37,37,37,37,37,37,37,44,44,44,44,44,44,44,44,44,44,44,44,44,44,44,44,44,44,44,44,44],"card_choices":[{"not_picked":["Anger","Perfected Strike"],"picked":"Thunderclap","floor":1},{"not_picked":["Rupture","Twin Strike"],"picked":"Pummel","floor":3},{"not_picked":["Heavy Blade","Wild Strike"],"picked":"Disarm","floor":4},{"not_picked":["Clothesline","Double Tap"],"picked":"Entrench","floor":7},{"not_picked":["Fire Breathing","Cleave"],"picked":"Body Slam","floor":8},{"not_picked":["Twin Strike+1","Clash+1"],"picked":"Headbutt+1","floor":12},{"not_picked":["Berserk","Juggernaut"],"picked":"Impervious","floor":16},{"not_picked":["Heavy Blade+1","Warcry"],"picked":"Shrug It Off","floor":18},{"not_picked":["Barricade","Clothesline+1"],"picked":"Shrug It Off","floor":21},{"not_picked":["Limit Break","Immolate+1"],"picked":"Offering","floor":33},{"not_picked":["Shrug It Off","Wild Strike+1"],"picked":"True Grit+1","floor":37},{"not_picked":["Havoc","Clothesline+1"],"picked":"Body Slam+1","floor":38},{"not_picked":["Blood for Blood+1","Carnage+1"],"picked":"Shrug It Off+1","floor":45},{"not_picked":["Body Slam+1","Reaper+1"],"picked":"Ghostly Armor+1","floor":47}],"player_experience":1111956,"relics_obtained":[{"floor":7,"key":"Mercury Hourglass"},{"floor":8,"key":"Molten Egg 2"},{"floor":9,"key":"Bronze Scales"},{"floor":24,"key":"Regal Pillow"},{"floor":26,"key":"Pen Nib"},{"floor":31,"key":"Ancient Tea Set"},{"floor":42,"key":"MawBank"},{"floor":45,"key":"Shuriken"},{"floor":47,"key":"Potion Belt"}],"event_choices":[{"event_name":"Dead Adventurer","player_choice":"Searched \u00273\u0027 times","floor":8,"damage_taken":0},{"event_name":"The Cleric","player_choice":"Leave","floor":14,"damage_taken":0},{"event_name":"Ghosts","player_choice":"Became a Ghost","floor":20,"damage_taken":0},{"event_name":"Drug Dealer","player_choice":"Got JAXXED","floor":27,"damage_taken":0},{"event_name":"Addict","player_choice":"Gave JAX","floor":30,"damage_taken":0},{"event_name":"The Lab","player_choice":"Got Potions","floor":41,"damage_taken":0}],"is_beta":true,"boss_relics":[{"not_picked":["Fusion Hammer","Calling Bell"],"picked":"Mark of Pain"},{"not_picked":["Tiny House","Orrery"],"picked":"Cursed Key"}],"items_purged_floors":[19,39],"is_endless":false,"potions_floor_spawned":[3,12,16,21,31,33,35,36,47,48],"ascension_level":15}