{"gold_per_floor":[111,111,124,137,151,151,169,4,72,102,2,2,22,22,22,22],"floor_reached":16,"playtime":568,"items_purged":["Defend_R","Defend_R"],"score":179,"play_id":"94a3d8b6-32d5-4999-8544-f5e8bf1ff41e","local_time":"20190529160603","is_ascension_mode":true,"campfire_choices":[{"data":"Body Slam","floor":6,"key":"SMITH"},{"data":"Blind","floor":12,"key":"SMITH"},{"data":"Iron Wave","floor":15,"key":"SMITH"}],"neow_cost":"NONE","seed_source_timestamp":190622295851165,"circlet_count":0,"master_deck":["AscendersBane","Strike_R","Strike_R","Strike_R","Defend_R","Defend_R","Bash","Body Slam+1","Iron Wave+1","Shrug It Off","Power Through","Shrug It Off","Blind+1"],"relics":["Burning Blood","Sundial","Champion Belt"],"potions_floor_usage":[5,10],"damage_taken":[{"damage":0,"enemies":"2 Louse","floor":1,"turns":4},{"damage":10,"enemies":"Cultist","floor":3,"turns":4},{"damage":8,"enemies":"Jaw Worm","floor":4,"turns":4},{"damage":0,"enemies":"Looter","floor":5,"turns":4},{"damage":0,"enemies":"2 Fungi Beasts","floor":7,"turns":4},{"damage":11,"enemies":"Gremlin Nob","floor":10,"turns":5},{"damage":1,"enemies":"Gremlin Gang","floor":13,"turns":6},{"damage":75,"enemies":"Slime Boss","floor":16,"turns":24}],"seed_played":"-7039484702004745497","potions_obtained":[{"floor":4,"key":"Weak Potion"},{"floor":7,"key":"Block Potion"}],"is_trial":false,"path_per_floor":["M","?","M","M","M","R","M","$","T","E","$","R","M","$","R","B"],"character_chosen":"IRONCLAD","items_purchased":["Blind"],"campfire_rested":0,"item_purchase_floors":[8],"current_hp_per_floor":[74,74,70,68,74,74,75,75,75,70,70,70,75,75,75,0],"gold":22,"neow_bonus":"REMOVE_CARD","is_prod":false,"is_daily":false,"chose_seed":false,"campfire_upgraded":3,"win_rate":0,"timestamp":1559138763,"path_taken":["M","?","M","M","?","R","M","?","T","E","$","R","M","?","R","BOSS"],"build_version":"2019-01-23","purchased_purges":2,"victory":false,"max_hp_per_floor":[75,75,75,75,75,75,75,75,75,75,75,75,75,75,75,75],"card_choices":[{"not_picked":["Burning Pact","Rupture"],"picked":"Body Slam","floor":1},{"not_picked":["Heavy Blade","True Grit"],"picked":"Iron Wave","floor":3},{"not_picked":["Warcry","Shockwave"],"picked":"Shrug It Off","floor":4},{"not_picked":["Blood for Blood","Pommel Strike"],"picked":"Power Through","floor":5},{"not_picked":["Wild Strike","Battle Trance"],"picked":"Shrug It Off","floor":7},{"not_picked":["Searing Blow","Offering","Reckless Charge"],"picked":"SKIP","floor":10},{"not_picked":["Rampage","Hemokinesis","Clothesline"],"picked":"SKIP","floor":13}],"player_experience":271997,"relics_obtained":[{"floor":9,"key":"Sundial"},{"floor":10,"key":"Champion Belt"}],"event_choices":[{"cards_removed":["Strike_R"],"damage_healed":0,"gold_gain":0,"player_choice":"Card Removal","damage_taken":0,"max_hp_gain":0,"max_hp_loss":0,"event_name":"Wheel of Change","floor":2,"gold_loss":0}],"is_beta":false,"boss_relics":[],"items_purged_floors":[8,11],"is_endless":false,"potions_floor_spawned":[4,7],"killed_by":"Slime Boss","ascension_level":15}