{"gold_per_floor":[110,130,130,150,150,150,162,162,162,190,190,190,219,245,245,347,347,367,386,386,406,424,424,457,457,506,517,517,531,547,647,647,752,752,772,785,241,251,267,267,296,313,337,337,349,383,383,401,401,401,401,401,102,137,137],"floor_reached":56,"playtime":8073,"items_purged":["Phantasmal Killer+1","Strike_G"],"score":1341,"play_id":"989c4ecf-1233-4636-a22d-e3905ccf84c9","local_time":"20190529222351","is_ascension_mode":false,"campfire_choices":[{"data":"Crippling Poison","floor":6.0,"key":"SMITH"},{"data":"Caltrops","floor":8.0,"key":"SMITH"},{"floor":11.0,"key":"REST"},{"floor":12.0,"key":"REST"},{"data":"Noxious Fumes","floor":15.0,"key":"SMITH"},{"data":"Catalyst","floor":23.0,"key":"SMITH"},{"data":"Neutralize","floor":25.0,"key":"SMITH"},{"data":"Burst","floor":28.0,"key":"SMITH"},{"floor":32.0,"key":"REST"},{"floor":40.0,"key":"REST"},{"floor":44.0,"key":"RECALL"},{"data":"1","floor":47.0,"key":"LIFT"},{"floor":49.0,"key":"REST"},{"data":"2","floor":52.0,"key":"LIFT"}],"neow_cost":"NONE","seed_source_timestamp":0,"circlet_count":0,"master_deck":["Defend_G","Defend_G+1","Defend_G","Defend_G","Strike_G","Survivor+1","Neutralize+1","Tactician","Acrobatics","Crippling Poison+1","Caltrops+1","Dodge and Roll","Noxious Fumes+1","Backflip","Burst+1","Footwork+1","Tools of the Trade+1","Deadly Poison","Cloak And Dagger","Catalyst+1","Blur+1","Deadly Poison","Prepared+1","Caltrops+1","Adrenaline","Well Laid Plans+1","Secret Technique","Noxious Fumes+1","Deadly Poison+1","Leg Sweep","Tactician"],"special_seed":0,"relics":["Ring of the Snake","Girya","WingedGreaves","Odd Mushroom","Centennial Puzzle","Astrolabe","Bottled Flame","FossilizedHelix","Dodecahedron","Fusion Hammer","Snake Skull","Art of War","Bag of Marbles","Bag of Preparation","Omamori","Pocketwatch"],"potions_floor_usage":[55,55,55],"damage_taken":[{"damage":18.0,"enemies":"Jaw Worm","floor":1.0,"turns":7.0},{"damage":1.0,"enemies":"Cultist","floor":2.0,"turns":4.0},{"damage":0.0,"enemies":"2 Louse","floor":4.0,"turns":3.0},{"damage":1.0,"enemies":"Blue Slaver","floor":7.0,"turns":4.0},{"damage":26.0,"enemies":"Lagavulin","floor":10.0,"turns":7.0},{"damage":3.0,"enemies":"The Mushroom Lair","floor":13.0,"turns":3.0},{"damage":10.0,"enemies":"3 Sentries","floor":14.0,"turns":5.0},{"damage":13.0,"enemies":"Hexaghost","floor":16.0,"turns":7.0},{"damage":3.0,"enemies":"Chosen","floor":18.0,"turns":6.0},{"damage":16.0,"enemies":"Spheric Guardian","floor":19.0,"turns":4.0},{"damage":6.0,"enemies":"Snecko","floor":21.0,"turns":7.0},{"damage":7.0,"enemies":"Snake Plant","floor":22.0,"turns":4.0},{"damage":0.0,"enemies":"Book of Stabbing","floor":24.0,"turns":6.0},{"damage":0.0,"enemies":"Sentry and Sphere","floor":27.0,"turns":9.0},{"damage":8.0,"enemies":"Centurion and Healer","floor":29.0,"turns":7.0},{"damage":1.0,"enemies":"Shelled Parasite and Fungi","floor":30.0,"turns":4.0},{"damage":4.0,"enemies":"Colosseum Slavers","floor":31.0,"turns":5.0},{"damage":6.0,"enemies":"Colosseum Nobs","floor":31.0,"turns":4.0},{"damage":1.0,"enemies":"Automaton","floor":33.0,"turns":11.0},{"damage":0.0,"enemies":"3 Shapes","floor":35.0,"turns":4.0},{"damage":0.0,"enemies":"3 Darklings","floor":36.0,"turns":4.0},{"damage":21.0,"enemies":"Jaw Worm Horde","floor":38.0,"turns":4.0},{"damage":0.0,"enemies":"Transient","floor":39.0,"turns":5.0},{"damage":0.0,"enemies":"Reptomancer","floor":41.0,"turns":5.0},{"damage":7.0,"enemies":"Sphere and 2 Shapes","floor":42.0,"turns":4.0},{"damage":0.0,"enemies":"Maw","floor":45.0,"turns":6.0},{"damage":0.0,"enemies":"Nemesis","floor":46.0,"turns":7.0},{"damage":0.0,"enemies":"Transient","floor":48.0,"turns":5.0},{"damage":0.0,"enemies":"Time Eater","floor":50.0,"turns":7.0},{"damage":0.0,"enemies":"Shield and Spear","floor":54.0,"turns":6.0},{"damage":4,"enemies":"The Heart","floor":55,"turns":9}],"seed_played":"-4647078206386050833","potions_obtained":[{"floor":4.0,"key":"SteroidPotion"},{"floor":10.0,"key":"Poison Potion"},{"floor":13.0,"key":"Energy Potion"},{"floor":14.0,"key":"LiquidBronze"},{"floor":19.0,"key":"Ancient Potion"},{"floor":20.0,"key":"Dexterity Potion"},{"floor":20.0,"key":"LiquidBronze"},{"floor":20.0,"key":"EssenceOfSteel"},{"floor":24.0,"key":"Ancient Potion"},{"floor":29.0,"key":"SmokeBomb"},{"floor":30.0,"key":"Weak Potion"},{"floor":33.0,"key":"FearPotion"},{"floor":38.0,"key":"SneckoOil"},{"floor":39.0,"key":"Strength Potion"},{"floor":45.0,"key":"SkillPotion"},{"floor":54.0,"key":"Ancient Potion"}],"is_trial":false,"path_per_floor":["M","M","?","M","?","R","M","R","T","E","R","R","?","E","R","B",null,"M","M","?","M","M","R","E","R","T","M","R","M","M","?","R","B",null,"M","M","$","M","M","R","E","M","T","R","M","E","R","M","R","B",null,"R","$","E","B",null],"character_chosen":"THE_SILENT","items_purchased":["Secret Technique","Snake Skull","Art of War","Tactician","GamblersBrew","Block Potion"],"campfire_rested":5,"item_purchase_floors":[37,37,37,53,53,53],"current_hp_per_floor":[52,51,51,51,37,37,36,36,36,10,31,52,49,39,39,26,70,67,51,51,45,38,38,38,38,38,38,38,30,29,19,40,39,70,70,70,70,49,49,70,70,63,63,63,63,63,63,63,70,70,70,70,70,70,66],"gold":137,"neow_bonus":"THREE_CARDS","is_prod":false,"is_daily":false,"chose_seed":false,"campfire_upgraded":6,"win_rate":0,"timestamp":1559179431,"path_taken":["M","M","?","?","?","R","M","R","T","E","R","R","?","E","R","BOSS","M","M","?","M","M","R","E","R","T","M","R","?","?","?","R","BOSS","M","M","$","M","M","R","E","M","T","R","M","E","R","M","R","BOSS","R","$","E","BOSS"],"build_version":"2019-01-23","purchased_purges":2,"victory":true,"max_hp_per_floor":[70,70,70,70,70,70,70,70,70,70,70,70,70,70,70,70,70,70,70,70,70,70,70,70,70,70,70,70,70,70,70,70,70,70,70,70,70,70,70,70,70,70,70,70,70,70,70,70,70,70,70,70,70,70,70],"card_choices":[{"not_picked":["Quick Slash","Predator"],"picked":"Tactician","floor":0.0},{"not_picked":["Flying Knee","Escape Plan","Outmaneuver"],"picked":"SKIP","floor":1.0},{"not_picked":["Predator","Slice"],"picked":"Acrobatics","floor":2.0},{"not_picked":["Bane","Dagger Throw"],"picked":"Crippling Poison","floor":4.0},{"not_picked":["Dagger Spray","Dagger Throw"],"picked":"Caltrops","floor":7.0},{"not_picked":["Dagger Spray","Sucker Punch"],"picked":"Dodge and Roll","floor":10.0},{"not_picked":["Dagger Throw","Choke"],"picked":"Noxious Fumes","floor":13.0},{"not_picked":["Deflect","A Thousand Cuts"],"picked":"Backflip","floor":14.0},{"not_picked":["Corpse Explosion","Adrenaline"],"picked":"Burst","floor":16.0},{"not_picked":["All Out Attack","Slice"],"picked":"Deadly Poison","floor":18.0},{"not_picked":["Quick Slash","Dagger Spray","Backstab"],"picked":"SKIP","floor":19.0},{"not_picked":["Blade Dance","Slice"],"picked":"Cloak And Dagger","floor":21.0},{"not_picked":["Backstab","Leg Sweep"],"picked":"Catalyst","floor":22.0},{"not_picked":["Dagger Throw","Outmaneuver"],"picked":"Blur+1","floor":24.0},{"not_picked":["Dagger Spray+1","Endless Agony"],"picked":"Deadly Poison","floor":27.0},{"not_picked":["Grand Finale","Flying Knee","Sucker Punch+1"],"picked":"SKIP","floor":29.0},{"not_picked":["Deadly Poison","PiercingWail"],"picked":"Prepared+1","floor":30.0},{"not_picked":["Envenom","Prepared+1"],"picked":"Caltrops+1","floor":31.0},{"not_picked":["Grand Finale","Storm of Steel"],"picked":"Adrenaline","floor":33.0},{"not_picked":["Blade Dance+1","Acrobatics","Sucker Punch"],"picked":"SKIP","floor":35.0},{"not_picked":["Eviscerate","Cloak And Dagger+1"],"picked":"Well Laid Plans+1","floor":36.0},{"not_picked":["Distraction+1","Dagger Spray","Slice"],"picked":"SKIP","floor":38.0},{"not_picked":["Cloak And Dagger+1","Dagger Throw","Acrobatics"],"picked":"SKIP","floor":39.0},{"not_picked":["Poisoned Stab","Slice"],"picked":"Noxious Fumes+1","floor":41.0},{"not_picked":["Slice+1","All Out Attack","Finisher"],"picked":"SKIP","floor":42.0},{"not_picked":["Sucker Punch+1","Flying Knee+1"],"picked":"Deadly Poison+1","floor":45.0},{"not_picked":["Deflect","Reflex"],"picked":"Leg Sweep","floor":46.0},{"not_picked":["Predator+1","Prepared","Die Die Die"],"picked":"SKIP","floor":48.0},{"not_picked":["Outmaneuver+1","Distraction+1","Riddle With Holes"],"picked":"SKIP","floor":54.0}],"player_experience":164840,"relics_obtained":[{"floor":9.0,"key":"Girya"},{"floor":10.0,"key":"WingedGreaves"},{"floor":13.0,"key":"Odd Mushroom"},{"floor":14.0,"key":"Centennial Puzzle"},{"floor":24.0,"key":"Bottled Flame"},{"floor":31.0,"key":"FossilizedHelix"},{"floor":31.0,"key":"Dodecahedron"},{"floor":41.0,"key":"Bag of Marbles"},{"floor":43.0,"key":"Bag of Preparation"},{"floor":46.0,"key":"Omamori"},{"floor":54.0,"key":"Pocketwatch"}],"event_choices":[{"cards_removed":["Defend_G"],"damage_healed":0.0,"max_hp_gain":0.0,"max_hp_loss":0.0,"gold_gain":0.0,"event_name":"Purifier","player_choice":"Purged","floor":3.0,"gold_loss":0.0,"damage_taken":0.0},{"damage_healed":0.0,"max_hp_gain":0.0,"max_hp_loss":0.0,"gold_gain":0.0,"event_name":"Shining Light","player_choice":"Entered Light","floor":5.0,"gold_loss":0.0,"damage_taken":14.0,"cards_upgraded":["Defend_G","Survivor"]},{"damage_healed":0.0,"max_hp_gain":0.0,"max_hp_loss":0.0,"gold_gain":0.0,"event_name":"Mushrooms","player_choice":"Fought Mushrooms","floor":13.0,"gold_loss":0.0,"damage_taken":0.0},{"damage_healed":0.0,"max_hp_gain":0.0,"max_hp_loss":0.0,"gold_gain":0.0,"event_name":"Lab","player_choice":"Got Potions","floor":20.0,"gold_loss":0.0,"damage_taken":0.0},{"damage_healed":0.0,"max_hp_gain":0.0,"max_hp_loss":0.0,"gold_gain":0.0,"event_name":"Colosseum","player_choice":"Fight","floor":31.0,"gold_loss":0.0,"damage_taken":0.0},{"damage_healed":0.0,"max_hp_gain":0.0,"max_hp_loss":0.0,"gold_gain":0.0,"event_name":"Colosseum","player_choice":"Fought Nobs","floor":31.0,"gold_loss":0.0,"damage_taken":0.0}],"is_beta":false,"boss_relics":[{"not_picked":["Snecko Eye","Empty Cage"],"picked":"Astrolabe"},{"not_picked":["Black Star","Sozu"],"picked":"Fusion Hammer"}],"items_purged_floors":[37,53],"is_endless":false,"potions_floor_spawned":[4,10,13,14,19,24,29,30,33,38,39,42,45,54],"ascension_level":0}