{"gold_per_floor":[14,25,25,25,46,62,62,96,121,141,141,154,154,189,189,282,282,302,316,8,21,39,39,73,88,111,111,124,124,124,47,47,143,143,163,163,1162,1162,613,613,633,672,672,685,685,31,74,97,97,97],"floor_reached":51,"playtime":3913,"items_purged":["Normality","Normality"],"score":1415,"play_id":"c6e99b08-90cf-4742-a8d2-522e1c2ace82","local_time":"20181112163744","is_ascension_mode":true,"campfire_choices":[{"data":"Infinite Blades","floor":7.0,"key":"SMITH"},{"floor":11.0,"key":"REST"},{"floor":13,"key":"REST"},{"data":"Footwork","floor":15,"key":"SMITH"},{"data":"Burst","floor":23,"key":"SMITH"},{"floor":29,"key":"REST"},{"data":"Dodge and Roll","floor":32,"key":"SMITH"},{"data":"Malaise","floor":40,"key":"SMITH"},{"floor":45,"key":"REST"},{"floor":49,"key":"REST"}],"neow_cost":"NO_GOLD","seed_source_timestamp":285589027035249,"circlet_count":0,"master_deck":["AscendersBane","Defend_G","Defend_G","Defend_G","Defend_G","Defend_G","Strike_G","Strike_G","Strike_G","Strike_G","Strike_G","Survivor","Neutralize+1","Flying Knee","Backflip","Infinite Blades+1","Deadly Poison","Backflip","Footwork+1","Deflect","Noxious Fumes+1","Burst+1","Quick Slash+1","PiercingWail","Dash","Backflip","Dodge and Roll+1","Underhanded Strike+1","PiercingWail","Expertise","Malaise+1","Leg Sweep+1","Apotheosis","Infinite Blades","Footwork","Dodge and Roll+1","Flash of Steel+1","Cloak And Dagger+1","Footwork","Backflip+1","Acrobatics+1"],"special_seed":0,"relics":["Ring of the Snake","Golden Idol","Snake Skull","Boot","Lantern","HoveringKite","Meat on the Bone","Molten Egg 2","Bag of Preparation","Sozu","HandDrill","Toxic Egg 2","Omamori","Kunai","Bag of Marbles"],"potions_floor_usage":[12,19,19,24,28,33,50],"damage_taken":[{"damage":1.0,"enemies":"Small Slimes","floor":1.0,"turns":5.0},{"damage":0.0,"enemies":"2 Louse","floor":2.0,"turns":3.0},{"damage":0.0,"enemies":"Jaw Worm","floor":5.0,"turns":4.0},{"damage":22.0,"enemies":"Lots of Slimes","floor":6.0,"turns":6.0},{"damage":46.0,"enemies":"Gremlin Nob","floor":8.0,"turns":5.0},{"damage":0.0,"enemies":"Blue Slaver","floor":10.0,"turns":5.0},{"damage":14,"enemies":"Exordium Thugs","floor":12,"turns":6},{"damage":7,"enemies":"Lagavulin","floor":14,"turns":8},{"damage":5,"enemies":"Hexaghost","floor":16,"turns":10},{"damage":1,"enemies":"Chosen","floor":18,"turns":6},{"damage":13,"enemies":"2 Thieves","floor":19,"turns":4},{"damage":10,"enemies":"Snecko","floor":21,"turns":9},{"damage":11,"enemies":"Cultist and Chosen","floor":22,"turns":8},{"damage":29,"enemies":"Slavers","floor":24,"turns":8},{"damage":22,"enemies":"3 Cultists","floor":25,"turns":8},{"damage":0,"enemies":"Snake Plant","floor":28,"turns":5},{"damage":27,"enemies":"Champ","floor":33,"turns":17},{"damage":0,"enemies":"Orb Walker","floor":35,"turns":5},{"damage":0,"enemies":"3 Shapes","floor":41,"turns":8},{"damage":24,"enemies":"Nemesis","floor":42,"turns":9},{"damage":11,"enemies":"Sphere and 2 Shapes","floor":44,"turns":6},{"damage":37,"enemies":"Reptomancer","floor":47,"turns":10},{"damage":2,"enemies":"4 Shapes","floor":48,"turns":10},{"damage":12,"enemies":"Donu and Deca","floor":50,"turns":14}],"seed_played":"-1449151492051163078","potions_obtained":[{"floor":2.0,"key":"Fruit Juice"},{"floor":8.0,"key":"SpeedPotion"},{"floor":14,"key":"SteroidPotion"},{"floor":18,"key":"Regen Potion"},{"floor":19,"key":"Dexterity Potion"},{"floor":25,"key":"AttackPotion"},{"floor":27,"key":"GhostInAJar"},{"floor":28,"key":"Energy Potion"}],"is_trial":false,"path_per_floor":["M","M","?","?","M","M","R","E","T","M","R","M","R","E","R","B",null,"M","M","$","M","M","R","E","M","T","?","M","R","?","$","R","B",null,"M","$","?","?","$","R","M","E","T","M","R","$","E","M","R","B",null],"character_chosen":"THE_SILENT","items_purchased":["Meat on the Bone","Dash","Expertise","Apotheosis","HandDrill","Infinite Blades","Kunai","Flash of Steel+1","Cloak And Dagger+1","Footwork","Backflip+1"],"campfire_rested":5,"item_purchase_floors":[20,20,31,39,39,39,46,46,46,46,46],"current_hp_per_floor":[70,70,75,75,75,53,53,7,7,7,29,15,37,30,30,25,63,62,61,61,51,40,40,23,13,13,13,25,47,47,47,47,32,65,65,65,65,65,65,65,65,41,41,42,64,64,39,49,71,59],"gold":97,"neow_bonus":"TWENTY_PERCENT_HP_BONUS","is_prod":false,"is_daily":false,"chose_seed":false,"campfire_upgraded":5,"win_rate":0,"timestamp":1542037064,"path_taken":["M","M","?","?","M","M","R","E","T","M","R","M","R","E","R","BOSS","M","M","$","M","M","R","E","M","T","?","?","R","?","$","R","BOSS","M","?","?","?","$","R","M","E","T","M","R","$","E","M","R","BOSS"],"build_version":"2018-11-08","purchased_purges":2,"victory":true,"max_hp_per_floor":[78,78,76,76,76,76,76,76,76,76,76,76,76,76,76,76,76,76,76,76,76,76,76,76,76,76,76,76,76,76,76,76,76,76,76,76,76,76,76,76,76,76,76,76,76,76,76,76,76,76],"card_choices":[{"not_picked":["Bane","Deflect"],"picked":"Flying Knee","floor":1.0},{"not_picked":["Finisher","Flechettes"],"picked":"Backflip","floor":2.0},{"not_picked":["Heel Hook","Deadly Poison"],"picked":"Infinite Blades","floor":5.0},{"not_picked":["Poisoned Stab","Riddle With Holes"],"picked":"Deadly Poison","floor":6.0},{"not_picked":["Backstab","Dagger Throw"],"picked":"Backflip","floor":8.0},{"not_picked":["Setup","Prepared"],"picked":"Footwork","floor":10.0},{"not_picked":["Die Die Die","Prepared"],"picked":"Deflect","floor":12},{"not_picked":["Well Laid Plans","Slice"],"picked":"Noxious Fumes","floor":14},{"not_picked":["Wraith Form v2","Storm of Steel"],"picked":"Burst","floor":16},{"not_picked":["Sucker Punch","Blade Dance"],"picked":"Quick Slash+1","floor":18},{"not_picked":["Deadly Poison+1","Blade Dance"],"picked":"PiercingWail","floor":19},{"not_picked":["Flying Knee","Phantasmal Killer"],"picked":"Backflip","floor":21},{"not_picked":["Outmaneuver","Prepared+1"],"picked":"Dodge and Roll","floor":22},{"not_picked":["Dash","Flying Knee"],"picked":"Underhanded Strike","floor":24},{"not_picked":["Bane+1","Sucker Punch+1"],"picked":"PiercingWail","floor":28},{"not_picked":["Venomology","Phantasmal Killer"],"picked":"Malaise","floor":33},{"not_picked":["Flechettes+1","Tactician"],"picked":"Leg Sweep+1","floor":35},{"not_picked":["Deadly Poison","Dagger Spray+1"],"picked":"Footwork","floor":41},{"not_picked":["Venomology","Choke+1"],"picked":"Dodge and Roll","floor":42},{"not_picked":["Dagger Throw+1","Deflect+1"],"picked":"Acrobatics+1","floor":47}],"player_experience":1287277,"relics_obtained":[{"floor":8.0,"key":"Snake Skull"},{"floor":9.0,"key":"Boot"},{"floor":14,"key":"Lantern"},{"floor":24,"key":"Molten Egg 2"},{"floor":26,"key":"Bag of Preparation"},{"floor":42,"key":"Toxic Egg 2"},{"floor":43,"key":"Omamori"},{"floor":47,"key":"Bag of Marbles"}],"event_choices":[{"damage_healed":0.0,"max_hp_gain":0.0,"max_hp_loss":7.0,"gold_gain":0.0,"event_name":"Golden Idol","player_choice":"Lose Max HP","floor":3.0,"gold_loss":0.0,"damage_taken":0.0,"relics_obtained":["Golden Idol"]},{"damage_healed":0.0,"max_hp_gain":0.0,"max_hp_loss":0.0,"gold_gain":0.0,"event_name":"Living Wall","player_choice":"Grow","floor":4.0,"gold_loss":0.0,"damage_taken":0.0,"cards_upgraded":["Neutralize"]},{"damage_healed":0,"gold_gain":0,"player_choice":"Got Potions","damage_taken":0,"max_hp_gain":0,"max_hp_loss":0,"event_name":"Lab","floor":27,"gold_loss":0},{"damage_healed":0,"gold_gain":0,"player_choice":"Forge","damage_taken":0,"max_hp_gain":0,"max_hp_loss":0,"event_name":"Accursed Blacksmith","floor":30,"gold_loss":0,"cards_upgraded":["Noxious Fumes"]},{"damage_healed":0,"gold_gain":999,"player_choice":"Gold","damage_taken":0,"max_hp_gain":0,"max_hp_loss":0,"event_name":"MindBloom","floor":37,"gold_loss":0,"cards_obtained":["Normality","Normality"]},{"damage_healed":0,"gold_gain":0,"player_choice":"Ignored","damage_taken":0,"max_hp_gain":0,"max_hp_loss":0,"event_name":"Tomb of Lord Red Mask","floor":38,"gold_loss":0}],"is_beta":false,"boss_relics":[{"not_picked":["White Beast Statue","Eternal Feather"],"picked":"HoveringKite"},{"not_picked":["Cursed Key","Coffee Dripper"],"picked":"Sozu"}],"items_purged_floors":[39,46],"is_endless":false,"potions_floor_spawned":[2,8,14,18,19,25,28,41,47,48],"ascension_level":19}