{"gold_per_floor":[367,367,367,385,40,40,65,65,65,84,110,124,124,24,24,124,124,142,155,155,155,167,201,201,227,227,227,261,280,155,174,174,277,277,297,297,135,135,64,90,90,108,108,108,124,138,138,59,59,59],"floor_reached":50,"playtime":1439,"items_purged":["Strike_G","Strike_G","Strike_G"],"score":590,"play_id":"31284054-c8e3-4ea8-82cf-9faca1c62ebb","local_time":"20190127033442","is_ascension_mode":true,"campfire_choices":[{"data":"Noxious Fumes","floor":6,"key":"SMITH"},{"data":"Bouncing Flask","floor":8,"key":"SMITH"},{"floor":13,"key":"REST"},{"data":"Deadly Poison","floor":15,"key":"SMITH"},{"floor":24,"key":"REST"},{"floor":27,"key":"REST"},{"floor":32,"key":"REST"},{"data":"Footwork","floor":41,"key":"SMITH"},{"data":"Blur","floor":44,"key":"SMITH"},{"floor":47,"key":"REST"},{"data":"Blur","floor":49,"key":"SMITH"}],"neow_cost":"PERCENT_DAMAGE","seed_source_timestamp":61050468212567,"circlet_count":0,"master_deck":["Defend_G","Defend_G","Defend_G","Defend_G","Strike_G","Strike_G","Survivor","Neutralize+1","Bane","Bouncing Flask+1","Noxious Fumes+1","Deadly Poison+1","Poisoned Stab","Caltrops","Footwork+1","Apotheosis+1","Blur+1","Caltrops+1","Deadly Poison+1","Blur+1"],"relics":["Ring of the Snake","TwistedFunnel","Strawberry","Mercury Hourglass","PreservedInsect","Busted Crown","Du-Vu Doll","Shuriken","Molten Egg 2","Bottled Lightning","Eternal Feather","Letter Opener","Question Card"],"potions_floor_usage":[12,25,28,33,33,46,50,50],"damage_taken":[{"damage":3,"enemies":"Jaw Worm","floor":1,"turns":3},{"damage":0,"enemies":"Cultist","floor":4,"turns":4},{"damage":19,"enemies":"3 Sentries","floor":7,"turns":6},{"damage":0,"enemies":"2 Louse","floor":10,"turns":1},{"damage":18,"enemies":"Lagavulin","floor":11,"turns":4},{"damage":0,"enemies":"Red Slaver","floor":12,"turns":3},{"damage":6,"enemies":"The Guardian","floor":16,"turns":6},{"damage":9,"enemies":"Shell Parasite","floor":18,"turns":4},{"damage":11,"enemies":"Spheric Guardian","floor":19,"turns":4},{"damage":7,"enemies":"Cultist and Chosen","floor":22,"turns":4},{"damage":14,"enemies":"Gremlin Leader","floor":23,"turns":5},{"damage":11,"enemies":"Book of Stabbing","floor":25,"turns":4},{"damage":7,"enemies":"Slavers","floor":28,"turns":3},{"damage":13,"enemies":"Snecko","floor":29,"turns":4},{"damage":5,"enemies":"Shelled Parasite and Fungi","floor":31,"turns":4},{"damage":52,"enemies":"Automaton","floor":33,"turns":8},{"damage":2,"enemies":"3 Shapes","floor":35,"turns":5},{"damage":23,"enemies":"Giant Head","floor":40,"turns":7},{"damage":1,"enemies":"Orb Walker","floor":42,"turns":4},{"damage":29,"enemies":"Sphere and 2 Shapes","floor":45,"turns":5},{"damage":11,"enemies":"Maw","floor":46,"turns":6},{"damage":74,"enemies":"Awakened One","floor":50,"turns":13}],"seed_played":"4457730784763725413","potions_obtained":[{"floor":10,"key":"Swift Potion"},{"floor":16,"key":"EssenceOfSteel"},{"floor":22,"key":"Block Potion"},{"floor":29,"key":"Dexterity Potion"},{"floor":31,"key":"FearPotion"},{"floor":33,"key":"EssenceOfSteel"},{"floor":45,"key":"FearPotion"}],"is_trial":false,"path_per_floor":["M","?","?","M","$","R","E","R","T","M","E","M","R","$","R","B",null,"M","M","?","?","M","E","R","E","T","R","E","M","$","M","R","B",null,"M","?","$","?","$","E","R","M","T","R","M","M","R","$","R","B"],"character_chosen":"THE_SILENT","items_purchased":["TwistedFunnel","Noxious Fumes","Apotheosis","Blur","Blur"],"campfire_rested":5,"item_purchase_floors":[5,5,37,39,48],"current_hp_per_floor":[46,69,69,69,69,69,57,57,57,57,39,39,62,62,62,56,77,68,57,57,43,36,22,45,34,34,57,50,37,37,32,55,3,77,75,75,75,75,75,52,61,60,60,69,40,29,61,61,73,0],"gold":59,"neow_bonus":"TWO_FIFTY_GOLD","is_prod":false,"is_daily":false,"chose_seed":false,"campfire_upgraded":6,"win_rate":1,"timestamp":1548556482,"path_taken":["M","?","?","M","$","R","E","R","T","M","E","?","R","$","R","BOSS","M","M","?","?","?","E","R","E","T","R","E","M","?","M","R","BOSS","M","?","$","?","$","E","R","M","T","R","?","M","R","?","R","BOSS"],"build_version":"2019-01-23","purchased_purges":3,"victory":false,"max_hp_per_floor":[70,70,70,70,70,70,77,77,77,77,77,77,77,77,77,77,77,77,77,77,77,77,77,77,77,77,77,77,77,77,77,77,77,77,77,77,77,77,77,77,77,77,77,77,77,77,77,77,77,77],"card_choices":[{"not_picked":["Deflect","PiercingWail"],"picked":"Bane","floor":1},{"not_picked":["Outmaneuver","Infinite Blades"],"picked":"Bouncing Flask","floor":4},{"not_picked":["After Image","Distraction"],"picked":"Deadly Poison","floor":7},{"not_picked":["Cloak And Dagger","Skewer"],"picked":"Poisoned Stab","floor":10},{"not_picked":["Prepared","Infinite Blades","Eviscerate"],"picked":"SKIP","floor":11},{"not_picked":["Flying Knee","Expertise"],"picked":"Caltrops","floor":12},{"not_picked":["Flying Knee"],"picked":"SKIP","floor":18},{"not_picked":["Dagger Spray"],"picked":"SKIP","floor":19},{"not_picked":["Bane"],"picked":"SKIP","floor":22},{"not_picked":["Poisoned Stab"],"picked":"SKIP","floor":23},{"not_picked":[],"picked":"Footwork","floor":25},{"not_picked":["Well Laid Plans+1"],"picked":"SKIP","floor":28},{"not_picked":["Distraction"],"picked":"SKIP","floor":29},{"not_picked":["Sucker Punch+1"],"picked":"SKIP","floor":31},{"not_picked":["Bouncing Flask"],"picked":"SKIP","floor":35},{"not_picked":[],"picked":"Caltrops+1","floor":40},{"not_picked":["Leg Sweep"],"picked":"SKIP","floor":42},{"not_picked":["Sucker Punch+1","Masterful Stab+1"],"picked":"SKIP","floor":45},{"not_picked":["Leg Sweep"],"picked":"Deadly Poison+1","floor":46}],"player_experience":15047,"relics_obtained":[{"floor":7,"key":"Strawberry"},{"floor":9,"key":"Mercury Hourglass"},{"floor":11,"key":"PreservedInsect"},{"floor":23,"key":"Du-Vu Doll"},{"floor":25,"key":"Shuriken"},{"floor":26,"key":"Molten Egg 2"},{"floor":28,"key":"Bottled Lightning"},{"floor":40,"key":"Letter Opener"},{"floor":43,"key":"Question Card"}],"event_choices":[{"damage_healed":23,"gold_gain":0,"player_choice":"Banana","damage_taken":0,"max_hp_gain":0,"max_hp_loss":0,"event_name":"Big Fish","floor":2,"gold_loss":0},{"damage_healed":0,"gold_gain":0,"player_choice":"Upgraded","damage_taken":0,"max_hp_gain":0,"max_hp_loss":0,"event_name":"Upgrade Shrine","floor":3,"gold_loss":0,"cards_upgraded":["Neutralize"]},{"damage_healed":0,"gold_gain":0,"player_choice":"Ignored","damage_taken":0,"max_hp_gain":0,"max_hp_loss":0,"event_name":"Vampires","floor":20,"gold_loss":0},{"damage_healed":0,"gold_gain":0,"player_choice":"POTION ","damage_taken":14,"max_hp_gain":0,"max_hp_loss":0,"event_name":"Knowing Skull","floor":21,"potions_obtained":["GhostInAJar"],"gold_loss":0,"cards_obtained":[]},{"cards_removed":["Defend_G"],"damage_healed":0,"gold_gain":0,"player_choice":"Removed Skill","damage_taken":0,"max_hp_gain":0,"max_hp_loss":0,"event_name":"Falling","floor":36,"gold_loss":0},{"damage_healed":0,"gold_gain":0,"player_choice":"Upgraded","damage_taken":0,"max_hp_gain":0,"max_hp_loss":0,"event_name":"Upgrade Shrine","floor":38,"gold_loss":0,"cards_upgraded":["Apotheosis"]}],"is_beta":false,"boss_relics":[{"not_picked":["Fusion Hammer","Astrolabe"],"picked":"Busted Crown"},{"not_picked":["Coffee Dripper","Black Star"],"picked":"Eternal Feather"}],"items_purged_floors":[5,14,30],"is_endless":false,"potions_floor_spawned":[10,16,22,29,31,33,45],"killed_by":"Awakened One","ascension_level":2}