{"gold_per_floor":[113,113,124,124,12,44,44],"floor_reached":7,"playtime":649,"items_purged":["Pain"],"score":83,"play_id":"8f560781-6811-4a3c-aa8d-7090f2ed397d","local_time":"20190520124918","is_ascension_mode":true,"campfire_choices":[],"neow_cost":"NONE","seed_source_timestamp":113879108173122,"circlet_count":0,"master_deck":["AscendersBane","Defend_G","Defend_G","Defend_G","Defend_G","Defend_G","Strike_G","Strike_G","Strike_G","Strike_G","Strike_G","Survivor","Neutralize","Injury","After Image","Blur","Leg Sweep","Footwork"],"relics":["Calling Bell","Oddly Smooth Stone","Meat on the Bone","Unceasing Top","Juzu Bracelet","The Courier"],"potions_floor_usage":[],"damage_taken":[{"damage":12,"enemies":"Jaw Worm","floor":1,"turns":8},{"damage":12,"enemies":"Small Slimes","floor":3,"turns":6},{"damage":21,"enemies":"3 Sentries","floor":6,"turns":23},{"damage":39,"enemies":"The Mushroom Lair","floor":7,"turns":7}],"seed_played":"-4722053860474888295","potions_obtained":[],"is_trial":false,"path_per_floor":["?","?","?"],"character_chosen":"THE_SILENT","items_purchased":["Leg Sweep"],"campfire_rested":0,"item_purchase_floors":[5],"current_hp_per_floor":[47,44,44,44,44,35,0],"gold":44,"neow_bonus":"BOSS_RELIC","is_prod":false,"is_daily":false,"chose_seed":false,"campfire_upgraded":0,"win_rate":0,"timestamp":1558370958,"path_taken":["M","?","M","?","$","E","?"],"build_version":"2019-01-23","purchased_purges":1,"victory":false,"max_hp_per_floor":[66,66,66,66,66,66,66],"card_choices":[{"not_picked":["Escape Plan","Acrobatics"],"picked":"After Image","floor":1},{"not_picked":["Backflip","Dagger Spray"],"picked":"Blur","floor":3},{"not_picked":["Crippling Poison","Dagger Throw"],"picked":"Footwork","floor":6}],"player_experience":583018,"relics_obtained":[{"floor":0,"key":"Oddly Smooth Stone"},{"floor":0,"key":"Meat on the Bone"},{"floor":0,"key":"Unceasing Top"},{"floor":6,"key":"The Courier"}],"event_choices":[{"damage_healed":0,"gold_gain":0,"player_choice":"Success","damage_taken":3,"relics_obtained":["Juzu Bracelet"],"max_hp_gain":0,"max_hp_loss":0,"event_name":"Scrap Ooze","floor":2,"gold_loss":0},{"cards_removed":["Pain"],"damage_healed":0,"gold_gain":0,"player_choice":"Forget","damage_taken":0,"max_hp_gain":0,"max_hp_loss":0,"event_name":"Living Wall","floor":4,"gold_loss":0},{"damage_healed":0,"gold_gain":0,"player_choice":"Fought Mushrooms","damage_taken":0,"max_hp_gain":0,"max_hp_loss":0,"event_name":"Mushrooms","floor":7,"gold_loss":0}],"is_beta":false,"boss_relics":[],"items_purged_floors":[5],"is_endless":false,"potions_floor_spawned":[],"killed_by":"The Mushroom Lair","ascension_level":14}