{"gold_per_floor":[214,214,225,238,252,286,286,311,311,311,44,77,108,146,146,274,274,294,294,294,307,69,103,103,165,165,194,194,394,427,442,442,571,571,589,32,75,0,20,46,46,79,79,79,106,106,149,74,74,74],"floor_reached":51,"playtime":5811,"items_purged":["Parasite"],"score":1181,"play_id":"324a0b6c-6d70-41b5-8b5a-15f55864f7bb","local_time":"20190506195509","is_ascension_mode":true,"campfire_choices":[{"floor":10,"key":"REST"},{"floor":15,"key":"REST"},{"data":"HandOfGreed","floor":24,"key":"SMITH"},{"data":"Feel No Pain","floor":28,"key":"SMITH"},{"floor":32,"key":"RECALL"},{"data":"Double Tap","floor":41,"key":"SMITH"},{"data":"Double Tap","floor":44,"key":"SMITH"},{"data":"True Grit","floor":46,"key":"SMITH"},{"data":"Bash","floor":49,"key":"SMITH"}],"neow_cost":"NONE","seed_source_timestamp":4162171787267808,"circlet_count":0,"master_deck":["Strike_R+1","Strike_R+1","Defend_R+1","Defend_R+1","Defend_R+1","Defend_R+1","Bash+1","Feel No Pain+1","Armaments","Infernal Blade","Shrug It Off","Demon Form+1","True Grit+1","HandOfGreed+1","Corruption","Reaper","Sever Soul","Havoc","Dark Embrace","Cleave+1","Headbutt","Ghostly Armor","Fiend Fire","Warcry+1","Dark Embrace","True Grit+1","Heavy Blade+1","Havoc","Double Tap+1","Double Tap+1","Reaper+1","Sentinel+1","Power Through+1","Shrug It Off","Shrug It Off","Exhume","Blood for Blood+1","Perfected Strike+1","Shockwave+1","True Grit+1"],"relics":["Burning Blood","Bag of Marbles","Happy Flower","Turnip","Mercury Hourglass","Mummified Hand","Snecko Eye","SsserpentHead","Gremlin Horn","Meat on the Bone","Ice Cream","Mango","Matryoshka","Calipers","Astrolabe","Dead Branch","Kunai","Red Mask","Bottled Flame","Bottled Lightning","Orichalcum","Bottled Tornado","PreservedInsect"],"potions_floor_usage":[6,16,50,50],"damage_taken":[{"damage":9,"enemies":"Jaw Worm","floor":1,"turns":5},{"damage":0,"enemies":"2 Louse","floor":3,"turns":4},{"damage":1,"enemies":"Cultist","floor":4,"turns":4},{"damage":10,"enemies":"Exordium Thugs","floor":5,"turns":5},{"damage":16,"enemies":"3 Sentries","floor":6,"turns":13},{"damage":27,"enemies":"Gremlin Nob","floor":8,"turns":5},{"damage":20,"enemies":"Lagavulin","floor":12,"turns":7},{"damage":1,"enemies":"3 Louse","floor":13,"turns":2},{"damage":15,"enemies":"Lots of Slimes","floor":14,"turns":3},{"damage":27,"enemies":"The Guardian","floor":16,"turns":10},{"damage":18,"enemies":"Shell Parasite","floor":18,"turns":4},{"damage":0,"enemies":"Spheric Guardian","floor":21,"turns":2},{"damage":10,"enemies":"Gremlin Leader","floor":23,"turns":4},{"damage":0,"enemies":"3 Cultists","floor":25,"turns":3},{"damage":9,"enemies":"Book of Stabbing","floor":27,"turns":2},{"damage":0,"enemies":"Colosseum Slavers","floor":29,"turns":2},{"damage":0,"enemies":"Colosseum Nobs","floor":29,"turns":3},{"damage":0,"enemies":"Gremlin Leader","floor":30,"turns":3},{"damage":0,"enemies":"Snecko","floor":31,"turns":2},{"damage":2,"enemies":"Champ","floor":33,"turns":3},{"damage":1,"enemies":"3 Darklings","floor":35,"turns":2},{"damage":10,"enemies":"Orb Walker","floor":37,"turns":3},{"damage":0,"enemies":"Writhing Mass","floor":39,"turns":2},{"damage":3,"enemies":"Reptomancer","floor":40,"turns":3},{"damage":8,"enemies":"Nemesis","floor":42,"turns":3},{"damage":19,"enemies":"Giant Head","floor":45,"turns":7},{"damage":0,"enemies":"Jaw Worm Horde","floor":47,"turns":1},{"damage":8,"enemies":"Time Eater","floor":50,"turns":5}],"seed_played":"8736158772353393219","potions_obtained":[{"floor":5,"key":"SteroidPotion"},{"floor":6,"key":"SneckoOil"},{"floor":12,"key":"PowerPotion"},{"floor":13,"key":"BloodPotion"},{"floor":14,"key":"BloodPotion"},{"floor":23,"key":"Swift Potion"},{"floor":25,"key":"Block Potion"},{"floor":27,"key":"PowerPotion"},{"floor":37,"key":"Regen Potion"},{"floor":42,"key":"LiquidBronze"}],"is_trial":false,"path_per_floor":["?","?","M","?","?","M","?","?"],"character_chosen":"IRONCLAD","items_purchased":["HandOfGreed","Corruption","Ghostly Armor","Fiend Fire","Dead Branch","Kunai","Shrug It Off"],"campfire_rested":2,"item_purchase_floors":[11,11,22,22,36,36,36],"current_hp_per_floor":[69,36,42,47,43,33,33,12,12,36,36,22,27,30,54,52,73,67,67,67,73,73,79,79,80,80,80,80,94,94,94,94,94,94,94,94,90,90,94,94,94,92,92,92,84,84,90,90,90,88],"gold":74,"neow_bonus":"HUNDRED_GOLD","is_prod":false,"is_daily":false,"chose_seed":false,"campfire_upgraded":6,"win_rate":0,"timestamp":1557186909,"path_taken":["M","?","M","M","M","E","?","E","T","R","$","E","M","?","R","BOSS","M","?","?","M","$","E","R","?","T","E","R","?","E","M","R","BOSS","M","$","M","?","M","E","R","E","T","R","E","R","M","$","R","BOSS"],"build_version":"2019-01-23","purchased_purges":1,"victory":true,"max_hp_per_floor":[80,80,80,80,80,80,80,80,80,80,80,80,80,80,80,80,80,80,80,80,80,80,80,80,80,80,80,80,94,94,94,94,94,94,94,94,94,94,94,94,94,94,94,94,94,94,94,91,91,91],"card_choices":[{"not_picked":["Iron Wave","Anger"],"picked":"Feel No Pain","floor":1},{"not_picked":["Heavy Blade","Warcry"],"picked":"Armaments","floor":3},{"not_picked":["Cleave","Twin Strike"],"picked":"Infernal Blade","floor":4},{"not_picked":["Iron Wave","Rampage"],"picked":"Shrug It Off","floor":5},{"not_picked":["Anger","Twin Strike"],"picked":"Demon Form","floor":6},{"not_picked":["Heavy Blade","Rage"],"picked":"True Grit","floor":8},{"not_picked":["Blood for Blood","Iron Wave"],"picked":"Reaper","floor":12},{"not_picked":["Clash","Wild Strike"],"picked":"Sever Soul","floor":13},{"not_picked":["Blood for Blood","Bloodletting"],"picked":"Havoc","floor":14},{"not_picked":["Immolate","Berserk"],"picked":"Dark Embrace","floor":16},{"not_picked":["Heavy Blade","Wild Strike"],"picked":"Cleave+1","floor":18},{"not_picked":["Iron Wave","Rage"],"picked":"Headbutt","floor":21},{"not_picked":["Wild Strike+1","True Grit"],"picked":"Warcry+1","floor":23},{"not_picked":["Carnage","Fire Breathing"],"picked":"Dark Embrace","floor":25},{"not_picked":["Cleave","Rage"],"picked":"True Grit+1","floor":27},{"not_picked":["Feel No Pain","Shrug It Off"],"picked":"Heavy Blade+1","floor":29},{"not_picked":["Wild Strike","Feel No Pain"],"picked":"Havoc","floor":30},{"not_picked":["Clash","Combust"],"picked":"Double Tap","floor":31},{"not_picked":["Dark Embrace","Reaper"],"picked":"Double Tap","floor":33},{"not_picked":["Havoc","Iron Wave"],"picked":"Shrug It Off","floor":35},{"not_picked":["Pommel Strike+1","Shrug It Off"],"picked":"Exhume","floor":37},{"not_picked":["Cleave","Pommel Strike","Thunderclap"],"picked":"SKIP","floor":39},{"not_picked":["Wild Strike","Fiend Fire"],"picked":"Blood for Blood+1","floor":40},{"not_picked":["Body Slam","Pummel"],"picked":"Perfected Strike+1","floor":42},{"not_picked":["Iron Wave+1","Perfected Strike"],"picked":"Shockwave+1","floor":45},{"not_picked":["Perfected Strike","Iron Wave"],"picked":"True Grit+1","floor":47}],"player_experience":286218,"relics_obtained":[{"floor":6,"key":"Happy Flower"},{"floor":8,"key":"Turnip"},{"floor":9,"key":"Mercury Hourglass"},{"floor":12,"key":"Mummified Hand"},{"floor":23,"key":"Gremlin Horn"},{"floor":26,"key":"Meat on the Bone"},{"floor":27,"key":"Ice Cream"},{"floor":29,"key":"Mango"},{"floor":29,"key":"Matryoshka"},{"floor":30,"key":"Calipers"},{"floor":40,"key":"Bottled Flame"},{"floor":42,"key":"Bottled Lightning"},{"floor":43,"key":"Orichalcum"},{"floor":43,"key":"Bottled Tornado"},{"floor":45,"key":"PreservedInsect"}],"event_choices":[{"damage_healed":0,"gold_gain":0,"player_choice":"Success","damage_taken":33,"relics_obtained":["Bag of Marbles"],"max_hp_gain":0,"max_hp_loss":0,"event_name":"Scrap Ooze","floor":2,"gold_loss":0},{"damage_healed":0,"gold_gain":0,"player_choice":"Upgraded","damage_taken":0,"max_hp_gain":0,"max_hp_loss":0,"event_name":"Upgrade Shrine","floor":7,"gold_loss":0,"cards_upgraded":["Demon Form"]},{"damage_healed":0,"gold_gain":0,"player_choice":"Simplicity","damage_taken":0,"max_hp_gain":0,"max_hp_loss":0,"event_name":"Back to Basics","floor":19,"gold_loss":0,"cards_upgraded":["Strike_R","Strike_R","Strike_R","Strike_R","Strike_R","Defend_R","Defend_R","Defend_R","Defend_R"]},{"damage_healed":0,"gold_gain":0,"player_choice":"Trade","damage_taken":0,"relics_obtained":["SsserpentHead"],"max_hp_gain":0,"max_hp_loss":0,"event_name":"FaceTrader","floor":20,"gold_loss":0},{"damage_healed":0,"gold_gain":0,"player_choice":"Fight","damage_taken":0,"max_hp_gain":0,"max_hp_loss":0,"event_name":"Colosseum","floor":29,"gold_loss":0},{"damage_healed":0,"gold_gain":0,"player_choice":"Fought Nobs","damage_taken":0,"max_hp_gain":0,"max_hp_loss":0,"event_name":"Colosseum","floor":29,"gold_loss":0},{"damage_healed":0,"gold_gain":0,"player_choice":"Paid","damage_taken":0,"relics_obtained":["Red Mask"],"max_hp_gain":0,"max_hp_loss":0,"event_name":"Tomb of Lord Red Mask","floor":38,"gold_loss":125}],"is_beta":false,"boss_relics":[{"not_picked":["Pandora\u0027s Box","Black Blood"],"picked":"Snecko Eye"},{"not_picked":["Empty Cage","Velvet Choker"],"picked":"Astrolabe"}],"items_purged_floors":[48],"is_endless":false,"potions_floor_spawned":[5,6,12,13,14,23,25,27,29,31,33,35,37,42,47],"ascension_level":7}