{"gold_per_floor":[119,119,132,143,23,23,23,23,23,40,40,3,3,20,20,123,123,140,151,151,164,178,178,277,377,401,431,463,363,363,238,238,343,343,353,353,353,371,388,388,238,238,287,287,316,334,159,381,381,381],"floor_reached":51,"playtime":1492,"items_purged":["Brutality","Strike_R","Strike_R","Strike_R","Defend_R+1"],"score":756,"play_id":"edac9a31-352b-4f10-97c6-0e6f8c9d269b","local_time":"20190416114554","is_ascension_mode":false,"campfire_choices":[{"data":"Bash","floor":6.0,"key":"SMITH"},{"data":"Shrug It Off","floor":8.0,"key":"SMITH"},{"data":"Flame Barrier","floor":11.0,"key":"SMITH"},{"data":"Defend_R","floor":15.0,"key":"SMITH"},{"data":"Defend_R","floor":23.0,"key":"SMITH"},{"data":"Dropkick","floor":32.0,"key":"SMITH"},{"data":"Dropkick","floor":40.0,"key":"SMITH"},{"floor":42.0,"key":"RECALL"},{"floor":49,"key":"REST"}],"neow_cost":"NONE","seed_source_timestamp":485368634887801,"circlet_count":0,"master_deck":["Defend_R+1","Defend_R+1","Bash+1","Shrug It Off+1","Flame Barrier+1","Dropkick+1","Dropkick+1"],"special_seed":0,"relics":["Burning Blood","Mercury Hourglass","Sozu","Pocketwatch","Kunai","War Paint","Red Mask","Orichalcum","Busted Crown","Vajra","Blue Candle"],"potions_floor_usage":[45],"damage_taken":[{"damage":3.0,"enemies":"Small Slimes","floor":1.0,"turns":4.0},{"damage":8.0,"enemies":"Cultist","floor":3.0,"turns":3.0},{"damage":5.0,"enemies":"2 Louse","floor":4.0,"turns":3.0},{"damage":0.0,"enemies":"Lots of Slimes","floor":10.0,"turns":1.0},{"damage":1.0,"enemies":"Looter","floor":14.0,"turns":4.0},{"damage":47.0,"enemies":"Slime Boss","floor":16.0,"turns":10.0},{"damage":7.0,"enemies":"Shell Parasite","floor":18.0,"turns":5.0},{"damage":4.0,"enemies":"Spheric Guardian","floor":19.0,"turns":5.0},{"damage":0.0,"enemies":"Snecko","floor":21.0,"turns":4.0},{"damage":10.0,"enemies":"Cultist and Chosen","floor":22.0,"turns":7.0},{"damage":7.0,"enemies":"Colosseum Slavers","floor":25.0,"turns":4.0},{"damage":12.0,"enemies":"Colosseum Nobs","floor":25.0,"turns":4.0},{"damage":10.0,"enemies":"Masked Bandits","floor":27.0,"turns":4.0},{"damage":14.0,"enemies":"Slavers","floor":28.0,"turns":6.0},{"damage":21.0,"enemies":"Automaton","floor":33.0,"turns":14.0},{"damage":12.0,"enemies":"3 Darklings","floor":35.0,"turns":9.0},{"damage":0.0,"enemies":"Orb Walker","floor":38.0,"turns":3.0},{"damage":0.0,"enemies":"Jaw Worm Horde","floor":39.0,"turns":4.0},{"damage":46,"enemies":"Reptomancer","floor":45,"turns":10},{"damage":6,"enemies":"Sphere and 2 Shapes","floor":46,"turns":6},{"damage":20,"enemies":"Donu and Deca","floor":50,"turns":9}],"seed_played":"1914276478667828306","potions_obtained":[{"floor":3.0,"key":"BloodPotion"},{"floor":7.0,"key":"EssenceOfSteel"},{"floor":7.0,"key":"Explosive Potion"},{"floor":14.0,"key":"Energy Potion"}],"is_trial":false,"path_per_floor":["M","?","M","M","$","R","?","R","T","M","R","$","?","M","R","B",null,"M","M","?","M","M","R","?","?","T","?","E","$","?","$","R","B",null,"M","?","?","M","M","R","$","R","T","?","E","M","$","?","R","B",null],"character_chosen":"IRONCLAD","items_purchased":["Shrug It Off","Dropkick"],"campfire_rested":1,"item_purchase_floors":[5,12],"current_hp_per_floor":[80,80,78,79,79,79,79,79,79,80,80,80,80,80,80,39,80,79,80,80,80,76,76,76,69,69,73,65,65,80,80,80,65,80,74,74,74,80,80,80,80,80,80,80,40,40,40,40,64,50],"gold":381,"neow_bonus":"REMOVE_CARD","is_prod":false,"is_daily":false,"chose_seed":false,"campfire_upgraded":7,"win_rate":0,"timestamp":1555407954,"path_taken":["M","?","?","M","$","R","?","R","T","?","R","?","?","M","R","BOSS","M","?","?","M","M","R","?","?","T","?","E","$","?","?","R","BOSS","M","?","?","M","M","R","$","R","T","?","E","M","$","?","R","BOSS"],"build_version":"2019-01-23","purchased_purges":5,"victory":true,"max_hp_per_floor":[80,80,80,80,80,80,80,80,80,80,80,80,80,80,80,80,80,80,80,80,80,80,80,80,80,80,80,80,80,80,80,80,80,80,80,80,80,80,80,80,80,80,80,80,80,80,80,80,80,80],"card_choices":[{"not_picked":["Warcry","Iron Wave","True Grit"],"picked":"SKIP","floor":1.0},{"not_picked":["Anger","Wild Strike","True Grit"],"picked":"SKIP","floor":3.0},{"not_picked":["Havoc","Power Through","Body Slam"],"picked":"SKIP","floor":4.0},{"not_picked":["Intimidate","Disarm"],"picked":"Flame Barrier","floor":10.0},{"not_picked":["Armaments","Wild Strike"],"picked":"Dropkick","floor":14.0},{"not_picked":["Warcry","Headbutt+1","Combust"],"picked":"SKIP","floor":18.0},{"not_picked":["Shrug It Off","Twin Strike","Carnage"],"picked":"SKIP","floor":19.0},{"not_picked":["Clothesline","Flame Barrier","Warcry+1"],"picked":"SKIP","floor":21.0},{"not_picked":["True Grit","Sword Boomerang+1","Combust"],"picked":"SKIP","floor":22.0},{"not_picked":["Cleave","Iron Wave","Berserk"],"picked":"SKIP","floor":28.0},{"not_picked":["Iron Wave+1"],"picked":"SKIP","floor":35.0},{"not_picked":["Thunderclap"],"picked":"SKIP","floor":38.0},{"not_picked":["Heavy Blade"],"picked":"SKIP","floor":39.0},{"not_picked":["Blood for Blood+1"],"picked":"SKIP","floor":45},{"not_picked":["Disarm+1"],"picked":"SKIP","floor":46}],"player_experience":176361,"relics_obtained":[{"floor":9.0,"key":"Mercury Hourglass"},{"floor":25.0,"key":"Pocketwatch"},{"floor":25.0,"key":"Kunai"},{"floor":26.0,"key":"War Paint"},{"floor":27.0,"key":"Red Mask"},{"floor":28.0,"key":"Orichalcum"},{"floor":43.0,"key":"Vajra"},{"floor":45,"key":"Blue Candle"}],"event_choices":[{"damage_healed":0.0,"max_hp_gain":0.0,"max_hp_loss":0.0,"gold_gain":0.0,"cards_transformed":["Defend_R"],"event_name":"Transmorgrifier","player_choice":"Transformed","floor":2.0,"gold_loss":0.0,"damage_taken":0.0,"cards_obtained":["Brutality"]},{"damage_healed":0.0,"max_hp_gain":0.0,"max_hp_loss":0.0,"gold_gain":0.0,"event_name":"Lab","player_choice":"Got Potions","floor":7.0,"gold_loss":0.0,"damage_taken":0.0},{"damage_healed":0.0,"max_hp_gain":0.0,"max_hp_loss":0.0,"gold_gain":0.0,"event_name":"Wheel of Change","player_choice":"Full Heal","floor":13.0,"gold_loss":0.0,"damage_taken":0.0},{"damage_healed":0.0,"max_hp_gain":0.0,"max_hp_loss":0.0,"gold_gain":0.0,"event_name":"Cursed Tome","player_choice":"Ignored","floor":20.0,"gold_loss":0.0,"damage_taken":0.0},{"damage_healed":0.0,"max_hp_gain":0.0,"max_hp_loss":0.0,"gold_gain":99.0,"event_name":"Nest","player_choice":"Stole From Cult","floor":24.0,"gold_loss":0.0,"damage_taken":0.0},{"damage_healed":0.0,"max_hp_gain":0.0,"max_hp_loss":0.0,"gold_gain":0.0,"event_name":"Colosseum","player_choice":"Fight","floor":25.0,"gold_loss":0.0,"damage_taken":0.0},{"damage_healed":0.0,"max_hp_gain":0.0,"max_hp_loss":0.0,"gold_gain":0.0,"event_name":"Colosseum","player_choice":"Fought Nobs","floor":25.0,"gold_loss":0.0,"damage_taken":0.0},{"damage_healed":0.0,"max_hp_gain":0.0,"max_hp_loss":0.0,"gold_gain":0.0,"event_name":"Masked Bandits","player_choice":"Fought Bandits","floor":27.0,"gold_loss":0.0,"damage_taken":0.0},{"damage_healed":26.0,"max_hp_gain":0.0,"max_hp_loss":0.0,"gold_gain":0.0,"event_name":"The Library","player_choice":"Heal","floor":30.0,"gold_loss":0.0,"damage_taken":0.0},{"cards_removed":["Strike_R"],"damage_healed":0.0,"max_hp_gain":0.0,"max_hp_loss":0.0,"gold_gain":0.0,"event_name":"Falling","player_choice":"Removed Attack","floor":36.0,"gold_loss":0.0,"damage_taken":0.0},{"damage_healed":0.0,"max_hp_gain":0.0,"max_hp_loss":0.0,"gold_gain":0.0,"event_name":"SensoryStone","player_choice":"Memory 1","floor":37.0,"gold_loss":0.0,"damage_taken":0.0},{"damage_healed":0,"gold_gain":0,"player_choice":"Ignored","damage_taken":0,"max_hp_gain":0,"max_hp_loss":0,"event_name":"Mysterious Sphere","floor":44,"gold_loss":0},{"damage_healed":0,"gold_gain":222,"player_choice":"Wore Mask","damage_taken":0,"max_hp_gain":0,"max_hp_loss":0,"event_name":"Tomb of Lord Red Mask","floor":48,"gold_loss":0}],"is_beta":false,"boss_relics":[{"not_picked":["Snecko Eye","Black Blood"],"picked":"Sozu"},{"not_picked":["Philosopher\u0027s Stone","Lizard Tail"],"picked":"Busted Crown"}],"items_purged_floors":[5,29,31,41,47],"is_endless":false,"potions_floor_spawned":[3,14,16,21,22,25,25,28],"ascension_level":0}