{"gold_per_floor":[115,190,201,201,91,91,117,117,142,142,173,73,93,125,125,199,199,213,238,113,113,113,142,142,153,153,153,171,190,40,40,40,115,115,128,142,157,157,157,157,188,188,235,246,71,84,84,100,100,100],"floor_reached":51,"playtime":1760,"items_purged":["Strike_B","Strike_B","Tempest","Strike_B+1","Zap+1"],"score":1207,"play_id":"db078854-ae23-4f53-bab4-4c0966c61660","local_time":"20190516112800","is_ascension_mode":true,"campfire_choices":[{"data":"Consume","floor":6,"key":"SMITH"},{"data":"Zap","floor":8,"key":"SMITH"},{"data":"Dualcast","floor":10,"key":"SMITH"},{"data":"Capacitor","floor":15,"key":"SMITH"},{"data":"Glacier","floor":24,"key":"SMITH"},{"data":"Cold Snap","floor":27,"key":"SMITH"},{"floor":32,"key":"REST"},{"floor":40,"key":"REST"},{"data":"Gash","floor":42,"key":"SMITH"},{"floor":47,"key":"REST"},{"floor":49,"key":"REST"}],"neow_cost":"NONE","seed_source_timestamp":88290589411050,"circlet_count":0,"master_deck":["AscendersBane","Defend_B+1","Defend_B+1","Defend_B+1","Dualcast+1","Gash+1","Cold Snap+1","Consume+1","Capacitor+1","Gash+1","Cold Snap+1","Glacier+1","Gash+1","Cold Snap+1","Streamline+1","Core Surge+1","Gash+1","Gash+1"],"relics":["Cracked Core","NeowsBlessing","Symbiotic Virus","Pen Nib","Molten Egg 2","Regal Pillow","Eternal Feather","Strawberry","Potion Belt","Blue Candle","MutagenicStrength","Runic Dome","Omamori","Bag of Preparation"],"potions_floor_usage":[16,23,48,50,50,50],"damage_taken":[{"damage":0,"enemies":"Small Slimes","floor":1,"turns":1},{"damage":0,"enemies":"Cultist","floor":3,"turns":1},{"damage":0,"enemies":"Gremlin Nob","floor":7,"turns":1},{"damage":7,"enemies":"Lagavulin","floor":11,"turns":5},{"damage":0,"enemies":"2 Louse","floor":13,"turns":1},{"damage":17,"enemies":"Gremlin Nob","floor":14,"turns":4},{"damage":19,"enemies":"The Guardian","floor":16,"turns":7},{"damage":7,"enemies":"Chosen","floor":18,"turns":4},{"damage":19,"enemies":"Slavers","floor":23,"turns":10},{"damage":12,"enemies":"3 Byrds","floor":25,"turns":7},{"damage":9,"enemies":"Shelled Parasite and Fungi","floor":28,"turns":7},{"damage":15,"enemies":"Centurion and Healer","floor":29,"turns":9},{"damage":38,"enemies":"Champ","floor":33,"turns":13},{"damage":16,"enemies":"3 Darklings","floor":35,"turns":7},{"damage":0,"enemies":"3 Shapes","floor":36,"turns":5},{"damage":19,"enemies":"Spire Growth","floor":37,"turns":6},{"damage":1,"enemies":"Giant Head","floor":41,"turns":9},{"damage":0,"enemies":"Maw","floor":44,"turns":6},{"damage":0,"enemies":"Transient","floor":46,"turns":5},{"damage":0,"enemies":"Jaw Worm Horde","floor":48,"turns":3},{"damage":49,"enemies":"Time Eater","floor":50,"turns":12}],"seed_played":"10214987770887115","potions_obtained":[{"floor":7,"key":"Dexterity Potion"},{"floor":13,"key":"Poison Potion"},{"floor":18,"key":"FocusPotion"},{"floor":25,"key":"LiquidBronze"},{"floor":29,"key":"SteroidPotion"},{"floor":35,"key":"Explosive Potion"},{"floor":37,"key":"SkillPotion"},{"floor":48,"key":"Fire Potion"}],"is_trial":false,"path_per_floor":["M","?","M","?","$","R","E","R","T","R","E","$","M","E","R","B",null,"M","T","$","?","?","E","R","M","T","R","M","M","$","?","R","B",null,"M","M","M","?","?","R","E","R","T","M","$","M","R","M","R","B",null],"character_chosen":"DEFECT","items_purchased":["Consume"],"campfire_rested":4,"item_purchase_floors":[5],"current_hp_per_floor":[68,57,57,57,57,57,57,57,57,57,50,50,50,33,33,14,60,53,60,60,60,60,41,50,38,38,47,38,23,23,23,71,33,70,54,54,35,35,35,82,81,82,82,82,82,82,82,82,82,33],"gold":100,"neow_bonus":"THREE_ENEMY_KILL","is_prod":false,"is_daily":false,"chose_seed":false,"campfire_upgraded":7,"win_rate":0,"timestamp":1557998880,"path_taken":["M","?","M","?","$","R","E","R","T","R","E","$","?","E","R","BOSS","M","?","$","?","?","E","R","M","T","R","M","?","$","?","R","BOSS","M","M","M","?","?","R","E","R","T","?","$","M","R","M","R","BOSS"],"build_version":"2019-01-23","purchased_purges":5,"victory":true,"max_hp_per_floor":[75,75,75,75,75,75,75,75,75,75,75,75,75,75,75,75,75,75,82,82,82,82,82,82,82,82,82,82,82,82,82,82,82,82,82,82,82,82,82,82,82,82,82,82,82,82,82,82,82,82],"card_choices":[{"not_picked":["Beam Cell","Self Repair"],"picked":"Gash","floor":1},{"not_picked":["White Noise","BootSequence"],"picked":"Cold Snap","floor":3},{"not_picked":["Leap","Machine Learning"],"picked":"Capacitor","floor":7},{"not_picked":["White Noise","Hologram"],"picked":"Gash","floor":11},{"not_picked":["Sweeping Beam+1","Stack","Genetic Algorithm"],"picked":"SKIP","floor":13},{"not_picked":["Ball Lightning+1","Redo","Scrape+1"],"picked":"SKIP","floor":14},{"not_picked":["Steam","Hologram"],"picked":"Cold Snap+1","floor":18},{"not_picked":["Rebound+1","Cold Snap+1"],"picked":"Gash+1","floor":23},{"not_picked":["Rebound+1","Sweeping Beam+1"],"picked":"Cold Snap+1","floor":25},{"not_picked":["Ball Lightning+1","Defragment"],"picked":"Streamline+1","floor":28},{"not_picked":["Force Field","Rip and Tear+1","Redo+1"],"picked":"SKIP","floor":29},{"not_picked":["Thunder Strike+1","Amplify"],"picked":"Core Surge+1","floor":33},{"not_picked":["Self Repair","Darkness","Undo"],"picked":"SKIP","floor":35},{"not_picked":["Rebound+1","Ball Lightning+1"],"picked":"Gash+1","floor":36},{"not_picked":["Rebound+1","Gash+1","Darkness"],"picked":"SKIP","floor":37},{"not_picked":["Lockon+1","Electrodynamics","Reprogram"],"picked":"SKIP","floor":41},{"not_picked":["Stack","Barrage+1"],"picked":"Gash+1","floor":44},{"not_picked":["Go for the Eyes+1","Barrage+1","Hello World"],"picked":"SKIP","floor":46},{"not_picked":["Chill","Go for the Eyes+1","Steam"],"picked":"SKIP","floor":48}],"player_experience":216103,"relics_obtained":[{"floor":7,"key":"Symbiotic Virus"},{"floor":9,"key":"Pen Nib"},{"floor":11,"key":"Molten Egg 2"},{"floor":14,"key":"Regal Pillow"},{"floor":19,"key":"Strawberry"},{"floor":23,"key":"Potion Belt"},{"floor":26,"key":"Blue Candle"},{"floor":41,"key":"Omamori"},{"floor":43,"key":"Bag of Preparation"}],"event_choices":[{"damage_healed":0,"gold_gain":75,"player_choice":"Gather Gold","damage_taken":11,"max_hp_gain":0,"max_hp_loss":0,"event_name":"World of Goop","floor":2,"gold_loss":0},{"damage_healed":0,"gold_gain":0,"cards_transformed":["Strike_B"],"player_choice":"Transformed","damage_taken":0,"max_hp_gain":0,"max_hp_loss":0,"event_name":"Transmorgrifier","floor":4,"gold_loss":0,"cards_obtained":["Tempest"]},{"damage_healed":0,"gold_gain":0,"player_choice":"Simplicity","damage_taken":0,"max_hp_gain":0,"max_hp_loss":0,"event_name":"Back to Basics","floor":21,"gold_loss":0,"cards_upgraded":["Strike_B","Defend_B","Defend_B","Defend_B","Defend_B"]},{"damage_healed":0,"gold_gain":0,"player_choice":"Read","damage_taken":0,"max_hp_gain":0,"max_hp_loss":0,"event_name":"The Library","floor":22,"gold_loss":0,"cards_obtained":["Glacier"]},{"damage_healed":0,"gold_gain":0,"player_choice":"Inject Mutagens","damage_taken":0,"relics_obtained":["MutagenicStrength"],"max_hp_gain":0,"max_hp_loss":0,"event_name":"Drug Dealer","floor":31,"gold_loss":0},{"cards_removed":["Defend_B"],"damage_healed":0,"gold_gain":0,"player_choice":"Removed Skill","damage_taken":0,"max_hp_gain":0,"max_hp_loss":0,"event_name":"Falling","floor":38,"gold_loss":0},{"damage_healed":0,"gold_gain":0,"player_choice":"Bought 0 Potions","damage_taken":0,"max_hp_gain":0,"max_hp_loss":0,"event_name":"The Woman in Blue","floor":39,"gold_loss":0}],"is_beta":false,"boss_relics":[{"not_picked":["Philosopher\u0027s Stone","Nuclear Battery"],"picked":"Eternal Feather"},{"not_picked":["White Beast Statue","Orrery"],"picked":"Runic Dome"}],"items_purged_floors":[5,12,20,30,45],"is_endless":false,"potions_floor_spawned":[7,13,18,25,29,35,37,41,44,48],"ascension_level":13}