{"gold_per_floor":[115,115,131,56,68,78,78,78,156,156,174,174,190,190,190,295,295,315,335,370,270,270,270,145,221,221,221,240,252,267,282,282,282],"floor_reached":33,"playtime":834,"items_purged":["Strike_R","Strike_R","Defend_R"],"score":239,"play_id":"1f0b074e-9122-4a17-a6cb-aca647de03c3","local_time":"20190416120021","is_ascension_mode":false,"campfire_choices":[{"data":"Bash","floor":7.0,"key":"SMITH"},{"data":"Defend_R","floor":10.0,"key":"SMITH"},{"data":"Rampage","floor":12.0,"key":"SMITH"},{"data":"Defend_R","floor":15.0,"key":"SMITH"},{"data":"Double Tap","floor":23.0,"key":"SMITH"},{"floor":32,"key":"REST"}],"neow_cost":"NONE","seed_source_timestamp":486915640200283,"circlet_count":0,"master_deck":["Strike_R","Strike_R","Strike_R","Defend_R+1","Defend_R+1","Defend_R+1","Bash+1","Rampage+1","Double Tap+1"],"special_seed":0,"relics":["Burning Blood","Pear","Lizard Tail","Red Mask","Molten Egg 2","Shuriken"],"potions_floor_usage":[29,30],"damage_taken":[{"damage":0.0,"enemies":"2 Louse","floor":1.0,"turns":3.0},{"damage":1.0,"enemies":"Cultist","floor":3.0,"turns":3.0},{"damage":21.0,"enemies":"Jaw Worm","floor":5.0,"turns":4.0},{"damage":16.0,"enemies":"Red Slaver","floor":6.0,"turns":4.0},{"damage":12.0,"enemies":"2 Fungi Beasts","floor":11.0,"turns":3.0},{"damage":1.0,"enemies":"Large Slime","floor":13.0,"turns":5.0},{"damage":57.0,"enemies":"Slime Boss","floor":16.0,"turns":16.0},{"damage":10.0,"enemies":"Shell Parasite","floor":18.0,"turns":4.0},{"damage":21.0,"enemies":"3 Byrds","floor":19.0,"turns":7.0},{"damage":17.0,"enemies":"Masked Bandits","floor":20.0,"turns":6.0},{"damage":28,"enemies":"Shelled Parasite and Fungi","floor":28,"turns":5},{"damage":13,"enemies":"Centurion and Healer","floor":29,"turns":6},{"damage":21,"enemies":"Snecko","floor":30,"turns":5},{"damage":55,"enemies":"Shelled Parasite and Fungi","floor":31,"turns":8},{"damage":85,"enemies":"Automaton","floor":33,"turns":6}],"seed_played":"-3649853801044615015","potions_obtained":[{"floor":11.0,"key":"Weak Potion"},{"floor":13.0,"key":"Fire Potion"},{"floor":16.0,"key":"LiquidBronze"},{"floor":18.0,"key":"Energy Potion"},{"floor":29,"key":"Strength Potion"}],"is_trial":false,"path_per_floor":["M","?","M","$","M","M","R","?","T","R","M","R","M","?","R","B",null,"M","M","?","$","?","R","$","T","T","?","M","M","M","M","R","B"],"character_chosen":"IRONCLAD","items_purchased":[],"campfire_rested":1,"item_purchase_floors":[],"current_hp_per_floor":[80,80,80,80,65,55,55,55,65,65,59,59,64,64,64,13,90,86,71,60,60,60,60,60,60,60,60,38,31,16,33,60,0],"gold":282,"neow_bonus":"THREE_CARDS","is_prod":false,"is_daily":false,"chose_seed":false,"campfire_upgraded":5,"win_rate":0,"timestamp":1555408821,"path_taken":["M","?","M","$","?","M","R","?","T","R","M","R","?","?","R","BOSS","M","M","?","$","?","R","$","?","T","?","M","?","?","M","R","BOSS"],"build_version":"2019-01-23","purchased_purges":3,"victory":false,"max_hp_per_floor":[80,80,80,80,80,80,80,80,90,90,90,90,90,90,90,90,90,90,90,90,90,90,90,90,90,90,90,90,90,90,90,90,90],"card_choices":[{"not_picked":["Flex","Warcry","Anger"],"picked":"SKIP","floor":1.0},{"not_picked":["Pommel Strike","Flex","Power Through"],"picked":"SKIP","floor":3.0},{"not_picked":["Metallicize","Warcry","Clothesline"],"picked":"SKIP","floor":5.0},{"not_picked":["Sentinel","Havoc","True Grit"],"picked":"SKIP","floor":6.0},{"not_picked":["Wild Strike","Disarm"],"picked":"Rampage","floor":11.0},{"not_picked":["Juggernaut","Headbutt","Power Through"],"picked":"SKIP","floor":13.0},{"not_picked":["Exhume","Demon Form"],"picked":"Double Tap","floor":16.0},{"not_picked":["Blood for Blood+1","Headbutt","Flex+1"],"picked":"SKIP","floor":18.0},{"not_picked":["Warcry+1","Clothesline+1","Carnage"],"picked":"SKIP","floor":19.0},{"not_picked":["Intimidate","Wild Strike+1","Clash+1"],"picked":"SKIP","floor":28},{"not_picked":["Sword Boomerang+1","Infernal Blade","Hemokinesis+1"],"picked":"SKIP","floor":29},{"not_picked":["Heavy Blade+1","True Grit","Corruption"],"picked":"SKIP","floor":30},{"not_picked":["Reckless Charge+1","Headbutt+1","Flex+1"],"picked":"SKIP","floor":31}],"player_experience":177853,"relics_obtained":[{"floor":9.0,"key":"Pear"},{"floor":20.0,"key":"Red Mask"},{"floor":25,"key":"Molten Egg 2"},{"floor":26,"key":"Shuriken"}],"event_choices":[{"damage_healed":0.0,"max_hp_gain":0.0,"max_hp_loss":0.0,"gold_gain":0.0,"event_name":"Match and Keep!","player_choice":"0 cards matched","floor":2.0,"gold_loss":0.0,"damage_taken":0.0,"cards_obtained":[]},{"damage_healed":0.0,"max_hp_gain":0.0,"max_hp_loss":0.0,"gold_gain":0.0,"event_name":"Accursed Blacksmith","player_choice":"Forge","floor":8.0,"gold_loss":0.0,"damage_taken":0.0,"cards_upgraded":["Defend_R"]},{"damage_healed":0.0,"max_hp_gain":0.0,"max_hp_loss":0.0,"gold_gain":0.0,"event_name":"NoteForYourself","player_choice":"Ignored","floor":14.0,"gold_loss":0.0,"damage_taken":0.0},{"damage_healed":0.0,"max_hp_gain":0.0,"max_hp_loss":0.0,"gold_gain":0.0,"event_name":"Masked Bandits","player_choice":"Fought Bandits","floor":20.0,"gold_loss":0.0,"damage_taken":0.0},{"damage_healed":0.0,"max_hp_gain":0.0,"max_hp_loss":0.0,"gold_gain":0.0,"event_name":"Vampires","player_choice":"Ignored","floor":22.0,"gold_loss":0.0,"damage_taken":0.0},{"damage_healed":0,"gold_gain":0,"player_choice":"Ignored","damage_taken":0,"max_hp_gain":0,"max_hp_loss":0,"event_name":"The Mausoleum","floor":27,"gold_loss":0}],"is_beta":false,"boss_relics":[{"not_picked":["Cursed Key","Pandora\u0027s Box"],"picked":"Lizard Tail"}],"items_purged_floors":[4,21,24],"is_endless":false,"potions_floor_spawned":[11,13,16,18,29],"killed_by":"Automaton","ascension_level":0}