{"gold_per_floor":[110,121,138,158,158,158,190,208,208,220,220,220,239,253,253,348,348,358,371,35,47,47],"floor_reached":22,"playtime":1153,"items_purged":[],"score":240,"play_id":"dac4ed47-24e4-4256-a5cd-b44a3aa2639a","local_time":"20190531201858","is_ascension_mode":true,"campfire_choices":[{"data":"Sweeping Beam","floor":6,"key":"SMITH"},{"floor":12,"key":"REST"},{"data":"Loop","floor":15,"key":"SMITH"}],"neow_cost":"NONE","seed_source_timestamp":456093914946719,"circlet_count":0,"master_deck":["Strike_B","Strike_B","Strike_B","Strike_B","Defend_B","Defend_B","Defend_B","Defend_B","Zap+1","Dualcast","Cold Snap","Compile Driver","Capacitor","Sweeping Beam+1","Loop+1","Ball Lightning","Hologram","Leap","Creative AI","Heatsinks","Cold Snap","Coolheaded","Blizzard"],"relics":["Cracked Core","Juzu Bracelet","Regal Pillow","Ancient Tea Set","Sozu","Bird Faced Urn"],"potions_floor_usage":[22,22],"damage_taken":[{"damage":0,"enemies":"Small Slimes","floor":1,"turns":2},{"damage":1,"enemies":"2 Louse","floor":2,"turns":2},{"damage":0,"enemies":"Cultist","floor":3,"turns":3},{"damage":9,"enemies":"Looter","floor":4,"turns":3},{"damage":13,"enemies":"3 Sentries","floor":7,"turns":6},{"damage":16,"enemies":"Exordium Thugs","floor":8,"turns":4},{"damage":0,"enemies":"2 Fungi Beasts","floor":10,"turns":3},{"damage":0,"enemies":"Exordium Wildlife","floor":13,"turns":2},{"damage":9,"enemies":"Large Slime","floor":14,"turns":4},{"damage":35,"enemies":"The Guardian","floor":16,"turns":10},{"damage":20,"enemies":"Chosen","floor":18,"turns":5},{"damage":46,"enemies":"3 Byrds","floor":19,"turns":5},{"damage":4,"enemies":"Snecko","floor":21,"turns":5},{"damage":17,"enemies":"Cultist and Chosen","floor":22,"turns":6}],"seed_played":"-5388346517812421748","potions_obtained":[{"floor":2,"key":"SpeedPotion"},{"floor":3,"key":"FearPotion"},{"floor":13,"key":"Fire Potion"}],"is_trial":false,"path_per_floor":["M","M","M","M","?","R","E","M","T","M","?","R","M","M","R","B",null,"M","M","$","M","M"],"character_chosen":"DEFECT","items_purchased":["Bird Faced Urn","Coolheaded"],"campfire_rested":1,"item_purchase_floors":[20,20],"current_hp_per_floor":[75,74,74,65,70,70,57,41,41,41,34,73,73,64,64,29,67,47,1,1,9,0],"gold":47,"neow_bonus":"UPGRADE_CARD","is_prod":false,"is_daily":false,"chose_seed":false,"campfire_upgraded":2,"win_rate":0,"timestamp":1559348338,"path_taken":["M","M","M","M","?","R","E","M","T","M","?","R","M","M","R","BOSS","M","M","$","M","M"],"build_version":"2019-01-23","purchased_purges":0,"victory":false,"max_hp_per_floor":[75,75,75,75,80,80,80,80,80,80,80,80,80,80,80,80,80,80,80,80,80,80],"card_choices":[{"not_picked":["Coolheaded","Sweeping Beam"],"picked":"Cold Snap","floor":1},{"not_picked":["Go for the Eyes","Sweeping Beam"],"picked":"Compile Driver","floor":2},{"not_picked":["Go for the Eyes","Cold Snap"],"picked":"Capacitor","floor":3},{"not_picked":["Redo","Lockon"],"picked":"Sweeping Beam","floor":4},{"not_picked":["Ball Lightning","FTL"],"picked":"Loop","floor":7},{"not_picked":["Scrape","Capacitor"],"picked":"Ball Lightning","floor":8},{"not_picked":["Streamline","Barrage"],"picked":"Hologram","floor":10},{"not_picked":["Sweeping Beam","Doom and Gloom","Ball Lightning"],"picked":"SKIP","floor":13},{"not_picked":["Lockon","Storm"],"picked":"Leap","floor":14},{"not_picked":["Buffer","Seek"],"picked":"Creative AI","floor":16},{"not_picked":["Redo","Turbo+1"],"picked":"Heatsinks","floor":18},{"not_picked":["Go for the Eyes","Gash"],"picked":"Cold Snap","floor":19},{"not_picked":["Barrage","Gash"],"picked":"Blizzard","floor":21}],"player_experience":321343,"relics_obtained":[{"floor":7,"key":"Juzu Bracelet"},{"floor":9,"key":"Regal Pillow"}],"event_choices":[{"damage_healed":0,"gold_gain":0,"player_choice":"Donut","damage_taken":0,"max_hp_gain":5,"max_hp_loss":0,"event_name":"Big Fish","floor":5,"gold_loss":0},{"damage_healed":0,"gold_gain":0,"player_choice":"Success","damage_taken":7,"relics_obtained":["Ancient Tea Set"],"max_hp_gain":0,"max_hp_loss":0,"event_name":"Scrap Ooze","floor":11,"gold_loss":0}],"is_beta":false,"boss_relics":[{"not_picked":["Black Star","Tiny House"],"picked":"Sozu"}],"items_purged_floors":[],"is_endless":false,"potions_floor_spawned":[2,3,13,14,19],"killed_by":"Cultist and Chosen","ascension_level":5}