{"gold_per_floor":[118,193,193,213,226,289,289,318,318,318,328,362,377,397,397,497,497,507,562,78,78,90,124,49,49,72,111,123,165,193,217,229,339,351,380,392,419,447,459,471,515,542,601,17,27,56,74,88,88,88],"floor_reached":51,"playtime":5957,"items_purged":["Strike_G"],"score":940,"play_id":"e9be05d1-18c0-4cca-ad9f-d0df4d697455","local_time":"20190530225056","is_ascension_mode":true,"campfire_choices":[{"floor":7.0,"key":"REST"},{"floor":10.0,"key":"REST"},{"floor":15.0,"key":"REST"},{"data":"Tools of the Trade","floor":25.0,"key":"SMITH"},{"floor":28.0,"key":"REST"},{"data":"Riddle With Holes","floor":32,"key":"SMITH"},{"data":"Wraith Form v2","floor":40,"key":"SMITH"},{"data":"Footwork","floor":49,"key":"SMITH"}],"neow_cost":"NONE","seed_source_timestamp":118902816429966,"circlet_count":0,"master_deck":["Survivor+1","Neutralize","Dagger Spray+1","Riddle With Holes+1","Calculated Gamble+1","Quick Slash","Flying Knee+1","Backflip","Dagger Throw","Flying Knee","Tools of the Trade+1","Leg Sweep+1","Terror+1","All Out Attack+1","Corpse Explosion+1","PiercingWail+1","Prepared+1","Wraith Form v2+1","Burst+1","Grand Finale","Footwork+1","Corpse Explosion+1","Predator","Reflex+1","Cloak And Dagger+1","Underhanded Strike","Underhanded Strike+1","Prepared+1","Night Terror+1","Deadly Poison+1"],"special_seed":0,"relics":["Black Star","Tiny Chest","Mercury Hourglass","Art of War","War Paint","Anchor","Strawberry","Potion Belt","Sozu","Oddly Smooth Stone","Blood Vial","Toxic Egg 2","Kunai","The Courier","MawBank","Centennial Puzzle","Gambling Chip","Pantograph","Bag of Preparation","Pandora\u0027s Box","PreservedInsect","Dream Catcher","Juzu Bracelet","Whetstone","Mango","Bronze Scales","Vajra","Smiling Mask","Happy Flower"],"potions_floor_usage":[],"damage_taken":[{"damage":16.0,"enemies":"Jaw Worm","floor":1.0,"turns":7.0},{"damage":0.0,"enemies":"Cultist","floor":4.0,"turns":3.0},{"damage":4.0,"enemies":"Small Slimes","floor":5.0,"turns":3.0},{"damage":33.0,"enemies":"Lagavulin","floor":6.0,"turns":10.0},{"damage":21.0,"enemies":"Gremlin Nob","floor":8.0,"turns":4.0},{"damage":0.0,"enemies":"3 Louse","floor":11.0,"turns":2.0},{"damage":20.0,"enemies":"Lagavulin","floor":12.0,"turns":8.0},{"damage":0.0,"enemies":"Red Slaver","floor":13.0,"turns":3.0},{"damage":0.0,"enemies":"Looter","floor":14.0,"turns":2.0},{"damage":22.0,"enemies":"Hexaghost","floor":16.0,"turns":12.0},{"damage":13.0,"enemies":"2 Thieves","floor":18.0,"turns":4.0},{"damage":0.0,"enemies":"3 Byrds","floor":22.0,"turns":4.0},{"damage":34.0,"enemies":"Slavers","floor":23.0,"turns":6.0},{"damage":13.0,"enemies":"Book of Stabbing","floor":27.0,"turns":6.0},{"damage":16.0,"enemies":"Gremlin Leader","floor":29.0,"turns":5.0},{"damage":0.0,"enemies":"3 Cultists","floor":30.0,"turns":2.0},{"damage":14.0,"enemies":"Shelled Parasite and Fungi","floor":31.0,"turns":3.0},{"damage":35,"enemies":"Automaton","floor":33,"turns":9},{"damage":0,"enemies":"3 Shapes","floor":35,"turns":2},{"damage":0,"enemies":"3 Darklings","floor":37,"turns":2},{"damage":0,"enemies":"Sphere and 2 Shapes","floor":38,"turns":1},{"damage":4,"enemies":"Reptomancer","floor":41,"turns":5},{"damage":0,"enemies":"4 Shapes","floor":42,"turns":2},{"damage":11,"enemies":"Spire Growth","floor":45,"turns":4},{"damage":9,"enemies":"Giant Head","floor":46,"turns":6},{"damage":13,"enemies":"Transient","floor":47,"turns":5},{"damage":0,"enemies":"4 Shapes","floor":48,"turns":3},{"damage":47,"enemies":"Awakened One","floor":50,"turns":10}],"seed_played":"-1665506278145758540","potions_obtained":[{"floor":1.0,"key":"SkillPotion"},{"floor":4.0,"key":"SpeedPotion"},{"floor":13.0,"key":"EssenceOfSteel"},{"floor":16.0,"key":"Strength Potion"}],"is_trial":false,"path_per_floor":["M","?","?","M","M","E","R","E","T","R","M","E","M","M","R","B",null,"M","T","$","?","M","E","?","R","T","E","R","E","M","M","R","B",null,"M","?","M","M","?","R","E","M","T","$","M","E","M","M","R","B",null],"character_chosen":"THE_SILENT","items_purchased":["Blood Vial","Toxic Egg 2","Whetstone","Mango","Bronze Scales","Vajra"],"campfire_rested":4,"item_purchase_floors":[20,20,44,44,44,44],"current_hp_per_floor":[54,43,43,43,39,6,27,6,6,27,27,14,14,14,37,15,77,64,64,64,64,66,34,34,34,34,23,46,32,34,22,22,14,77,77,77,77,77,77,77,73,75,75,89,80,73,62,64,64,44],"gold":88,"neow_bonus":"BOSS_RELIC","is_prod":false,"is_daily":false,"chose_seed":false,"campfire_upgraded":4,"win_rate":0,"timestamp":1559281856,"path_taken":["M","?","?","M","M","E","R","E","T","R","M","E","M","M","R","BOSS","M","?","$","?","M","E","?","R","T","E","R","E","M","M","R","BOSS","M","?","?","M","?","R","E","M","T","$","M","E","M","M","R","BOSS"],"build_version":"2019-01-23","purchased_purges":1,"victory":true,"max_hp_per_floor":[70,70,70,70,70,70,70,70,70,70,70,77,77,77,77,77,77,77,77,77,77,77,77,77,77,77,77,77,77,77,77,77,77,77,77,77,77,77,77,77,77,77,77,91,91,91,91,91,91,91],"card_choices":[{"not_picked":["Eviscerate","Choke"],"picked":"Dagger Spray","floor":1.0},{"not_picked":["Cloak And Dagger","Catalyst"],"picked":"Riddle With Holes","floor":4.0},{"not_picked":["Masterful Stab","Catalyst"],"picked":"Calculated Gamble","floor":5.0},{"not_picked":["Underhanded Strike","Skewer"],"picked":"Quick Slash","floor":6.0},{"not_picked":["Slice","Riddle With Holes","Finisher"],"picked":"SKIP","floor":8.0},{"not_picked":["Poisoned Stab","Acrobatics"],"picked":"Flying Knee","floor":11.0},{"not_picked":["Bane","Slice"],"picked":"Backflip","floor":12.0},{"not_picked":["Backflip","Grand Finale"],"picked":"Dagger Throw","floor":13.0},{"not_picked":["Deflect","Deadly Poison"],"picked":"Flying Knee","floor":14.0},{"not_picked":["Glass Knife","Doppelganger"],"picked":"Tools of the Trade","floor":16.0},{"not_picked":["Backflip","Heel Hook","Poisoned Stab"],"picked":"SKIP","floor":18.0},{"not_picked":["Deadly Poison+1","Dodge and Roll+1"],"picked":"Leg Sweep+1","floor":22.0},{"not_picked":["Prepared+1","Backflip+1"],"picked":"Terror+1","floor":23.0},{"not_picked":["Slice","Deadly Poison+1"],"picked":"All Out Attack+1","floor":27.0},{"not_picked":["Distraction+1","Prepared+1"],"picked":"Corpse Explosion+1","floor":29.0},{"not_picked":["Deflect+1","Bane"],"picked":"PiercingWail+1","floor":30.0},{"not_picked":["Blade Dance+1","Crippling Poison+1"],"picked":"Prepared+1","floor":31.0},{"not_picked":["Adrenaline+1","Unload"],"picked":"Wraith Form v2","floor":33},{"not_picked":["Dagger Throw","Blade Dance+1","Escape Plan+1"],"picked":"SKIP","floor":35},{"not_picked":["Backflip+1","Cloak And Dagger+1"],"picked":"Underhanded Strike","floor":37},{"not_picked":["Poisoned Stab+1","Infinite Blades","Setup+1"],"picked":"SKIP","floor":38},{"not_picked":["Finisher","Poisoned Stab","Bane+1"],"picked":"SKIP","floor":41},{"not_picked":["Escape Plan+1","Choke+1"],"picked":"Underhanded Strike+1","floor":42},{"not_picked":["Cloak And Dagger+1","Sucker Punch+1"],"picked":"Prepared+1","floor":45},{"not_picked":["Escape Plan+1","Bane","All Out Attack"],"picked":"SKIP","floor":46},{"not_picked":["Dagger Spray","Backflip+1"],"picked":"Night Terror+1","floor":47},{"not_picked":["Slice+1","Noxious Fumes"],"picked":"Deadly Poison+1","floor":48}],"player_experience":145343,"relics_obtained":[{"floor":6.0,"key":"Tiny Chest"},{"floor":6.0,"key":"Mercury Hourglass"},{"floor":8.0,"key":"Art of War"},{"floor":8.0,"key":"War Paint"},{"floor":9.0,"key":"Anchor"},{"floor":12.0,"key":"Strawberry"},{"floor":12.0,"key":"Potion Belt"},{"floor":19.0,"key":"Oddly Smooth Stone"},{"floor":23.0,"key":"Kunai"},{"floor":23.0,"key":"The Courier"},{"floor":26.0,"key":"MawBank"},{"floor":27.0,"key":"Centennial Puzzle"},{"floor":27.0,"key":"Gambling Chip"},{"floor":29.0,"key":"Pantograph"},{"floor":29.0,"key":"Bag of Preparation"},{"floor":41,"key":"PreservedInsect"},{"floor":41,"key":"Dream Catcher"},{"floor":43,"key":"Juzu Bracelet"},{"floor":46,"key":"Smiling Mask"},{"floor":46,"key":"Happy Flower"}],"event_choices":[{"damage_healed":0.0,"max_hp_gain":0.0,"max_hp_loss":0.0,"gold_gain":75.0,"event_name":"World of Goop","player_choice":"Gather Gold","floor":2.0,"gold_loss":0.0,"damage_taken":11.0},{"cards_removed":["Defend_G"],"damage_healed":0.0,"max_hp_gain":0.0,"max_hp_loss":0.0,"gold_gain":0.0,"event_name":"Bonfire Elementals","player_choice":"Offered Basic","floor":3.0,"gold_loss":0.0,"damage_taken":0.0},{"damage_healed":0.0,"max_hp_gain":0.0,"max_hp_loss":0.0,"gold_gain":0.0,"event_name":"The Mausoleum","player_choice":"Ignored","floor":21.0,"gold_loss":0.0,"damage_taken":0.0},{"cards_removed":["Strike_G"],"damage_healed":0.0,"max_hp_gain":0.0,"max_hp_loss":0.0,"gold_gain":0.0,"event_name":"Beggar","player_choice":"Gave Gold","floor":24.0,"gold_loss":75.0,"damage_taken":0.0},{"damage_healed":0,"gold_gain":0,"cards_transformed":["Setup"],"player_choice":"Transformed","damage_taken":0,"max_hp_gain":0,"max_hp_loss":0,"event_name":"Transmorgrifier","floor":36,"gold_loss":0,"cards_obtained":["Cloak And Dagger"]},{"damage_healed":0,"gold_gain":0,"player_choice":"Ignored","damage_taken":0,"max_hp_gain":0,"max_hp_loss":0,"event_name":"Tomb of Lord Red Mask","floor":39,"gold_loss":0}],"is_beta":false,"boss_relics":[{"not_picked":["Eternal Feather","Empty Cage"],"picked":"Sozu"},{"not_picked":["Lizard Tail","WristBlade"],"picked":"Pandora\u0027s Box"}],"items_purged_floors":[20],"is_endless":false,"potions_floor_spawned":[1,4,13,16,23,27,29,33,37,38,42,47,48],"ascension_level":2}