{"gold_per_floor":[116,131,146,171,246,246,266,294,294,364,364,382,400,427,427,530,530,541,641,656,15,15,15,15],"floor_reached":24,"playtime":7059,"items_purged":[],"score":224,"play_id":"3a76d822-b940-447d-b36b-4410abc75393","local_time":"20181008210513","is_ascension_mode":true,"campfire_choices":[{"data":"Finisher","floor":6,"key":"SMITH"},{"data":"Cloak And Dagger","floor":11,"key":"SMITH"},{"floor":15,"key":"REST"},{"floor":23,"key":"REST"}],"neow_cost":"NONE","seed_source_timestamp":452123701067929,"circlet_count":0,"master_deck":["Defend_G","Defend_G","Defend_G","Defend_G","Defend_G","Strike_G","Strike_G","Strike_G","Strike_G","Strike_G","Survivor","Neutralize","Storm of Steel","Deadly Poison","Cloak And Dagger+1","Finisher+1","Catalyst","Acrobatics","Dagger Spray","Corpse Explosion","Reflex","Envenom","Deadly Poison","All Out Attack+1","Dash","Finesse","After Image+1"],"relics":["Ring of the Snake","Centennial Puzzle","Odd Mushroom","Gambling Chip","Blood Vial","Paper Crane","Letter Opener","White Beast Statue","Frozen Egg 2","Pen Nib"],"potions_floor_usage":[7,8,16,18],"damage_taken":[{"damage":0,"enemies":"Cultist","floor":1,"turns":4},{"damage":0,"enemies":"Small Slimes","floor":2,"turns":3},{"damage":0,"enemies":"2 Louse","floor":3,"turns":2},{"damage":12,"enemies":"The Mushroom Lair","floor":7,"turns":3},{"damage":21,"enemies":"Lagavulin","floor":8,"turns":7},{"damage":1,"enemies":"Looter","floor":12,"turns":3},{"damage":2,"enemies":"Blue Slaver","floor":13,"turns":2},{"damage":3,"enemies":"Gremlin Nob","floor":14,"turns":3},{"damage":30,"enemies":"The Guardian","floor":16,"turns":9},{"damage":10,"enemies":"Chosen","floor":18,"turns":5},{"damage":54,"enemies":"Spheric Guardian","floor":20,"turns":6},{"damage":47,"enemies":"Centurion and Healer","floor":24,"turns":6}],"seed_played":"-8189371010741328834","potions_obtained":[{"floor":2,"key":"Strength Potion"},{"floor":3,"key":"SneckoOil"},{"floor":7,"key":"SkillPotion"},{"floor":13,"key":"Energy Potion"},{"floor":18,"key":"Ancient Potion"},{"floor":20,"key":"Explosive Potion"}],"is_trial":false,"path_per_floor":["M","M","M","T","?","R","?","E","T","T","R","M","M","E","R","B",null,"M","?","M","$","$","R"],"character_chosen":"THE_SILENT","items_purchased":["Dash","Finesse","Frozen Egg 2","After Image+1","Pen Nib"],"campfire_rested":2,"item_purchase_floors":[21,21,21,21,21],"current_hp_per_floor":[70,70,70,70,63,63,51,30,30,30,30,31,31,30,51,23,70,60,60,8,8,8,29,0],"gold":15,"neow_bonus":"ONE_RANDOM_RARE_CARD","is_prod":false,"is_daily":false,"chose_seed":false,"campfire_upgraded":2,"win_rate":0,"timestamp":1539047113,"path_taken":["M","M","?","?","?","R","?","E","T","?","R","?","?","E","R","BOSS","M","?","?","?","$","R","M"],"build_version":"2018-09-06","purchased_purges":0,"victory":false,"max_hp_per_floor":[70,70,70,70,70,70,70,70,70,70,70,70,70,70,70,70,70,70,70,70,70,70,70,70],"card_choices":[{"not_picked":["Bane","Eviscerate"],"picked":"Deadly Poison","floor":1},{"not_picked":["Underhanded Strike","Leg Sweep"],"picked":"Cloak And Dagger","floor":2},{"not_picked":["PiercingWail","Flying Knee"],"picked":"Finisher","floor":3},{"not_picked":["Deadly Poison","Choke"],"picked":"Catalyst","floor":7},{"not_picked":["Reflex","Sucker Punch"],"picked":"Acrobatics","floor":8},{"not_picked":["Blade Dance","Predator"],"picked":"Dagger Spray","floor":12},{"not_picked":["Acrobatics","Tactician"],"picked":"Corpse Explosion","floor":13},{"not_picked":["Blade Dance","Bullet Time"],"picked":"Reflex","floor":14},{"not_picked":["Tools of the Trade","Doppelganger"],"picked":"Envenom","floor":16},{"not_picked":["Underhanded Strike","Backflip+1"],"picked":"Deadly Poison","floor":18},{"not_picked":["Deflect","Cloak And Dagger"],"picked":"All Out Attack+1","floor":20}],"player_experience":66136,"relics_obtained":[{"floor":4,"key":"Centennial Puzzle"},{"floor":7,"key":"Odd Mushroom"},{"floor":8,"key":"Gambling Chip"},{"floor":9,"key":"Blood Vial"},{"floor":10,"key":"Paper Crane"},{"floor":14,"key":"Letter Opener"}],"event_choices":[{"event_name":"FaceTrader","player_choice":"Touch","floor":5,"damage_taken":0},{"event_name":"Mushrooms","player_choice":"Fought Mushrooms","floor":7,"damage_taken":0},{"event_name":"Golden Shrine","player_choice":"Pray","floor":19,"damage_taken":0}],"is_beta":false,"boss_relics":[{"not_picked":["Tiny House","Empty Cage"],"picked":"White Beast Statue"}],"items_purged_floors":[],"is_endless":false,"potions_floor_spawned":[2,3,7,13,18,20],"killed_by":"Centurion and Healer","ascension_level":2}