{"gold_per_floor":[217,217,237,312,326,326,357,370,441,441,468,468,84,107,107,228,228,243,243,261,9,9,9,28,53,78,99,137,162,201,220,220,339,402,415,4,20,36,50,85,85,85,109,69,69,21,60,84,84,84,84,84,14,50,50],"floor_reached":55,"playtime":9361,"items_purged":["Strike_G","Shame"],"score":819,"play_id":"b0a6e8a1-8831-4850-8cf9-86cbfc9d29f9","local_time":"20190518142830","is_ascension_mode":false,"campfire_choices":[{"data":"Bouncing Flask","floor":6.0,"key":"SMITH"},{"data":"Neutralize","floor":10.0,"key":"SMITH"},{"floor":12.0,"key":"REST"},{"data":"Leg Sweep","floor":15.0,"key":"SMITH"},{"data":"Prepared","floor":32.0,"key":"SMITH"},{"data":"After Image","floor":41,"key":"SMITH"},{"data":"Mayhem","floor":45,"key":"SMITH"},{"floor":49,"key":"RECALL"},{"data":"Noxious Fumes","floor":52,"key":"SMITH"}],"neow_cost":"NONE","seed_source_timestamp":0,"circlet_count":0,"master_deck":["Defend_G+1","Defend_G+1","Defend_G+1","Defend_G+1","Defend_G+1","Strike_G+1","Strike_G+1","Survivor","Neutralize+1","Sucker Punch","Cloak And Dagger","Bouncing Flask+1","Noxious Fumes","Leg Sweep+1","Deadly Poison+1","PiercingWail","Poisoned Stab","Heel Hook","Backflip","Footwork","Poisoned Stab","Backstab","PiercingWail","Poisoned Stab","PiercingWail","Prepared+1","Dagger Spray+1","Noxious Fumes+1","Dagger Spray+1","Master of Strategy","Heel Hook","Backflip+1","Crippling Poison","After Image+1","Mayhem+1","Thinking Ahead","Noxious Fumes"],"special_seed":0,"relics":["Ring of the Snake","Golden Idol","Tingsha","Paper Crane","Potion Belt","TwistedFunnel","Empty Cage","Juzu Bracelet","Happy Flower","Regal Pillow","Tiny House","Meat on the Bone","Blood Vial","Bronze Scales","Gremlin Horn","Bag of Preparation"],"potions_floor_usage":[40,40,47,47,50,50,50,50,50,50,54,55],"damage_taken":[{"damage":0.0,"enemies":"Small Slimes","floor":1.0,"turns":4.0},{"damage":0.0,"enemies":"Jaw Worm","floor":3.0,"turns":3.0},{"damage":0.0,"enemies":"2 Louse","floor":5.0,"turns":2.0},{"damage":26.0,"enemies":"Gremlin Nob","floor":7.0,"turns":4.0},{"damage":11.0,"enemies":"Large Slime","floor":8.0,"turns":9.0},{"damage":6.0,"enemies":"Exordium Thugs","floor":14.0,"turns":3.0},{"damage":11.0,"enemies":"Slime Boss","floor":16.0,"turns":10.0},{"damage":9.0,"enemies":"2 Thieves","floor":18.0,"turns":4.0},{"damage":11.0,"enemies":"Chosen","floor":20.0,"turns":5.0},{"damage":1.0,"enemies":"Snecko","floor":24.0,"turns":5.0},{"damage":9.0,"enemies":"Sentry and Sphere","floor":25.0,"turns":7.0},{"damage":0.0,"enemies":"Snake Plant","floor":27.0,"turns":6.0},{"damage":4.0,"enemies":"Book of Stabbing","floor":28.0,"turns":7.0},{"damage":1.0,"enemies":"Cultist and Chosen","floor":29.0,"turns":6.0},{"damage":0.0,"enemies":"Gremlin Leader","floor":30.0,"turns":6.0},{"damage":10.0,"enemies":"Centurion and Healer","floor":31.0,"turns":8.0},{"damage":20.0,"enemies":"Collector","floor":33.0,"turns":8.0},{"damage":9,"enemies":"3 Darklings","floor":35,"turns":7},{"damage":1,"enemies":"3 Shapes","floor":37,"turns":4},{"damage":25,"enemies":"Spire Growth","floor":38,"turns":6},{"damage":0,"enemies":"3 Darklings","floor":39,"turns":6},{"damage":14,"enemies":"Nemesis","floor":40,"turns":7},{"damage":2,"enemies":"Giant Head","floor":47,"turns":11},{"damage":3,"enemies":"Jaw Worm Horde","floor":48,"turns":6},{"damage":43,"enemies":"Donu and Deca","floor":50,"turns":12},{"damage":55,"enemies":"Shield and Spear","floor":54,"turns":8},{"damage":52,"enemies":"The Heart","floor":55,"turns":5}],"seed_played":"-3015698618870129323","potions_obtained":[{"floor":3.0,"key":"Swift Potion"},{"floor":8.0,"key":"SteroidPotion"},{"floor":14.0,"key":"GhostInAJar"},{"floor":16.0,"key":"EssenceOfSteel"},{"floor":24.0,"key":"Strength Potion"},{"floor":27.0,"key":"Energy Potion"},{"floor":28.0,"key":"LiquidBronze"},{"floor":29.0,"key":"Swift Potion"},{"floor":34,"key":"SpeedPotion"},{"floor":37,"key":"Ancient Potion"},{"floor":40,"key":"SpeedPotion"},{"floor":44,"key":"Poison Potion"},{"floor":44,"key":"Fruit Juice"},{"floor":44,"key":"EntropicBrew"},{"floor":47,"key":"Dexterity Potion"}],"is_trial":false,"path_per_floor":["M","?","M","?","M","R","E","M","T","R","T","R","$","M","R","B",null,"M","?","M","$","?","?","M","M","T","M","E","M","E","M","R","B",null,"M","$","M","M","M","E","R","?","T","?","R","$","E","M","R","B",null,"R","$","E","B"],"character_chosen":"THE_SILENT","items_purchased":["TwistedFunnel","Deadly Poison","SpeedPotion","Backflip","Footwork","Fire Potion","Meat on the Bone","Master of Strategy","Dexterity Potion","Noxious Fumes"],"campfire_rested":1,"item_purchase_floors":[13,13,13,21,21,21,36,36,46,53],"current_hp_per_floor":[70,53,53,42,42,42,16,5,5,5,5,26,26,20,20,9,70,61,61,50,50,50,80,79,70,70,70,66,65,65,55,55,35,85,76,76,75,50,50,48,48,38,38,38,38,38,55,54,54,25,90,90,90,47,0],"gold":50,"neow_bonus":"HUNDRED_GOLD","is_prod":false,"is_daily":false,"chose_seed":false,"campfire_upgraded":7,"win_rate":0,"timestamp":1558200510,"path_taken":["M","?","M","?","M","R","E","?","T","R","?","R","$","M","R","BOSS","M","?","M","$","?","?","M","M","T","M","E","M","E","M","R","BOSS","M","$","M","M","M","E","R","?","T","?","R","$","E","M","R","BOSS","R","$","E","BOSS"],"build_version":"2019-01-23","purchased_purges":2,"victory":false,"max_hp_per_floor":[70,70,70,70,70,70,70,70,70,70,70,70,70,70,70,70,70,70,70,70,70,70,80,80,80,80,80,80,80,80,80,80,80,85,85,85,85,85,85,85,85,85,85,85,85,85,90,90,90,90,90,90,90,90,90],"card_choices":[{"not_picked":["Skewer","Outmaneuver"],"picked":"Sucker Punch","floor":1.0},{"not_picked":["Choke","Caltrops"],"picked":"Cloak And Dagger","floor":3.0},{"not_picked":["Bane","Heel Hook"],"picked":"Bouncing Flask","floor":5.0},{"not_picked":["Blur","Malaise"],"picked":"Noxious Fumes","floor":7.0},{"not_picked":["Dash","Quick Slash"],"picked":"Leg Sweep","floor":8.0},{"not_picked":["Finisher","Deflect"],"picked":"PiercingWail","floor":14.0},{"not_picked":["Glass Knife","After Image"],"picked":"Bullet Time","floor":16.0},{"not_picked":["Deflect+1","Backflip"],"picked":"Poisoned Stab","floor":18.0},{"not_picked":["Outmaneuver","Footwork"],"picked":"Heel Hook","floor":20.0},{"not_picked":["Backflip","PiercingWail"],"picked":"Poisoned Stab","floor":24.0},{"not_picked":["Riddle With Holes","Cloak And Dagger"],"picked":"Backstab","floor":25.0},{"not_picked":["Infinite Blades","Blade Dance"],"picked":"PiercingWail","floor":27.0},{"not_picked":["Underhanded Strike","Blade Dance"],"picked":"Poisoned Stab","floor":28.0},{"not_picked":["Riddle With Holes","Deadly Poison"],"picked":"PiercingWail","floor":29.0},{"not_picked":["Leg Sweep","Glass Knife"],"picked":"Prepared","floor":30.0},{"not_picked":["Reflex+1","Acrobatics"],"picked":"Dagger Spray+1","floor":31.0},{"not_picked":["Bane+1","Dagger Spray"],"picked":"Noxious Fumes","floor":34},{"not_picked":["Bane+1","Deadly Poison+1"],"picked":"Dagger Spray+1","floor":35},{"not_picked":["Acrobatics","Slice"],"picked":"Heel Hook","floor":37},{"not_picked":["Infinite Blades+1","Bane+1"],"picked":"Backflip+1","floor":38},{"not_picked":["Caltrops+1","Blade Dance"],"picked":"Crippling Poison","floor":39},{"not_picked":["Deflect","PiercingWail"],"picked":"After Image","floor":40},{"not_picked":["Metamorphosis","Enlightenment"],"picked":"Mayhem","floor":42},{"not_picked":["Discovery","Forethought"],"picked":"Thinking Ahead","floor":42},{"not_picked":["Caltrops+1","Choke+1","Acrobatics"],"picked":"SKIP","floor":47},{"not_picked":["Deflect","Dagger Spray+1","Endless Agony"],"picked":"SKIP","floor":48},{"not_picked":["Flying Knee","Bane","Underhanded Strike+1"],"picked":"SKIP","floor":54}],"player_experience":97365,"relics_obtained":[{"floor":7.0,"key":"Tingsha"},{"floor":9.0,"key":"Paper Crane"},{"floor":11.0,"key":"Potion Belt"},{"floor":28.0,"key":"Happy Flower"},{"floor":30.0,"key":"Regal Pillow"},{"floor":40,"key":"Blood Vial"},{"floor":43,"key":"Bronze Scales"},{"floor":47,"key":"Gremlin Horn"},{"floor":54,"key":"Bag of Preparation"}],"event_choices":[{"damage_healed":0.0,"max_hp_gain":0.0,"max_hp_loss":0.0,"gold_gain":0.0,"event_name":"Golden Idol","player_choice":"Take Damage","floor":2.0,"gold_loss":0.0,"damage_taken":17.0,"relics_obtained":["Golden Idol"]},{"damage_healed":0.0,"max_hp_gain":0.0,"max_hp_loss":0.0,"gold_gain":75.0,"event_name":"World of Goop","player_choice":"Gather Gold","floor":4.0,"gold_loss":0.0,"damage_taken":11.0},{"damage_healed":0.0,"max_hp_gain":0.0,"max_hp_loss":0.0,"gold_gain":0.0,"event_name":"Addict","player_choice":"Stole Relic","floor":19.0,"gold_loss":0.0,"damage_taken":0.0,"relics_obtained":["Juzu Bracelet"],"cards_obtained":["Shame"]},{"damage_healed":0.0,"max_hp_gain":0.0,"max_hp_loss":0.0,"gold_gain":0.0,"event_name":"Back to Basics","player_choice":"Simplicity","floor":22.0,"gold_loss":0.0,"damage_taken":0.0,"cards_upgraded":["Defend_G","Defend_G","Defend_G","Defend_G","Defend_G","Strike_G","Strike_G"]},{"cards_removed":["Bullet Time"],"damage_healed":20.0,"max_hp_gain":10.0,"max_hp_loss":0.0,"gold_gain":0.0,"event_name":"Bonfire Elementals","player_choice":"Offered Rare","floor":23.0,"gold_loss":0.0,"damage_taken":0.0},{"damage_healed":0,"gold_gain":0,"player_choice":"Memory 3","damage_taken":10,"max_hp_gain":0,"max_hp_loss":0,"event_name":"SensoryStone","floor":42,"gold_loss":0},{"damage_healed":0,"gold_gain":0,"player_choice":"Bought 3 Potions","damage_taken":0,"max_hp_gain":0,"max_hp_loss":0,"event_name":"The Woman in Blue","floor":44,"gold_loss":0}],"is_beta":false,"boss_relics":[{"not_picked":["Ectoplasm","Fusion Hammer"],"picked":"Empty Cage"},{"not_picked":["Calling Bell","Astrolabe"],"picked":"Tiny House"}],"items_purged_floors":[13,21],"is_endless":false,"potions_floor_spawned":[3,8,14,16,24,27,28,29,37,40,47],"killed_by":"The Heart","ascension_level":0}