{"gold_per_floor":[112,124,124,142,142,177,177,215,215,255,280,280,280,178,178,304,304,323,323,248,272,0,43,43,43,94,114,148,148,148,172,172,172],"floor_reached":33,"playtime":4857,"items_purged":["Strike_R","Strike_R"],"score":376,"play_id":"d7de344c-ceff-4c3c-9b5e-950f7c552d08","local_time":"20190512235852","is_ascension_mode":false,"campfire_choices":[{"floor":7,"key":"REST"},{"floor":15,"key":"REST"},{"floor":25,"key":"RECALL"},{"data":"Secret Weapon","floor":32,"key":"SMITH"}],"neow_cost":"TEN_PERCENT_HP_LOSS","seed_source_timestamp":8242222269726,"circlet_count":0,"master_deck":["Strike_R","Defend_R","Defend_R","Defend_R","Defend_R","Bash","Reaper","Whirlwind","Bludgeon","Pommel Strike","Clash","Feed","Shrug It Off+1","Secret Weapon+1","Ghostly","Ghostly","Ghostly","Ghostly","Ghostly","Armaments","Swift Strike","Infernal Blade+1"],"relics":["Burning Blood","Golden Idol","Paper Frog","Regal Pillow","WingedGreaves","Dream Catcher","Bag of Preparation","Coffee Dripper","MutagenicStrength","Lantern","Happy Flower","Mummified Hand","Self Forming Clay"],"potions_floor_usage":[6,23,23,33,33],"damage_taken":[{"damage":5,"enemies":"Small Slimes","floor":1,"turns":4},{"damage":10,"enemies":"Jaw Worm","floor":2,"turns":4},{"damage":2,"enemies":"2 Louse","floor":4,"turns":4},{"damage":26,"enemies":"Gremlin Nob","floor":6,"turns":4},{"damage":34,"enemies":"3 Sentries","floor":8,"turns":8},{"damage":14,"enemies":"Gremlin Nob","floor":10,"turns":3},{"damage":24,"enemies":"Red Slaver","floor":11,"turns":5},{"damage":0,"enemies":"Slime Boss","floor":16,"turns":7},{"damage":16,"enemies":"2 Thieves","floor":18,"turns":4},{"damage":0,"enemies":"Chosen","floor":21,"turns":3},{"damage":38,"enemies":"Slavers","floor":23,"turns":6},{"damage":5,"enemies":"Centurion and Healer","floor":27,"turns":6},{"damage":44,"enemies":"Gremlin Leader","floor":28,"turns":12},{"damage":0,"enemies":"Snake Plant","floor":31,"turns":6},{"damage":35,"enemies":"Champ","floor":33,"turns":10}],"seed_played":"6910489562518648874","potions_obtained":[{"floor":2,"key":"AttackPotion"},{"floor":8,"key":"SneckoOil"},{"floor":10,"key":"LiquidBronze"},{"floor":11,"key":"LiquidBronze"},{"floor":21,"key":"SpeedPotion"},{"floor":23,"key":"SpeedPotion"}],"is_trial":false,"path_per_floor":["M","M","?","M","?","E","R","E","T","E","M","T","?","$","R","B",null,"M","?","?","M","$","E","?","R","T","M","E","T","?","M","R","B"],"character_chosen":"IRONCLAD","items_purchased":["Clash","Secret Weapon"],"campfire_rested":2,"item_purchase_floors":[14,22],"current_hp_per_floor":[72,68,61,72,67,47,67,47,47,39,25,25,7,7,42,48,67,64,64,64,70,70,41,36,36,36,39,8,8,8,21,21,0],"gold":172,"neow_bonus":"THREE_RARE_CARDS","is_prod":false,"is_daily":false,"chose_seed":false,"campfire_upgraded":1,"win_rate":0,"timestamp":1557698332,"path_taken":["M","M","?","M","?","E","R","E","T","E","?","?","?","?","R","BOSS","M","?","?","?","$","E","?","R","T","M","E","?","?","?","R","BOSS"],"build_version":"2019-01-23","purchased_purges":2,"victory":false,"max_hp_per_floor":[72,72,72,72,67,67,67,67,67,67,67,67,67,67,67,67,67,70,70,70,70,70,73,36,36,36,39,39,39,39,42,42,42],"card_choices":[{"not_picked":["Impervious","Demon Form"],"picked":"Reaper","floor":0},{"not_picked":["True Grit","Power Through","Sword Boomerang"],"picked":"SKIP","floor":1},{"not_picked":["Pommel Strike","Headbutt"],"picked":"Whirlwind","floor":2},{"not_picked":["Heavy Blade","Cleave"],"picked":"Bludgeon","floor":4},{"not_picked":["Heavy Blade","Rage","Sever Soul"],"picked":"SKIP","floor":6},{"not_picked":["Rage","Perfected Strike","Cleave"],"picked":"SKIP","floor":8},{"not_picked":["Uppercut","Pummel"],"picked":"Pommel Strike","floor":10},{"not_picked":["Clothesline","Uppercut","Twin Strike"],"picked":"SKIP","floor":11},{"not_picked":["Reaper","Juggernaut"],"picked":"Feed","floor":16},{"not_picked":["Headbutt+1","Sentinel+1"],"picked":"Shrug It Off+1","floor":18},{"not_picked":["Cleave+1","Bloodletting","Perfected Strike"],"picked":"SKIP","floor":21},{"not_picked":["Feed","Havoc","Metallicize"],"picked":"SKIP","floor":23},{"not_picked":["Headbutt","Thunderclap+1"],"picked":"Armaments","floor":27},{"not_picked":["Seeing Red","Heavy Blade","Thunderclap"],"picked":"SKIP","floor":28},{"not_picked":["Inflame","Disarm"],"picked":"Infernal Blade+1","floor":31}],"player_experience":134902,"relics_obtained":[{"floor":6,"key":"Paper Frog"},{"floor":8,"key":"Regal Pillow"},{"floor":10,"key":"WingedGreaves"},{"floor":12,"key":"Dream Catcher"},{"floor":23,"key":"Lantern"},{"floor":26,"key":"Happy Flower"},{"floor":28,"key":"Mummified Hand"},{"floor":29,"key":"Self Forming Clay"}],"event_choices":[{"cards_removed":["Strike_R"],"damage_healed":0,"gold_gain":0,"player_choice":"Card Removal","damage_taken":7,"max_hp_gain":0,"max_hp_loss":0,"event_name":"Golden Wing","floor":3,"gold_loss":0},{"damage_healed":0,"gold_gain":0,"player_choice":"Lose Max HP","damage_taken":0,"relics_obtained":["Golden Idol"],"max_hp_gain":0,"max_hp_loss":5,"event_name":"Golden Idol","floor":5,"gold_loss":0},{"damage_healed":0,"gold_gain":0,"player_choice":"Success","damage_taken":18,"relics_obtained":["Bag of Preparation"],"max_hp_gain":0,"max_hp_loss":0,"event_name":"Scrap Ooze","floor":13,"gold_loss":0},{"damage_healed":0,"gold_gain":0,"player_choice":"Inject Mutagens","damage_taken":0,"relics_obtained":["MutagenicStrength"],"max_hp_gain":0,"max_hp_loss":0,"event_name":"Drug Dealer","floor":19,"gold_loss":0},{"cards_removed":["Strike_R"],"damage_healed":0,"gold_gain":0,"player_choice":"Gave Gold","damage_taken":0,"max_hp_gain":0,"max_hp_loss":0,"event_name":"Beggar","floor":20,"gold_loss":75},{"damage_healed":0,"gold_gain":0,"player_choice":"Became a Ghost","damage_taken":0,"max_hp_gain":0,"max_hp_loss":37,"event_name":"Ghosts","floor":24,"gold_loss":0,"cards_obtained":["Ghostly","Ghostly","Ghostly","Ghostly","Ghostly"]},{"damage_healed":0,"gold_gain":0,"player_choice":"1 cards matched","damage_taken":0,"max_hp_gain":0,"max_hp_loss":0,"event_name":"Match and Keep!","floor":30,"gold_loss":0,"cards_obtained":["Swift Strike"]},{"damage_healed":0,"gold_gain":0,"player_choice":"1 cards matched","damage_taken":0,"max_hp_gain":0,"max_hp_loss":0,"event_name":"Match and Keep!","floor":30,"gold_loss":0,"cards_obtained":["Swift Strike"]}],"is_beta":false,"boss_relics":[{"not_picked":["Fusion Hammer","Tiny House"],"picked":"Coffee Dripper"}],"items_purged_floors":[14,22],"is_endless":false,"potions_floor_spawned":[2,8,10,11,21,23],"killed_by":"Champ","ascension_level":0}