{"gold_per_floor":[211,211,58,2,22,51,51,83,83,83,116,140,140,150,150,227,227,241,241,255,87,101,101,121,121,121,134,163,176,176,203,203,275,275,289,289,334,159,159,159,59,59,59,59,91,121,158,185,197,209],"floor_reached":51,"playtime":15678,"items_purged":["Strike_B","Strike_B"],"score":1436,"play_id":"201fa463-b1c1-4dba-8dfc-c4a656fe743d","local_time":"20180905115546","is_ascension_mode":true,"campfire_choices":[{"data":"Zap","floor":7.0,"key":"SMITH"},{"data":"Zap","floor":13.0,"key":"SMITH"},{"data":"Defragment","floor":15.0,"key":"SMITH"},{"data":"Creative AI","floor":23.0,"key":"SMITH"},{"data":"Defragment","floor":25.0,"key":"SMITH"},{"data":"Redo","floor":30,"key":"SMITH"},{"data":"Blizzard","floor":32,"key":"SMITH"},{"data":"Dualcast","floor":40,"key":"SMITH"},{"floor":42,"key":"DIG"},{"floor":44,"key":"DIG"},{"floor":49,"key":"DIG"}],"neow_cost":"NONE","seed_source_timestamp":0,"circlet_count":0,"master_deck":["Strike_B+1","Strike_B","Defend_B","Defend_B","Defend_B","Defend_B","Zap+1","Dualcast+1","AscendersBane","Streamline+1","Defragment+1","Cold Snap","Go for the Eyes","Self Repair","Glacier","Go for the Eyes","Zap+1","Blizzard+1","Go for the Eyes","Creative AI+1","Go for the Eyes","Gash","Defragment+1","Hologram","Redo+1","Beam Cell+1","Gash","Gash+1","Echo Form","Conserve Battery"],"special_seed":0,"relics":["Cracked Core","Unceasing Top","Anchor","Bird Faced Urn","Bag of Preparation","Odd Mushroom","Runic Dome","Mummified Hand","Centennial Puzzle","Orichalcum","Busted Crown","Gambling Chip","DataDisk","Shovel","Mercury Hourglass","Whetstone","Frozen Egg 2","MawBank","Meat on the Bone","Regal Pillow"],"potions_floor_usage":[33,45,50],"damage_taken":[{"damage":2.0,"enemies":"Jaw Worm","floor":1.0,"turns":3.0},{"damage":2.0,"enemies":"Small Slimes","floor":5.0,"turns":3.0},{"damage":16.0,"enemies":"Gremlin Nob","floor":6.0,"turns":4.0},{"damage":1.0,"enemies":"Lagavulin","floor":8.0,"turns":7.0},{"damage":30.0,"enemies":"Gremlin Nob","floor":11.0,"turns":5.0},{"damage":4.0,"enemies":"The Mushroom Lair","floor":12.0,"turns":6.0},{"damage":0.0,"enemies":"Cultist","floor":14.0,"turns":3.0},{"damage":0.0,"enemies":"The Guardian","floor":16.0,"turns":12.0},{"damage":0.0,"enemies":"3 Byrds","floor":18.0,"turns":6.0},{"damage":18.0,"enemies":"Spheric Guardian","floor":20.0,"turns":6.0},{"damage":27.0,"enemies":"3 Cultists","floor":22.0,"turns":6.0},{"damage":3.0,"enemies":"Chosen and Byrds","floor":24.0,"turns":6.0},{"damage":0,"enemies":"Centurion and Healer","floor":27,"turns":8},{"damage":37,"enemies":"Slavers","floor":28,"turns":5},{"damage":12,"enemies":"Snecko","floor":29,"turns":6},{"damage":1,"enemies":"Book of Stabbing","floor":31,"turns":5},{"damage":6,"enemies":"Champ","floor":33,"turns":8},{"damage":11,"enemies":"3 Darklings","floor":35,"turns":4},{"damage":20,"enemies":"Mysterious Sphere","floor":37,"turns":5},{"damage":0,"enemies":"Mind Bloom Boss Battle","floor":39,"turns":5},{"damage":23,"enemies":"2 Orb Walkers","floor":45,"turns":5},{"damage":7,"enemies":"3 Shapes","floor":46,"turns":3},{"damage":0,"enemies":"Nemesis","floor":47,"turns":5},{"damage":13,"enemies":"Maw","floor":48,"turns":4},{"damage":20,"enemies":"Donu and Deca","floor":50,"turns":6}],"seed_played":"-8619793454291046000","potions_obtained":[{"floor":5.0,"key":"Strength Potion"},{"floor":6.0,"key":"Weak Potion"},{"floor":18.0,"key":"PowerPotion"},{"floor":28,"key":"Explosive Potion"},{"floor":31,"key":"Weak Potion"},{"floor":39,"key":"AttackPotion"},{"floor":46,"key":"Block Potion"}],"is_trial":false,"path_per_floor":["M","?","$","$","M","E","R","E","T","?","E","?","R","M","R","B",null,"M","?","M","$","M","R","M","R","T","M","E","M","R","E","R","B",null,"M","?","?","$","?","R","$","R","T","R","E","M","E","M","R","B"],"character_chosen":"DEFECT","items_purchased":["Defragment","Cold Snap","Go for the Eyes","Defragment","DataDisk"],"campfire_rested":0,"item_purchase_floors":[3,3,4,21,38],"current_hp_per_floor":[62,62,62,62,60,51,51,57,57,57,38,45,45,56,56,67,70,71,51,48,48,40,40,50,50,50,76,56,52,52,57,57,76,76,74,74,76,76,76,76,76,76,76,76,76,76,76,76,76,69],"gold":221,"neow_bonus":"HUNDRED_GOLD","is_prod":false,"is_daily":false,"chose_seed":false,"campfire_upgraded":8,"win_rate":0,"timestamp":1536141346,"path_taken":["M","?","?","$","M","E","R","E","T","?","E","?","R","M","R","BOSS","M","?","M","$","M","R","M","R","T","M","E","M","R","E","R","BOSS","M","?","?","$","?","R","$","R","T","R","E","M","E","M","R","BOSS"],"build_version":"2018-08-30","purchased_purges":2,"victory":true,"max_hp_per_floor":[71,71,71,71,71,71,71,71,71,71,71,71,71,71,71,71,71,71,76,76,76,76,76,76,76,76,76,76,76,76,76,76,76,76,76,76,76,76,76,76,76,76,76,76,76,76,76,76,76,76],"card_choices":[{"not_picked":["Turbo","Go for the Eyes"],"picked":"Streamline","floor":1.0},{"not_picked":["Conserve Battery","Stack"],"picked":"Self Repair","floor":5.0},{"not_picked":["Seek","BootSequence"],"picked":"Glacier","floor":6.0},{"not_picked":["Rebound","Redo"],"picked":"Go for the Eyes","floor":8.0},{"not_picked":["Storm","Turbo"],"picked":"Blizzard","floor":11.0},{"not_picked":["Machine Learning","Melter"],"picked":"Go for the Eyes","floor":12.0},{"not_picked":["Buffer","Biased Cognition"],"picked":"Creative AI","floor":16.0},{"not_picked":["Rip and Tear","Hello World"],"picked":"Go for the Eyes","floor":18.0},{"not_picked":["Leap","Turbo"],"picked":"Gash","floor":20.0},{"not_picked":["Tempest+1","Leap"],"picked":"Hologram","floor":24.0},{"not_picked":["Reinforced Body","Biased Cognition"],"picked":"Redo","floor":27},{"not_picked":["Conserve Battery","Sweeping Beam"],"picked":"Beam Cell+1","floor":28},{"not_picked":["Beam Cell","Coolheaded"],"picked":"Gash","floor":29},{"not_picked":["Rebound","Stack"],"picked":"Gash+1","floor":31},{"not_picked":["Hyperbeam","Seek"],"picked":"Echo Form","floor":33},{"not_picked":[],"picked":"Conserve Battery","floor":47}],"player_experience":1038918,"relics_obtained":[{"floor":6.0,"key":"Unceasing Top"},{"floor":8.0,"key":"Anchor"},{"floor":9.0,"key":"Bird Faced Urn"},{"floor":11.0,"key":"Bag of Preparation"},{"floor":12.0,"key":"Odd Mushroom"},{"floor":26,"key":"Mummified Hand"},{"floor":28,"key":"Centennial Puzzle"},{"floor":31,"key":"Orichalcum"},{"floor":37,"key":"Gambling Chip"},{"floor":39,"key":"Shovel"},{"floor":42,"key":"Mercury Hourglass"},{"floor":43,"key":"Whetstone"},{"floor":44,"key":"Frozen Egg 2"},{"floor":45,"key":"MawBank"},{"floor":47,"key":"Meat on the Bone"},{"floor":49,"key":"Regal Pillow"}],"event_choices":[{"event_name":"The Cleric","player_choice":"Leave","floor":2.0,"damage_taken":0.0},{"event_name":"Match and Keep!","player_choice":"1 cards matched","floor":10.0,"damage_taken":0.0},{"event_name":"Mushrooms","player_choice":"Fought Mushrooms","floor":12.0,"damage_taken":0.0},{"event_name":"Forgotten Altar","player_choice":"Shed Blood","floor":19.0,"damage_taken":0.0},{"event_name":"Tomb of Lord Red Mask","player_choice":"Ignored","floor":36,"damage_taken":0},{"event_name":"Mysterious Sphere","player_choice":"Fight","floor":37,"damage_taken":0},{"event_name":"MindBloom","player_choice":"Fight","floor":39,"damage_taken":0}],"is_beta":false,"boss_relics":[{"not_picked":["Runic Pyramid","Snecko Eye"],"picked":"Runic Dome"},{"not_picked":["Pandora\u0027s Box","Lizard Tail"],"picked":"Busted Crown"}],"items_purged_floors":[21,41],"is_endless":false,"potions_floor_spawned":[5,6,14,18,20,28,31,39,46,47],"ascension_level":16}