{"gold_per_floor":[112,112,131,148,73,73,104,104,104,136,153,179,179,144,144,144],"floor_reached":16,"playtime":327,"items_purged":["Strike_G"],"score":201,"play_id":"edaf139f-4b58-400c-82ee-f09f851a5995","local_time":"20190531131603","is_ascension_mode":true,"campfire_choices":[{"data":"Riddle With Holes","floor":6,"key":"SMITH"},{"data":"Neutralize","floor":8,"key":"SMITH"},{"data":"Wraith Form v2","floor":15,"key":"SMITH"}],"neow_cost":"NONE","seed_source_timestamp":353473887153778,"circlet_count":0,"master_deck":["AscendersBane","Defend_G+1","Defend_G","Defend_G","Defend_G","Defend_G","Strike_G","Strike_G","Strike_G","Strike_G","Survivor+1","Neutralize+1","All Out Attack","Backflip","Riddle With Holes+1","Dash","Wraith Form v2+1","Crippling Poison"],"relics":["Ring of the Snake","NeowsBlessing","Meat on the Bone","Dead Branch","Sundial","Vajra"],"potions_floor_usage":[12],"damage_taken":[{"damage":0,"enemies":"2 Louse","floor":1,"turns":1},{"damage":0,"enemies":"Cultist","floor":3,"turns":1},{"damage":0,"enemies":"Jaw Worm","floor":4,"turns":1},{"damage":39,"enemies":"3 Sentries","floor":7,"turns":9},{"damage":11,"enemies":"Gremlin Nob","floor":10,"turns":5},{"damage":4,"enemies":"Looter","floor":11,"turns":3},{"damage":27,"enemies":"Lagavulin","floor":12,"turns":6},{"damage":23,"enemies":"Slime Boss","floor":16,"turns":6}],"seed_played":"-2353783354794503233","potions_obtained":[{"floor":1,"key":"SmokeBomb"},{"floor":7,"key":"Swift Potion"},{"floor":10,"key":"SteroidPotion"}],"is_trial":false,"path_per_floor":["M","?","M","M","$","R","E","R","T","E","M","E","?","?","R","B"],"character_chosen":"THE_SILENT","items_purchased":[],"campfire_rested":0,"item_purchase_floors":[],"current_hp_per_floor":[59,59,59,59,59,59,20,20,20,21,29,14,1,17,17,0],"gold":144,"neow_bonus":"THREE_ENEMY_KILL","is_prod":false,"is_daily":false,"chose_seed":false,"campfire_upgraded":3,"win_rate":0,"timestamp":1559301363,"path_taken":["M","?","?","M","$","R","E","R","T","E","M","E","?","?","R","BOSS"],"build_version":"2019-01-23","purchased_purges":1,"victory":false,"max_hp_per_floor":[66,66,66,66,66,66,66,66,66,66,66,66,66,66,66,66],"card_choices":[{"not_picked":["Outmaneuver","Acrobatics"],"picked":"All Out Attack","floor":1},{"not_picked":["Escape Plan","Infinite Blades"],"picked":"Backflip","floor":3},{"not_picked":["Accuracy","Endless Agony"],"picked":"Riddle With Holes","floor":4},{"not_picked":["Quick Slash","Heel Hook"],"picked":"Dash","floor":7},{"not_picked":["PiercingWail","Backflip"],"picked":"Wraith Form v2","floor":10},{"not_picked":["Calculated Gamble","Bane","PiercingWail"],"picked":"SKIP","floor":11},{"not_picked":["Predator","Outmaneuver"],"picked":"Crippling Poison","floor":12}],"player_experience":276707,"relics_obtained":[{"floor":7,"key":"Meat on the Bone"},{"floor":9,"key":"Dead Branch"},{"floor":10,"key":"Sundial"},{"floor":12,"key":"Vajra"}],"event_choices":[{"damage_healed":0,"gold_gain":0,"player_choice":"Bought 0 Potions","damage_taken":0,"max_hp_gain":0,"max_hp_loss":0,"event_name":"The Woman in Blue","floor":2,"gold_loss":0},{"damage_healed":0,"gold_gain":0,"player_choice":"Entered Light","damage_taken":13,"max_hp_gain":0,"max_hp_loss":0,"event_name":"Shining Light","floor":13,"gold_loss":0,"cards_upgraded":["Defend_G","Survivor"]},{"damage_healed":16,"gold_gain":0,"player_choice":"Healed","damage_taken":0,"max_hp_gain":0,"max_hp_loss":0,"event_name":"The Cleric","floor":14,"gold_loss":35}],"is_beta":false,"boss_relics":[],"items_purged_floors":[5],"is_endless":false,"potions_floor_spawned":[1,7,10],"killed_by":"Slime Boss","ascension_level":14}