{"gold_per_floor":[117,117,130,130,143,143,143,113,113,2,2,13,13,27,27,123,123,143,143,156,238,249,249,267,267,312,15,26,26,44,44,44,143,143,153,164,164,198,22,22,22,69,69,99,199,199,199,214,214,214],"floor_reached":50,"playtime":8487,"items_purged":[],"score":560,"play_id":"82d6ef48-66cf-44cd-9257-0dbd158b7c9a","local_time":"20190527203700","is_ascension_mode":false,"campfire_choices":[{"data":"A Thousand Cuts","floor":7,"key":"SMITH"},{"data":"Noxious Fumes","floor":11,"key":"SMITH"},{"data":"Blur","floor":13,"key":"SMITH"},{"data":"Infinite Blades","floor":15,"key":"SMITH"},{"floor":23,"key":"REST"},{"data":"Masterful Stab","floor":25,"key":"SMITH"},{"floor":32,"key":"REST"},{"floor":40,"key":"REST"},{"floor":46,"key":"REST"},{"floor":49,"key":"REST"}],"neow_cost":"NONE","seed_source_timestamp":13531071348600,"circlet_count":0,"master_deck":["Defend_G","Defend_G+1","Defend_G","Defend_G","Defend_G","Strike_G","Survivor+1","Neutralize","Quick Slash","After Image+1","Backflip","A Thousand Cuts+1","Masterful Stab+1","Noxious Fumes+1","Heel Hook","Blur+1","Infinite Blades+1","Tools of the Trade","Underhanded Strike+1","Dash+1","Infinite Blades","Underhanded Strike","Underhanded Strike","Dagger Throw+1","Deflect","Adrenaline","Heel Hook+1","Bullet Time+1","Riddle With Holes+1","Acrobatics+1","Dagger Throw","Enlightenment","Good Instincts","HandOfGreed","Backflip+1","Violence","Dagger Spray+1","Flying Knee+1","Underhanded Strike+1"],"relics":["Ring of the Snake","War Paint","HoveringKite","Bottled Flame","Strawberry","Bottled Tornado","Enchiridion","Astrolabe","Ancient Tea Set","Anchor","Pear","FossilizedHelix"],"potions_floor_usage":[16,16,33,36,44,50,50],"damage_taken":[{"damage":0,"enemies":"2 Louse","floor":1,"turns":4},{"damage":0,"enemies":"Cultist","floor":3,"turns":4},{"damage":0,"enemies":"Small Slimes","floor":5,"turns":3},{"damage":0,"enemies":"Looter","floor":8,"turns":4},{"damage":3,"enemies":"Lots of Slimes","floor":12,"turns":4},{"damage":1,"enemies":"Large Slime","floor":14,"turns":5},{"damage":23,"enemies":"Hexaghost","floor":16,"turns":10},{"damage":9,"enemies":"Spheric Guardian","floor":18,"turns":8},{"damage":15,"enemies":"2 Thieves","floor":20,"turns":5},{"damage":7,"enemies":"3 Cultists","floor":22,"turns":5},{"damage":6,"enemies":"Cultist and Chosen","floor":24,"turns":5},{"damage":4,"enemies":"Snecko","floor":28,"turns":5},{"damage":21,"enemies":"Shelled Parasite and Fungi","floor":30,"turns":4},{"damage":13,"enemies":"Automaton","floor":33,"turns":9},{"damage":4,"enemies":"3 Shapes","floor":35,"turns":3},{"damage":3,"enemies":"3 Darklings","floor":36,"turns":3},{"damage":10,"enemies":"Sphere and 2 Shapes","floor":38,"turns":4},{"damage":26,"enemies":"Giant Head","floor":44,"turns":11},{"damage":1,"enemies":"Mind Bloom Boss Battle","floor":45,"turns":7},{"damage":10,"enemies":"Spire Growth","floor":48,"turns":5},{"damage":100,"enemies":"Awakened One","floor":50,"turns":14}],"seed_played":"9160527368715379726","potions_obtained":[{"floor":12,"key":"FearPotion"},{"floor":14,"key":"LiquidBronze"},{"floor":16,"key":"Explosive Potion"},{"floor":22,"key":"Dexterity Potion"},{"floor":30,"key":"EssenceOfSteel"},{"floor":38,"key":"Weak Potion"},{"floor":44,"key":"SpeedPotion"}],"is_trial":false,"path_per_floor":["M","?","M","?","M","?","R","M","T","$","R","M","R","M","R","B",null,"M","?","M","T","M","R","M","R","T","$","M","?","M","?","R","B",null,"M","M","?","M","$","R","?","T","T","E","?","R","?","M","R","B"],"character_chosen":"THE_SILENT","items_purchased":["Noxious Fumes","Heel Hook","Bottled Tornado","Underhanded Strike","Violence"],"campfire_rested":5,"item_purchase_floors":[10,10,27,27,39],"current_hp_per_floor":[77,77,77,77,77,77,77,77,77,77,77,74,74,73,73,50,77,68,68,53,53,46,69,63,63,70,70,66,50,29,13,39,26,89,85,82,72,62,62,88,88,88,88,72,71,99,94,84,94,0],"gold":214,"neow_bonus":"TEN_PERCENT_HP_BONUS","is_prod":false,"is_daily":false,"chose_seed":false,"campfire_upgraded":5,"win_rate":0.0,"timestamp":1559003820,"path_taken":["M","?","?","?","M","?","R","M","T","$","R","M","R","?","R","BOSS","M","?","?","?","M","R","M","R","T","$","M","?","M","?","R","BOSS","M","M","?","M","$","R","?","?","T","E","?","R","?","M","R","BOSS"],"build_version":"2019-01-23","purchased_purges":0,"victory":false,"max_hp_per_floor":[77,77,77,77,77,77,77,77,77,77,77,77,77,77,77,77,77,77,77,77,77,77,77,77,77,84,84,84,84,84,89,89,89,89,89,89,89,89,89,89,89,89,89,99,99,99,94,94,94,94],"card_choices":[{"not_picked":["Deadly Poison","Underhanded Strike"],"picked":"Quick Slash","floor":1},{"not_picked":["Skewer","Slice"],"picked":"Backflip","floor":3},{"not_picked":["Flying Knee","Dagger Spray"],"picked":"A Thousand Cuts","floor":5},{"not_picked":["Acrobatics","PiercingWail"],"picked":"Masterful Stab","floor":8},{"not_picked":["Blade Dance","Backflip"],"picked":"Blur","floor":12},{"not_picked":["Masterful Stab","Expertise"],"picked":"Infinite Blades","floor":14},{"not_picked":["Phantasmal Killer","Die Die Die"],"picked":"Tools of the Trade","floor":16},{"not_picked":["Deadly Poison","Sucker Punch+1"],"picked":"Underhanded Strike+1","floor":18},{"not_picked":["Dagger Spray","Backflip"],"picked":"Dash+1","floor":20},{"not_picked":["Slice+1","Distraction"],"picked":"Infinite Blades","floor":22},{"not_picked":["Quick Slash","Doppelganger"],"picked":"Underhanded Strike","floor":24},{"not_picked":["Deflect","Blade Dance"],"picked":"Dagger Throw+1","floor":28},{"not_picked":["Acrobatics+1","Backflip"],"picked":"Deflect","floor":30},{"not_picked":["Glass Knife","Tools of the Trade"],"picked":"Adrenaline","floor":33},{"not_picked":["Eviscerate","Bouncing Flask+1"],"picked":"Acrobatics+1","floor":35},{"not_picked":["Footwork","Dagger Spray"],"picked":"Dagger Throw","floor":36},{"not_picked":["Madness","Panacea"],"picked":"Enlightenment","floor":37},{"not_picked":["Madness","Mind Blast"],"picked":"Good Instincts","floor":37},{"not_picked":["Good Instincts","Flash of Steel"],"picked":"HandOfGreed","floor":37},{"not_picked":["Poisoned Stab+1","PiercingWail+1"],"picked":"Backflip+1","floor":38},{"not_picked":["Slice+1","Sucker Punch"],"picked":"Dagger Spray+1","floor":44},{"not_picked":["Dagger Throw","Slice"],"picked":"Flying Knee+1","floor":45},{"not_picked":["Deadly Poison","Well Laid Plans"],"picked":"Underhanded Strike+1","floor":48}],"player_experience":5498,"relics_obtained":[{"floor":9,"key":"War Paint"},{"floor":21,"key":"Bottled Flame"},{"floor":26,"key":"Strawberry"},{"floor":29,"key":"Enchiridion"},{"floor":42,"key":"Ancient Tea Set"},{"floor":43,"key":"Anchor"},{"floor":44,"key":"Pear"},{"floor":45,"key":"FossilizedHelix"}],"event_choices":[{"damage_healed":0,"gold_gain":0,"cards_transformed":["Strike_G"],"player_choice":"Transformed","damage_taken":0,"max_hp_gain":0,"max_hp_loss":0,"event_name":"Transmorgrifier","floor":2,"gold_loss":0,"cards_obtained":["After Image"]},{"damage_healed":0,"gold_gain":0,"player_choice":"Grow","damage_taken":0,"max_hp_gain":0,"max_hp_loss":0,"event_name":"Living Wall","floor":4,"gold_loss":0,"cards_upgraded":["After Image"]},{"damage_healed":0,"gold_gain":0,"player_choice":"Cursed","damage_taken":0,"max_hp_gain":0,"max_hp_loss":0,"event_name":"Wheel of Change","floor":6,"gold_loss":0,"cards_obtained":["Decay"]},{"cards_removed":["Decay"],"damage_healed":0,"gold_gain":0,"player_choice":"Removed Curses","damage_taken":0,"max_hp_gain":0,"max_hp_loss":0,"event_name":"Fountain of Cleansing","floor":19,"gold_loss":0},{"damage_healed":0,"gold_gain":0,"player_choice":"Obtained Book","damage_taken":16,"max_hp_gain":0,"max_hp_loss":0,"event_name":"Cursed Tome","floor":29,"gold_loss":0},{"damage_healed":0,"gold_gain":0,"player_choice":"Shed Blood","damage_taken":21,"max_hp_gain":5,"max_hp_loss":0,"event_name":"Forgotten Altar","floor":31,"gold_loss":0},{"damage_healed":0,"gold_gain":0,"player_choice":"Memory 3","damage_taken":10,"max_hp_gain":0,"max_hp_loss":0,"event_name":"SensoryStone","floor":37,"gold_loss":0},{"damage_healed":0,"gold_gain":0,"player_choice":"Ignored","damage_taken":0,"max_hp_gain":0,"max_hp_loss":0,"event_name":"Mysterious Sphere","floor":41,"gold_loss":0},{"damage_healed":0,"gold_gain":0,"player_choice":"Fight","damage_taken":0,"max_hp_gain":0,"max_hp_loss":0,"event_name":"MindBloom","floor":45,"gold_loss":0},{"damage_healed":0,"gold_gain":0,"player_choice":"Max HP","damage_taken":0,"max_hp_gain":0,"max_hp_loss":5,"event_name":"Winding Halls","floor":47,"gold_loss":0}],"is_beta":false,"boss_relics":[{"not_picked":["Ring of the Serpent","Ectoplasm"],"picked":"HoveringKite"},{"not_picked":["White Beast Statue","Velvet Choker"],"picked":"Astrolabe"}],"items_purged_floors":[],"is_endless":false,"potions_floor_spawned":[12,14,16,22,30,38,44],"killed_by":"Awakened One","ascension_level":0}