{"gold_per_floor":[118,135,148,148,163,163,191,266,266,266,282,317,317,328,328,406,406,421,431,431,431,48,48,58,70,95,126,126,178,191,210,210,283,283,302,302,175,175,30,30,50,50,97,97,109,140,190,203,203,203],"floor_reached":51,"playtime":7729,"items_purged":["Strike_R","Strike_R"],"score":1125,"play_id":"476fed33-937e-4f50-97b1-ff3226eb4e08","local_time":"20190518023538","is_ascension_mode":true,"campfire_choices":[{"data":"Uppercut","floor":6,"key":"SMITH"},{"floor":10,"key":"REST"},{"floor":13,"key":"REST"},{"floor":15,"key":"REST"},{"floor":23,"key":"REST"},{"floor":32,"key":"REST"},{"data":"Corruption","floor":40,"key":"SMITH"},{"floor":44,"key":"REST"},{"floor":49,"key":"REST"}],"neow_cost":"NONE","seed_source_timestamp":121685879025873,"circlet_count":0,"master_deck":["AscendersBane","Strike_R","Strike_R","Strike_R","Defend_R","Defend_R","Defend_R","Defend_R","Bash+1","Uppercut+1","Armaments","Heavy Blade","Corruption+1","Headbutt","Immolate+1","Disarm","Demon Form","Seeing Red+1","Shockwave","Apotheosis+1","True Grit","Limit Break","Shrug It Off","Madness","Madness","Warcry","Disarm","Violence","Secret Technique","Trip","Intimidate","Infernal Blade","Sword Boomerang"],"relics":["Burning Blood","Vajra","NlothsMask","Juzu Bracelet","Darkstone Periapt","Busted Crown","Enchiridion","Brimstone","Blood Vial","Bag of Preparation","Happy Flower","Snecko Eye","Whetstone","Oddly Smooth Stone","Calipers"],"potions_floor_usage":[19,33,33,50],"damage_taken":[{"damage":7,"enemies":"Small Slimes","floor":1,"turns":3},{"damage":0,"enemies":"Cultist","floor":2,"turns":3},{"damage":0,"enemies":"2 Louse","floor":3,"turns":2},{"damage":12,"enemies":"Blue Slaver","floor":5,"turns":4},{"damage":35,"enemies":"Lagavulin","floor":7,"turns":6},{"damage":15,"enemies":"3 Louse","floor":11,"turns":4},{"damage":40,"enemies":"3 Sentries","floor":12,"turns":9},{"damage":8,"enemies":"Looter","floor":14,"turns":2},{"damage":39,"enemies":"The Guardian","floor":16,"turns":15},{"damage":6,"enemies":"Chosen","floor":18,"turns":6},{"damage":5,"enemies":"3 Byrds","floor":19,"turns":3},{"damage":0,"enemies":"Snecko","floor":24,"turns":4},{"damage":27,"enemies":"Chosen and Byrds","floor":25,"turns":5},{"damage":17,"enemies":"Gremlin Leader","floor":27,"turns":4},{"damage":0,"enemies":"Snake Plant","floor":30,"turns":2},{"damage":0,"enemies":"Centurion and Healer","floor":31,"turns":3},{"damage":43,"enemies":"Automaton","floor":33,"turns":6},{"damage":3,"enemies":"3 Shapes","floor":35,"turns":1},{"damage":0,"enemies":"3 Darklings","floor":41,"turns":1},{"damage":3,"enemies":"4 Shapes","floor":45,"turns":5},{"damage":12,"enemies":"Reptomancer","floor":46,"turns":4},{"damage":20,"enemies":"2 Orb Walkers","floor":47,"turns":2},{"damage":12,"enemies":"Writhing Mass","floor":48,"turns":2},{"damage":41,"enemies":"Awakened One","floor":50,"turns":7}],"seed_played":"-4566983266573570261","potions_obtained":[{"floor":1,"key":"SteroidPotion"},{"floor":5,"key":"LiquidBronze"},{"floor":19,"key":"Poison Potion"},{"floor":30,"key":"EssenceOfSteel"},{"floor":46,"key":"SpeedPotion"},{"floor":47,"key":"Weak Potion"}],"is_trial":false,"path_per_floor":["?","?","?","?","?","T","?","?","?","?"],"character_chosen":"IRONCLAD","items_purchased":["Apotheosis","Brimstone","Shrug It Off","Warcry"],"campfire_rested":7,"item_purchase_floors":[22,22,37,39],"current_hp_per_floor":[71,77,80,80,74,74,45,34,34,58,49,15,39,37,61,28,67,67,68,52,52,52,76,80,59,59,50,35,35,43,51,76,41,74,79,79,79,68,68,68,76,66,66,85,85,79,67,63,85,50],"gold":203,"neow_bonus":"RANDOM_COMMON_RELIC","is_prod":false,"is_daily":false,"chose_seed":false,"campfire_upgraded":2,"win_rate":0,"timestamp":1558161338,"path_taken":["M","M","M","?","M","R","E","?","T","R","M","E","R","M","R","BOSS","M","M","?","?","$","R","M","M","T","E","?","?","M","M","R","BOSS","M","?","$","?","$","R","M","?","T","R","M","E","?","M","R","BOSS"],"build_version":"2019-01-23","purchased_purges":2,"victory":true,"max_hp_per_floor":[80,80,80,80,80,80,80,80,80,80,80,80,80,80,80,80,80,80,80,80,80,80,80,80,80,80,80,85,85,85,85,85,85,85,85,85,85,85,85,85,85,85,85,85,85,85,85,85,85,85],"card_choices":[{"not_picked":["Perfected Strike","Armaments"],"picked":"Uppercut","floor":1},{"not_picked":["Cleave","Rage"],"picked":"Armaments","floor":2},{"not_picked":["Warcry","Rampage"],"picked":"Heavy Blade","floor":3},{"not_picked":["Thunderclap","Sword Boomerang"],"picked":"Corruption","floor":5},{"not_picked":["Twin Strike","Fire Breathing","Iron Wave"],"picked":"SKIP","floor":7},{"not_picked":["Burning Pact","Intimidate"],"picked":"Headbutt","floor":11},{"not_picked":["True Grit","Power Through"],"picked":"Immolate","floor":12},{"not_picked":["Power Through","Searing Blow"],"picked":"Disarm","floor":14},{"not_picked":["Feed","Exhume"],"picked":"Demon Form","floor":16},{"not_picked":[],"picked":"Seeing Red+1","floor":18},{"not_picked":["Intimidate"],"picked":"SKIP","floor":19},{"not_picked":["Perfected Strike"],"picked":"SKIP","floor":24},{"not_picked":[],"picked":"True Grit","floor":25},{"not_picked":["Flex"],"picked":"SKIP","floor":27},{"not_picked":["Corruption"],"picked":"SKIP","floor":30},{"not_picked":["Thunderclap"],"picked":"SKIP","floor":31},{"not_picked":[],"picked":"Limit Break","floor":33},{"not_picked":["Twin Strike+1"],"picked":"SKIP","floor":35},{"not_picked":[],"picked":"Disarm","floor":41},{"not_picked":[],"picked":"Violence","floor":42},{"not_picked":[],"picked":"Secret Technique","floor":42},{"not_picked":[],"picked":"Trip","floor":42},{"not_picked":[],"picked":"Intimidate","floor":45},{"not_picked":[],"picked":"Infernal Blade","floor":46},{"not_picked":[],"picked":"Sword Boomerang","floor":48}],"player_experience":528984,"relics_obtained":[{"floor":7,"key":"Juzu Bracelet"},{"floor":12,"key":"Darkstone Periapt"},{"floor":20,"key":"Enchiridion"},{"floor":26,"key":"Blood Vial"},{"floor":27,"key":"Bag of Preparation"},{"floor":29,"key":"Happy Flower"},{"floor":43,"key":"Whetstone"},{"floor":46,"key":"Oddly Smooth Stone"},{"floor":47,"key":"Calipers"}],"event_choices":[{"damage_healed":0,"gold_gain":0,"player_choice":"Trade","damage_taken":0,"relics_obtained":["NlothsMask"],"max_hp_gain":0,"max_hp_loss":0,"event_name":"FaceTrader","floor":4,"gold_loss":0},{"damage_healed":0,"gold_gain":75,"player_choice":"Gather Gold","damage_taken":11,"max_hp_gain":0,"max_hp_loss":0,"event_name":"World of Goop","floor":8,"gold_loss":0},{"damage_healed":0,"gold_gain":0,"player_choice":"Obtained Book","damage_taken":16,"max_hp_gain":0,"max_hp_loss":0,"event_name":"Cursed Tome","floor":20,"gold_loss":0},{"damage_healed":0,"gold_gain":0,"player_choice":"Read","damage_taken":0,"max_hp_gain":0,"max_hp_loss":0,"event_name":"The Library","floor":21,"gold_loss":0,"cards_obtained":["Shockwave"]},{"damage_healed":0,"gold_gain":0,"player_choice":"Shed Blood","damage_taken":20,"max_hp_gain":5,"max_hp_loss":0,"event_name":"Forgotten Altar","floor":28,"gold_loss":0},{"damage_healed":0,"gold_gain":0,"player_choice":"Forge","damage_taken":0,"max_hp_gain":0,"max_hp_loss":0,"event_name":"Accursed Blacksmith","floor":36,"gold_loss":0,"cards_upgraded":["Apotheosis"]},{"damage_healed":0,"gold_gain":0,"player_choice":"Embrace Madness","damage_taken":11,"max_hp_gain":0,"max_hp_loss":0,"event_name":"Winding Halls","floor":38,"gold_loss":0,"cards_obtained":["Madness","Madness"]},{"damage_healed":0,"gold_gain":0,"player_choice":"Memory 3","damage_taken":10,"max_hp_gain":0,"max_hp_loss":0,"event_name":"SensoryStone","floor":42,"gold_loss":0},{"damage_healed":0,"gold_gain":0,"player_choice":"Fight","damage_taken":0,"max_hp_gain":0,"max_hp_loss":0,"event_name":"Mysterious Sphere","floor":47,"gold_loss":0}],"is_beta":false,"boss_relics":[{"not_picked":["Lizard Tail","White Beast Statue"],"picked":"Busted Crown"},{"not_picked":["Coffee Dripper","Empty Cage"],"picked":"Snecko Eye"}],"items_purged_floors":[37,39],"is_endless":false,"potions_floor_spawned":[1,5,14,16,18,19,30,46,47],"ascension_level":13}