{"gold_per_floor":[119,133,133,133,133,162,176,176,176,187,220,220,280,56,56,153,153,167,167,179,179,79,79,106,106,106,139,155,188,202,202,202,304,304,319,365,213,213,261,261,293,306,306,406,434,236,252,265,265,265],"floor_reached":51,"playtime":9215,"items_purged":["Strike_G","Strike_G","Strike_G","Injury"],"score":882,"play_id":"3f7650a0-999b-4c6a-84cc-2a5f3f8378ad","local_time":"20190509122533","is_ascension_mode":true,"campfire_choices":[{"floor":8.0,"key":"RECALL"},{"floor":15.0,"key":"REST"},{"data":"Well Laid Plans","floor":23.0,"key":"SMITH"},{"data":"Survivor","floor":25.0,"key":"SMITH"},{"floor":32.0,"key":"REST"},{"data":"Sadistic Nature","floor":40,"key":"SMITH"},{"data":"1","floor":49,"key":"LIFT"}],"neow_cost":"PERCENT_DAMAGE","seed_source_timestamp":0,"circlet_count":0,"master_deck":["Defend_G","Defend_G","Defend_G","Defend_G","Survivor+1","Neutralize","Dagger Spray","Noxious Fumes+1","Flying Knee+1","Quick Slash+1","Backstab+1","Distraction+1","Skewer+1","Corpse Explosion+1","Dagger Throw+1","Well Laid Plans+1","Leg Sweep+1","Backstab+1","Burst+1","Deflect+1","Sadistic Nature+1","Secret Technique+1","Dramatic Entrance+1"],"special_seed":0,"relics":["Ring of the Snake","Molten Egg 2","Ancient Tea Set","Toxic Egg 2","Pen Nib","Tiny Chest","Omamori","Eternal Feather","Nilry\u0027s Codex","Oddly Smooth Stone","Pear","Strawberry","Darkstone Periapt","Calling Bell","Art of War","Letter Opener","FossilizedHelix","Dream Catcher","Torii","Girya","Shuriken","StoneCalendar","Frozen Egg 2"],"potions_floor_usage":[39,47,50,50,50],"damage_taken":[{"damage":1.0,"enemies":"Small Slimes","floor":1.0,"turns":3.0},{"damage":0.0,"enemies":"2 Louse","floor":2.0,"turns":3.0},{"damage":14.0,"enemies":"3 Sentries","floor":6.0,"turns":6.0},{"damage":0.0,"enemies":"Cultist","floor":7.0,"turns":3.0},{"damage":5.0,"enemies":"2 Fungi Beasts","floor":10.0,"turns":3.0},{"damage":24.0,"enemies":"Gremlin Nob","floor":11.0,"turns":5.0},{"damage":5.0,"enemies":"3 Sentries","floor":13.0,"turns":6.0},{"damage":29.0,"enemies":"The Guardian","floor":16.0,"turns":10.0},{"damage":0.0,"enemies":"Shell Parasite","floor":18.0,"turns":1.0},{"damage":0.0,"enemies":"Chosen","floor":20.0,"turns":3.0},{"damage":13.0,"enemies":"Gremlin Leader","floor":24.0,"turns":4.0},{"damage":7.0,"enemies":"Book of Stabbing","floor":27.0,"turns":8.0},{"damage":14.0,"enemies":"Centurion and Healer","floor":28.0,"turns":2.0},{"damage":3.0,"enemies":"Slavers","floor":29.0,"turns":2.0},{"damage":0.0,"enemies":"Snake Plant","floor":30.0,"turns":2.0},{"damage":51.0,"enemies":"Automaton","floor":33.0,"turns":12.0},{"damage":0,"enemies":"Orb Walker","floor":35,"turns":3},{"damage":12,"enemies":"2 Orb Walkers","floor":39,"turns":2},{"damage":1,"enemies":"Nemesis","floor":41,"turns":7},{"damage":0,"enemies":"3 Darklings","floor":42,"turns":1},{"damage":3,"enemies":"Mind Bloom Boss Battle","floor":44,"turns":6},{"damage":0,"enemies":"Reptomancer","floor":45,"turns":5},{"damage":5,"enemies":"Sphere and 2 Shapes","floor":47,"turns":3},{"damage":0,"enemies":"Transient","floor":48,"turns":5},{"damage":28,"enemies":"Awakened One","floor":50,"turns":10}],"seed_played":"-8721748977449920123","potions_obtained":[{"floor":2.0,"key":"Explosive Potion"},{"floor":6.0,"key":"Regen Potion"},{"floor":7.0,"key":"Weak Potion"},{"floor":16.0,"key":"SteroidPotion"},{"floor":18.0,"key":"Fire Potion"},{"floor":24.0,"key":"GhostInAJar"},{"floor":30.0,"key":"SpeedPotion"},{"floor":35,"key":"Swift Potion"},{"floor":41,"key":"Poison Potion"},{"floor":45,"key":"LiquidBronze"},{"floor":47,"key":"Poison Potion"},{"floor":48,"key":"Fire Potion"}],"is_trial":false,"path_per_floor":["M","M","?","?","?","E","M","R","T","M","E","?","E","$","R","B",null,"M","?","M","?","$","R","E","R","T","E","M","E","M","?","R","B",null,"M","T","$","?","?","R","E","M","T","?","E","$","M","M","R","B",null],"character_chosen":"THE_SILENT","items_purchased":["Omamori","Deflect+1","Strength Potion"],"campfire_rested":2,"item_purchase_floors":[14,37,46],"current_hp_per_floor":[48,48,41,64,64,50,50,50,50,45,21,21,31,31,52,23,70,70,54,54,54,54,63,50,59,69,69,55,52,52,52,87,36,93,93,93,93,83,71,83,82,82,82,79,79,79,74,74,86,58],"gold":265,"neow_bonus":"REMOVE_TWO","is_prod":false,"is_daily":false,"chose_seed":false,"campfire_upgraded":3,"win_rate":0,"timestamp":1557397533,"path_taken":["M","M","?","?","?","E","?","R","T","M","E","?","E","?","R","BOSS","M","?","M","?","$","R","E","R","T","E","M","E","M","?","R","BOSS","M","?","$","?","?","R","E","M","T","?","E","$","M","M","R","BOSS"],"build_version":"2019-01-23","purchased_purges":4,"victory":true,"max_hp_per_floor":[70,70,70,70,70,70,70,70,70,70,70,70,70,70,70,70,70,70,70,70,70,70,70,70,70,80,87,87,87,87,87,87,87,93,93,93,93,93,93,93,93,93,93,93,93,93,93,93,93,93],"card_choices":[{"not_picked":["Deflect","Eviscerate"],"picked":"Dagger Spray","floor":1.0},{"not_picked":["Dodge and Roll","Flying Knee"],"picked":"Noxious Fumes","floor":2.0},{"not_picked":["Night Terror","Riddle With Holes+1"],"picked":"Flying Knee+1","floor":6.0},{"not_picked":["Sucker Punch+1","Deadly Poison"],"picked":"Quick Slash+1","floor":7.0},{"not_picked":["PiercingWail+1","Dagger Spray+1"],"picked":"Backstab+1","floor":10.0},{"not_picked":["Doppelganger+1","Bane+1"],"picked":"Distraction+1","floor":11.0},{"not_picked":["Infinite Blades","Footwork"],"picked":"Skewer+1","floor":13.0},{"not_picked":["Tools of the Trade","Die Die Die+1"],"picked":"Corpse Explosion+1","floor":16.0},{"not_picked":["Reflex+1","Deadly Poison+1"],"picked":"Dagger Throw+1","floor":18.0},{"not_picked":["Bane+1","Underhanded Strike+1"],"picked":"Well Laid Plans","floor":20.0},{"not_picked":["Predator+1","Acrobatics+1","Prepared+1"],"picked":"SKIP","floor":24.0},{"not_picked":["Slice+1","Sucker Punch+1","Deadly Poison+1"],"picked":"SKIP","floor":27.0},{"not_picked":["Poisoned Stab+1","Outmaneuver+1","Acrobatics+1"],"picked":"SKIP","floor":28.0},{"not_picked":["Reflex+1","Riddle With Holes+1"],"picked":"Leg Sweep+1","floor":29.0},{"not_picked":["Riddle With Holes+1","Expertise+1","Quick Slash+1"],"picked":"SKIP","floor":30.0},{"not_picked":["Malaise+1","Night Terror+1"],"picked":"Burst+1","floor":33.0},{"not_picked":["Backflip+1","Poisoned Stab+1","Well Laid Plans+1"],"picked":"SKIP","floor":35},{"not_picked":["HandOfGreed+1","Madness+1"],"picked":"Sadistic Nature","floor":38},{"not_picked":["Dark Shackles+1","The Bomb+1"],"picked":"Secret Technique+1","floor":38},{"not_picked":["PanicButton+1","Violence+1"],"picked":"Dramatic Entrance+1","floor":38},{"not_picked":["Noxious Fumes","Acrobatics+1","Prepared+1"],"picked":"SKIP","floor":41},{"not_picked":["Flying Knee+1","Quick Slash+1","Corpse Explosion+1"],"picked":"SKIP","floor":42},{"not_picked":["Underhanded Strike+1","Tactician+1","Wraith Form v2"],"picked":"SKIP","floor":45},{"not_picked":["Acrobatics+1","Deflect+1","Slice+1"],"picked":"SKIP","floor":47},{"not_picked":["Dodge and Roll+1","Deadly Poison+1","Quick Slash+1"],"picked":"SKIP","floor":48}],"player_experience":114073,"relics_obtained":[{"floor":6.0,"key":"Ancient Tea Set"},{"floor":9.0,"key":"Toxic Egg 2"},{"floor":11.0,"key":"Pen Nib"},{"floor":13.0,"key":"Tiny Chest"},{"floor":19.0,"key":"Nilry\u0027s Codex"},{"floor":24.0,"key":"Oddly Smooth Stone"},{"floor":26.0,"key":"Pear"},{"floor":27.0,"key":"Strawberry"},{"floor":29.0,"key":"Darkstone Periapt"},{"floor":34,"key":"Art of War"},{"floor":34,"key":"Letter Opener"},{"floor":34,"key":"FossilizedHelix"},{"floor":36,"key":"Dream Catcher"},{"floor":39,"key":"Torii"},{"floor":41,"key":"Girya"},{"floor":43,"key":"Shuriken"},{"floor":44,"key":"StoneCalendar"},{"floor":45,"key":"Frozen Egg 2"}],"event_choices":[{"damage_healed":0.0,"max_hp_gain":0.0,"max_hp_loss":0.0,"gold_gain":0.0,"event_name":"Scrap Ooze","player_choice":"Success","floor":3.0,"gold_loss":0.0,"damage_taken":7.0,"relics_obtained":["Molten Egg 2"]},{"damage_healed":23.0,"max_hp_gain":0.0,"max_hp_loss":0.0,"gold_gain":0.0,"event_name":"Big Fish","player_choice":"Banana","floor":4.0,"gold_loss":0.0,"damage_taken":0.0},{"damage_healed":0.0,"max_hp_gain":0.0,"max_hp_loss":0.0,"gold_gain":0.0,"event_name":"Upgrade Shrine","player_choice":"Upgraded","floor":5.0,"gold_loss":0.0,"damage_taken":0.0,"cards_upgraded":["Noxious Fumes"]},{"damage_healed":0.0,"max_hp_gain":0.0,"max_hp_loss":0.0,"gold_gain":0.0,"event_name":"Shining Light","player_choice":"Ignored","floor":12.0,"gold_loss":0.0,"damage_taken":0.0},{"damage_healed":0.0,"max_hp_gain":0.0,"max_hp_loss":0.0,"gold_gain":0.0,"event_name":"Cursed Tome","player_choice":"Obtained Book","floor":19.0,"gold_loss":0.0,"damage_taken":16.0},{"cards_removed":["Strike_G"],"damage_healed":0.0,"max_hp_gain":0.0,"max_hp_loss":0.0,"gold_gain":0.0,"event_name":"Back to Basics","player_choice":"Elegance","floor":21.0,"gold_loss":0.0,"damage_taken":0.0},{"damage_healed":0.0,"max_hp_gain":0.0,"max_hp_loss":0.0,"gold_gain":0.0,"event_name":"Duplicator","player_choice":"Copied","floor":31.0,"gold_loss":0.0,"damage_taken":0.0,"cards_obtained":["Backstab"]},{"damage_healed":0,"gold_gain":0,"player_choice":"Memory 3","damage_taken":10,"max_hp_gain":0,"max_hp_loss":0,"event_name":"SensoryStone","floor":38,"gold_loss":0},{"damage_healed":0,"gold_gain":0,"player_choice":"Fight","damage_taken":0,"max_hp_gain":0,"max_hp_loss":0,"event_name":"Mysterious Sphere","floor":39,"gold_loss":0},{"damage_healed":0,"gold_gain":0,"player_choice":"Fight","damage_taken":0,"max_hp_gain":0,"max_hp_loss":0,"event_name":"MindBloom","floor":44,"gold_loss":0}],"is_beta":false,"boss_relics":[{"not_picked":["Orrery","Cursed Key"],"picked":"Eternal Feather"},{"not_picked":["Sozu","Coffee Dripper"],"picked":"Calling Bell"}],"items_purged_floors":[14,22,37,46],"is_endless":false,"potions_floor_spawned":[2,6,7,16,18,24,30,35,41,45,47,48],"ascension_level":2}