{"gold_per_floor":[119,119,138,138,42,42,56,85,85,85,95,109,124,144,144,249,249,268,280,30,30,30,30],"floor_reached":23,"playtime":1810,"items_purged":[],"score":235,"play_id":"e5f6f05b-ed48-4b67-a324-f7a2379d9b9f","local_time":"20181013003728","is_ascension_mode":true,"campfire_choices":[{"data":"True Grit","floor":6,"key":"SMITH"},{"floor":10,"key":"REST"},{"floor":15,"key":"REST"}],"neow_cost":"NONE","seed_source_timestamp":244898447182752,"circlet_count":0,"master_deck":["Bash","True Grit+1","Headbutt","Feel No Pain","Flash of Steel","Impervious","Spot Weakness","Shrug It Off","Whirlwind","Headbutt","Armaments","Seeing Red","Juggernaut","Juggernaut","Entrench","Twin Strike","Twin Strike","Warcry","Clothesline","Wild Strike","Shockwave","True Grit","Ghostly Armor","Ghostly","Ghostly","Ghostly","Ghostly","Ghostly"],"relics":["Burning Blood","Bag of Preparation","Dream Catcher","Odd Mushroom","Blue Candle","Pandora\u0027s Box","Matryoshka"],"potions_floor_usage":[16,16,19,23,23],"damage_taken":[{"damage":16,"enemies":"Jaw Worm","floor":1,"turns":4},{"damage":0,"enemies":"Small Slimes","floor":3,"turns":4},{"damage":1,"enemies":"2 Louse","floor":7,"turns":3},{"damage":38,"enemies":"The Mushroom Lair","floor":8,"turns":6},{"damage":5,"enemies":"Exordium Wildlife","floor":11,"turns":3},{"damage":3,"enemies":"Blue Slaver","floor":12,"turns":4},{"damage":12,"enemies":"2 Fungi Beasts","floor":13,"turns":2},{"damage":20,"enemies":"Large Slime","floor":14,"turns":6},{"damage":50,"enemies":"The Guardian","floor":16,"turns":13},{"damage":21,"enemies":"Chosen","floor":18,"turns":4},{"damage":28,"enemies":"3 Byrds","floor":19,"turns":4},{"damage":49,"enemies":"Slavers","floor":23,"turns":8}],"seed_played":"-1024372031062563242","potions_obtained":[{"floor":1,"key":"Regen Potion"},{"floor":3,"key":"BloodPotion"},{"floor":8,"key":"Dexterity Potion"},{"floor":11,"key":"Dexterity Potion"},{"floor":16,"key":"SteroidPotion"},{"floor":19,"key":"EssenceOfSteel"}],"is_trial":false,"path_per_floor":["M","?","M","?","$","R","M","?","T","R","M","M","M","M","R","B",null,"M","M","$","?","?"],"character_chosen":"IRONCLAD","items_purchased":["Flash of Steel","Matryoshka"],"campfire_rested":2,"item_purchase_floors":[5,20],"current_hp_per_floor":[70,58,64,64,64,64,69,37,37,61,62,65,59,45,69,25,80,65,43,43,40,40,0],"gold":30,"neow_bonus":"RANDOM_COMMON_RELIC","is_prod":false,"is_daily":false,"chose_seed":false,"campfire_upgraded":1,"win_rate":0,"timestamp":1539405448,"path_taken":["M","?","M","?","$","R","M","?","T","R","?","M","M","M","R","BOSS","M","M","$","?","?","E"],"build_version":"2018-09-06","purchased_purges":0,"victory":false,"max_hp_per_floor":[80,80,80,80,80,80,80,80,80,80,80,80,80,80,80,80,80,80,80,80,40,40,40],"card_choices":[{"not_picked":["Carnage","Armaments"],"picked":"True Grit","floor":1},{"not_picked":["Reckless Charge","Thunderclap"],"picked":"Headbutt","floor":3},{"not_picked":["Clash","Rupture"],"picked":"Impervious","floor":7},{"not_picked":["Rampage","Armaments"],"picked":"Spot Weakness","floor":8},{"not_picked":["Heavy Blade","Iron Wave"],"picked":"Shrug It Off","floor":10},{"not_picked":["Anger","Corruption"],"picked":"Whirlwind","floor":11},{"not_picked":["Rage","Fire Breathing"],"picked":"Headbutt","floor":12},{"not_picked":["Immolate","Clothesline"],"picked":"Armaments","floor":13},{"not_picked":["Headbutt","Armaments"],"picked":"Seeing Red","floor":14},{"not_picked":["Sword Boomerang","Dropkick"],"picked":"Juggernaut","floor":15},{"not_picked":["Double Tap","Immolate"],"picked":"Juggernaut","floor":16},{"not_picked":["Clash","Flex+1"],"picked":"True Grit","floor":18},{"not_picked":["True Grit+1","Anger+1"],"picked":"Ghostly Armor","floor":19}],"player_experience":100415,"relics_obtained":[{"floor":8,"key":"Odd Mushroom"},{"floor":9,"key":"Blue Candle"}],"event_choices":[{"event_name":"Scrap Ooze","player_choice":"success","floor":2,"damage_taken":12},{"event_name":"Living Wall","player_choice":"Change","floor":4,"damage_taken":0},{"event_name":"Mushrooms","player_choice":"Fought Mushrooms","floor":8,"damage_taken":0},{"event_name":"Ghosts","player_choice":"Became a Ghost","floor":21,"damage_taken":0},{"event_name":"Back to Basics","player_choice":"Elegance","floor":22,"damage_taken":0}],"is_beta":false,"boss_relics":[{"not_picked":["Runic Cube","Ectoplasm"],"picked":"Pandora\u0027s Box"}],"items_purged_floors":[],"is_endless":false,"potions_floor_spawned":[1,3,8,11,14,16,19],"killed_by":"Slavers","ascension_level":3}