{"gold_per_floor":[114,114,35,97,97,127,127,139,139,139,189,220,238,288,288,383,383,403,453,503,226,246,276,289,289,312,329,379,55,84,102,102,199,199,212,262,278,0,50,84,99,99,170,237,237,257,307,317,317,317],"floor_reached":51,"playtime":4358,"items_purged":["Pain","Strike_R+1","Strike_R+1"],"score":1160,"play_id":"b4d847ff-7cc4-4592-b093-f73442cfbcce","local_time":"20190515155354","is_ascension_mode":true,"campfire_choices":[{"data":"True Grit","floor":7,"key":"SMITH"},{"data":"Bash","floor":10,"key":"SMITH"},{"data":"Uppercut","floor":15,"key":"SMITH"},{"floor":25,"key":"REST"},{"data":"Shockwave","floor":32,"key":"SMITH"},{"data":"Apotheosis","floor":42,"key":"SMITH"},{"floor":45,"key":"REST"},{"floor":49,"key":"REST"}],"neow_cost":"NONE","seed_source_timestamp":178164944872361,"circlet_count":0,"master_deck":["AscendersBane","Strike_R+1","Strike_R+1","Defend_R+1","Defend_R+1","Defend_R+1","Defend_R+1","Bash+1","Cleave","Spot Weakness+1","Carnage","True Grit+1","Shrug It Off","Uppercut+1","Limit Break","Bludgeon","Feel No Pain","Metallicize","Master of Strategy","Iron Wave+1","Shockwave+1","Spot Weakness","Feed","Corruption","True Grit","Disarm","Impervious","Pommel Strike+1","Apotheosis+1","Shrug It Off","Ghostly Armor","Havoc","Immolate","Spot Weakness","Ghostly Armor","Madness","Madness","Heavy Blade+1"],"relics":["Burning Blood","PreservedInsect","SsserpentHead","Blue Candle","Gremlin Horn","Lantern","WarpedTongs","Velvet Choker","Smiling Mask","Red Skull","Bottled Lightning","Boot","Lizard Tail","Pocketwatch","Molten Egg 2"],"potions_floor_usage":[6,23,44,50,50],"damage_taken":[{"damage":7,"enemies":"2 Louse","floor":1,"turns":3},{"damage":6,"enemies":"Cultist","floor":4,"turns":4},{"damage":11,"enemies":"3 Sentries","floor":6,"turns":5},{"damage":0,"enemies":"Small Slimes","floor":8,"turns":3},{"damage":18,"enemies":"Lagavulin","floor":12,"turns":5},{"damage":2,"enemies":"3 Louse","floor":13,"turns":2},{"damage":26,"enemies":"Hexaghost","floor":16,"turns":10},{"damage":19,"enemies":"2 Thieves","floor":18,"turns":3},{"damage":30,"enemies":"Colosseum Slavers","floor":19,"turns":5},{"damage":0,"enemies":"Chosen","floor":22,"turns":4},{"damage":6,"enemies":"Gremlin Leader","floor":23,"turns":4},{"damage":2,"enemies":"Centurion and Healer","floor":24,"turns":4},{"damage":4,"enemies":"Chosen and Byrds","floor":27,"turns":4},{"damage":21,"enemies":"Slavers","floor":30,"turns":4},{"damage":0,"enemies":"Sentry and Sphere","floor":31,"turns":5},{"damage":26,"enemies":"Champ","floor":33,"turns":11},{"damage":9,"enemies":"3 Darklings","floor":35,"turns":5},{"damage":0,"enemies":"3 Shapes","floor":37,"turns":8},{"damage":15,"enemies":"Reptomancer","floor":40,"turns":8},{"damage":0,"enemies":"Maw","floor":41,"turns":8},{"damage":42,"enemies":"Sphere and 2 Shapes","floor":44,"turns":7},{"damage":4,"enemies":"Transient","floor":46,"turns":5},{"damage":1,"enemies":"4 Shapes","floor":48,"turns":5},{"damage":103,"enemies":"Donu and Deca","floor":50,"turns":10}],"seed_played":"-1772339952314724155","potions_obtained":[{"floor":1,"key":"EssenceOfSteel"},{"floor":8,"key":"Weak Potion"},{"floor":12,"key":"Ancient Potion"},{"floor":18,"key":"PowerPotion"},{"floor":22,"key":"BloodPotion"},{"floor":27,"key":"SkillPotion"},{"floor":46,"key":"LiquidBronze"}],"is_trial":false,"path_per_floor":["?","M","?","?","?","?","?","?","$","?","?","M","?"],"character_chosen":"IRONCLAD","items_purchased":["Spot Weakness","Metallicize","Master of Strategy","Bottled Lightning","Corruption","Apotheosis","Shrug It Off"],"campfire_rested":3,"item_purchase_floors":[3,21,21,29,29,38,38],"current_hp_per_floor":[71,71,71,71,71,66,66,72,72,72,56,44,48,48,48,28,67,54,30,30,30,36,36,40,64,64,66,66,66,54,63,63,47,79,76,76,85,85,85,76,86,86,86,54,84,86,73,81,104,17],"gold":317,"neow_bonus":"RANDOM_COMMON_RELIC","is_prod":false,"is_daily":false,"chose_seed":false,"campfire_upgraded":5,"win_rate":0,"timestamp":1557950034,"path_taken":["M","?","$","?","?","E","R","M","T","R","?","E","M","?","R","BOSS","M","?","?","$","M","E","M","R","T","M","?","?","E","M","R","BOSS","M","?","M","$","?","E","M","R","T","?","R","M","?","M","R","BOSS"],"build_version":"2019-01-23","purchased_purges":3,"victory":true,"max_hp_per_floor":[80,80,80,80,80,80,80,80,80,80,80,80,80,80,80,80,80,80,80,80,80,80,80,80,80,80,80,80,80,83,86,86,90,90,90,90,93,93,93,93,97,97,97,101,101,101,101,104,104,104],"card_choices":[{"not_picked":["Searing Blow","Sword Boomerang"],"picked":"Cleave","floor":1},{"not_picked":["True Grit","Infernal Blade"],"picked":"Carnage","floor":4},{"not_picked":["Perfected Strike","Pummel"],"picked":"True Grit","floor":6},{"not_picked":["Anger","Dual Wield"],"picked":"Shrug It Off","floor":8},{"not_picked":["Armaments","Iron Wave"],"picked":"Uppercut","floor":12},{"not_picked":["Blood for Blood","Clothesline"],"picked":"Limit Break","floor":13},{"not_picked":["Juggernaut","Limit Break"],"picked":"Bludgeon","floor":16},{"not_picked":["Headbutt","Carnage"],"picked":"Feel No Pain","floor":18},{"not_picked":["Second Wind","Anger"],"picked":"Iron Wave+1","floor":22},{"not_picked":["Whirlwind","Warcry"],"picked":"Shockwave","floor":23},{"not_picked":["Sword Boomerang+1","Feel No Pain+1"],"picked":"Spot Weakness","floor":24},{"not_picked":["Disarm","Anger"],"picked":"Feed","floor":27},{"not_picked":["Thunderclap","Clothesline"],"picked":"True Grit","floor":30},{"not_picked":["Flex","True Grit"],"picked":"Disarm","floor":31},{"not_picked":["Demon Form","Brutality"],"picked":"Impervious","floor":33},{"not_picked":["True Grit","Bloodletting"],"picked":"Pommel Strike+1","floor":35},{"not_picked":["Clash+1","Wild Strike","Flex"],"picked":"SKIP","floor":37},{"not_picked":["Reckless Charge","Corruption+1"],"picked":"Immolate","floor":40},{"not_picked":["Iron Wave","Bloodletting+1"],"picked":"Spot Weakness","floor":41},{"not_picked":["Iron Wave+1","Sword Boomerang+1"],"picked":"Ghostly Armor","floor":44},{"not_picked":["True Grit","Clothesline+1","Armaments+1"],"picked":"SKIP","floor":46},{"not_picked":["Shrug It Off+1","Infernal Blade+1"],"picked":"Heavy Blade+1","floor":48}],"player_experience":473795,"relics_obtained":[{"floor":6,"key":"Blue Candle"},{"floor":9,"key":"Gremlin Horn"},{"floor":12,"key":"Lantern"},{"floor":23,"key":"Smiling Mask"},{"floor":26,"key":"Red Skull"},{"floor":30,"key":"Boot"},{"floor":40,"key":"Pocketwatch"},{"floor":43,"key":"Molten Egg 2"}],"event_choices":[{"damage_healed":0,"gold_gain":0,"player_choice":"Trade","damage_taken":0,"relics_obtained":["SsserpentHead"],"max_hp_gain":0,"max_hp_loss":0,"event_name":"FaceTrader","floor":2,"gold_loss":0},{"cards_removed":["Strike_R"],"damage_healed":0,"gold_gain":0,"player_choice":"Card Removal","damage_taken":0,"max_hp_gain":0,"max_hp_loss":0,"event_name":"The Cleric","floor":5,"gold_loss":50},{"damage_healed":0,"gold_gain":0,"player_choice":"Entered Light","damage_taken":16,"max_hp_gain":0,"max_hp_loss":0,"event_name":"Shining Light","floor":11,"gold_loss":0,"cards_upgraded":["Strike_R","Spot Weakness"]},{"damage_healed":0,"gold_gain":0,"player_choice":"Rummage","damage_taken":0,"relics_obtained":["WarpedTongs"],"max_hp_gain":0,"max_hp_loss":0,"event_name":"Accursed Blacksmith","floor":14,"gold_loss":0,"cards_obtained":["Pain"]},{"damage_healed":0,"gold_gain":0,"player_choice":"Fight","damage_taken":0,"max_hp_gain":0,"max_hp_loss":0,"event_name":"Colosseum","floor":19,"gold_loss":0},{"damage_healed":0,"gold_gain":0,"player_choice":"Fled From Nobs","damage_taken":0,"max_hp_gain":0,"max_hp_loss":0,"event_name":"Colosseum","floor":19,"gold_loss":0},{"damage_healed":0,"gold_gain":0,"player_choice":"Simplicity","damage_taken":0,"max_hp_gain":0,"max_hp_loss":0,"event_name":"Back to Basics","floor":20,"gold_loss":0,"cards_upgraded":["Strike_R","Strike_R","Strike_R","Defend_R","Defend_R","Defend_R","Defend_R"]},{"damage_healed":0,"gold_gain":0,"player_choice":"Ignored","damage_taken":0,"max_hp_gain":0,"max_hp_loss":0,"event_name":"Vampires","floor":28,"gold_loss":0},{"damage_healed":0,"gold_gain":0,"player_choice":"Ignored","damage_taken":0,"max_hp_gain":0,"max_hp_loss":0,"event_name":"Tomb of Lord Red Mask","floor":36,"gold_loss":0},{"damage_healed":0,"gold_gain":0,"player_choice":"2 cards matched","damage_taken":0,"max_hp_gain":0,"max_hp_loss":0,"event_name":"Match and Keep!","floor":39,"gold_loss":0,"cards_obtained":["Ghostly Armor","Havoc"]},{"damage_healed":0,"gold_gain":0,"player_choice":"Embrace Madness","damage_taken":13,"max_hp_gain":0,"max_hp_loss":0,"event_name":"Winding Halls","floor":47,"gold_loss":0,"cards_obtained":["Madness","Madness"]}],"is_beta":false,"boss_relics":[{"not_picked":["Black Star","Astrolabe"],"picked":"Velvet Choker"},{"not_picked":["White Beast Statue","Calling Bell"],"picked":"Lizard Tail"}],"items_purged_floors":[21,29,38],"is_endless":false,"potions_floor_spawned":[1,8,12,18,19,22,27,46],"ascension_level":11}