{"gold_per_floor":[112,112,37,37,60,101,101,145,169,169,183,199,199,199,199,318,318,333,346,346,436,436],"floor_reached":22,"playtime":2148,"items_purged":["Strike_R"],"score":242,"play_id":"0ab4e911-7eef-41c4-b1b1-f6239541934d","local_time":"20190509212600","is_ascension_mode":false,"campfire_choices":[{"floor":7,"key":"RECALL"},{"floor":10,"key":"REST"},{"data":"Berserk","floor":13,"key":"SMITH"},{"data":"Armaments","floor":15,"key":"SMITH"}],"neow_cost":"NONE","seed_source_timestamp":14466820554742,"circlet_count":0,"master_deck":["Defend_R","Defend_R","Defend_R","Defend_R","Bash","Ghostly Armor","Berserk+1","Panacea+1","Sword Boomerang","Shrug It Off+1","Armaments+1","Body Slam","Juggernaut","Regret","Barricade","Bite","Bite","Bite","Bite","Bite"],"relics":["Burning Blood","NeowsBlessing","Golden Idol","War Paint","Bag of Marbles","The Courier","Black Star"],"potions_floor_usage":[8,16],"damage_taken":[{"damage":0,"enemies":"Cultist","floor":1,"turns":1},{"damage":0,"enemies":"Jaw Worm","floor":5,"turns":1},{"damage":0,"enemies":"Gremlin Nob","floor":6,"turns":1},{"damage":28,"enemies":"Lagavulin","floor":8,"turns":10},{"damage":0,"enemies":"2 Louse","floor":11,"turns":3},{"damage":14,"enemies":"Gremlin Gang","floor":12,"turns":6},{"damage":32,"enemies":"The Guardian","floor":16,"turns":10},{"damage":24,"enemies":"Chosen","floor":18,"turns":5},{"damage":22,"enemies":"Spheric Guardian","floor":19,"turns":6},{"damage":45,"enemies":"3 Cultists","floor":22,"turns":5}],"seed_played":"8929242187207480947","potions_obtained":[{"floor":1,"key":"AttackPotion"},{"floor":6,"key":"Weak Potion"},{"floor":16,"key":"Dexterity Potion"},{"floor":18,"key":"Strength Potion"}],"is_trial":false,"path_per_floor":["M","?","$","?","M","E","R","E","T","R","M","M","R","?","R","B",null,"M","M","?","?","M"],"character_chosen":"IRONCLAD","items_purchased":[],"campfire_rested":1,"item_purchase_floors":[],"current_hp_per_floor":[80,60,60,60,66,72,72,50,50,74,80,72,72,72,72,46,80,62,46,46,34,0],"gold":436,"neow_bonus":"THREE_ENEMY_KILL","is_prod":false,"is_daily":false,"chose_seed":false,"campfire_upgraded":2,"win_rate":0,"timestamp":1557429960,"path_taken":["M","?","?","?","M","E","R","E","T","R","M","?","R","?","R","BOSS","M","M","?","?","?"],"build_version":"2019-01-23","purchased_purges":1,"victory":false,"max_hp_per_floor":[80,80,80,80,80,80,80,80,80,80,80,80,80,80,80,80,80,80,80,56,56,56],"card_choices":[{"not_picked":["Combust","Heavy Blade"],"picked":"Ghostly Armor","floor":1},{"not_picked":["Blood for Blood","Rage"],"picked":"Sword Boomerang","floor":5},{"not_picked":["Armaments","Perfected Strike"],"picked":"Shrug It Off","floor":6},{"not_picked":["Second Wind","Dual Wield"],"picked":"Armaments","floor":8},{"not_picked":["Iron Wave","Wild Strike"],"picked":"Body Slam","floor":11},{"not_picked":["Body Slam","Wild Strike"],"picked":"Juggernaut","floor":12},{"not_picked":["Immolate","Limit Break"],"picked":"Barricade","floor":16},{"not_picked":["Shrug It Off","Heavy Blade+1","Clash"],"picked":"SKIP","floor":18},{"not_picked":["Warcry","Combust","Infernal Blade"],"picked":"SKIP","floor":19}],"player_experience":123926,"relics_obtained":[{"floor":6,"key":"War Paint"},{"floor":8,"key":"Bag of Marbles"}],"event_choices":[{"damage_healed":0,"gold_gain":0,"player_choice":"Take Damage","damage_taken":20,"relics_obtained":["Golden Idol"],"max_hp_gain":0,"max_hp_loss":0,"event_name":"Golden Idol","floor":2,"gold_loss":0},{"damage_healed":0,"gold_gain":0,"player_choice":"2 cards matched","damage_taken":0,"max_hp_gain":0,"max_hp_loss":0,"event_name":"Match and Keep!","floor":4,"gold_loss":0,"cards_obtained":["Berserk","Panacea"]},{"damage_healed":0,"gold_gain":0,"player_choice":"Box","damage_taken":0,"relics_obtained":["The Courier"],"max_hp_gain":0,"max_hp_loss":0,"event_name":"Big Fish","floor":14,"gold_loss":0,"cards_obtained":["Regret"]},{"damage_healed":0,"gold_gain":0,"player_choice":"Became a vampire","damage_taken":0,"max_hp_gain":0,"max_hp_loss":24,"event_name":"Vampires","floor":20,"gold_loss":0,"cards_obtained":["Bite","Bite","Bite","Bite","Bite"]},{"damage_healed":0,"gold_gain":90,"player_choice":"GOLD ","damage_taken":12,"max_hp_gain":0,"max_hp_loss":0,"event_name":"Knowing Skull","floor":21,"potions_obtained":[],"gold_loss":0,"cards_obtained":[]}],"is_beta":false,"boss_relics":[{"not_picked":["Eternal Feather","Orrery"],"picked":"Black Star"}],"items_purged_floors":[3],"is_endless":false,"potions_floor_spawned":[1,6,16,18],"killed_by":"3 Cultists","ascension_level":0}