{"gold_per_floor":[113,113,113,132,16,51,51,83,110,143,143,176,188,263,263,365,365,380,368,380,580,256,256,267,302,351,362,394,394,394,425,425,526,526,546,546,74,89,104,139,139,164,187,187,212,212,225,0,0,0],"floor_reached":51,"playtime":3708,"items_purged":["Strike_B","Strike_B"],"score":1118,"play_id":"6e144553-89ce-45ec-8887-72e368dd5fc8","local_time":"20180710210443","is_ascension_mode":true,"campfire_choices":[{"data":"FTL","floor":7,"key":"SMITH"},{"data":"Hologram","floor":11,"key":"SMITH"},{"floor":15,"key":"REST"},{"floor":23,"key":"REST"},{"data":"Buffer","floor":29,"key":"SMITH"},{"data":"Conserve Battery","floor":32,"key":"SMITH"},{"data":"Go for the Eyes","floor":41,"key":"SMITH"},{"data":"Scrape","floor":44,"key":"SMITH"},{"data":"Stack","floor":46,"key":"SMITH"},{"data":"Stack","floor":49,"key":"SMITH"}],"neow_cost":"NONE","seed_source_timestamp":0,"circlet_count":0,"master_deck":["Strike_B","Strike_B","Defend_B","Defend_B","Defend_B","Defend_B+1","Zap+1","Dualcast","Machine Learning","Gash","Core Surge","FTL+1","Conserve Battery+1","BootSequence","White Noise+1","Hologram+1","Buffer+1","FTL","Machine Learning","Beam Cell+1","Glacier+1","White Noise+1","Scrape+1","Stack+1","Stack+1","Go for the Eyes+1","Madness","Madness","Gash","Scrape+1","Stack+1","Leap+1"],"special_seed":0,"relics":["Cracked Core","Kunai","Bag of Marbles","Ancient Tea Set","Singing Bowl","Centennial Puzzle","Bottled Flame","Sozu","War Paint","Pear","Bag of Preparation","Dream Catcher","Gremlin Horn","Inserter","Lee\u0027s Waffle","Ice Cream","Potion Belt","Anchor","Blue Candle","Red Mask"],"potions_floor_usage":[10,50],"damage_taken":[{"damage":2,"enemies":"Jaw Worm","floor":1,"turns":3},{"damage":0,"enemies":"Cultist","floor":4,"turns":3},{"damage":26,"enemies":"Gremlin Nob","floor":6,"turns":5},{"damage":20,"enemies":"Lagavulin","floor":8,"turns":7},{"damage":21,"enemies":"3 Sentries","floor":10,"turns":7},{"damage":8,"enemies":"Lagavulin","floor":12,"turns":5},{"damage":0,"enemies":"Small Slimes","floor":13,"turns":1},{"damage":9,"enemies":"The Guardian","floor":16,"turns":11},{"damage":19,"enemies":"3 Byrds","floor":18,"turns":5},{"damage":6,"enemies":"2 Thieves","floor":19,"turns":4},{"damage":16,"enemies":"Snake Plant","floor":20,"turns":5},{"damage":0,"enemies":"Centurion and Healer","floor":24,"turns":9},{"damage":0,"enemies":"Gremlin Leader","floor":25,"turns":7},{"damage":1,"enemies":"Cultist and Chosen","floor":27,"turns":5},{"damage":2,"enemies":"Book of Stabbing","floor":28,"turns":5},{"damage":0,"enemies":"Gremlin Leader","floor":31,"turns":9},{"damage":15,"enemies":"Automaton","floor":33,"turns":12},{"damage":0,"enemies":"Orb Walker","floor":35,"turns":3},{"damage":0,"enemies":"3 Darklings","floor":38,"turns":8},{"damage":0,"enemies":"4 Shapes","floor":39,"turns":5},{"damage":20,"enemies":"2 Orb Walkers","floor":40,"turns":7},{"damage":0,"enemies":"Nemesis","floor":42,"turns":5},{"damage":0,"enemies":"Giant Head","floor":45,"turns":7},{"damage":0,"enemies":"Sphere and 2 Shapes","floor":47,"turns":5},{"damage":14,"enemies":"Time Eater","floor":50,"turns":16}],"seed_played":"5918693724102738482","potions_obtained":[{"floor":8,"key":"Regen Potion"},{"floor":10,"key":"Dexterity Potion"}],"is_trial":false,"path_per_floor":["M","?","T","M","$","E","R","E","T","E","R","E","M","?","R","B",null,"M","M","M","?","$","R","M","E","T","M","E","R","?","E","R","B",null,"M","?","$","M","M","E","R","E","T","R","E","R","M","?","R","B"],"character_chosen":"DEFECT","items_purchased":["FTL","Conserve Battery","Scrape","Stack","War Paint","Gash","Scrape","Stack","Lee\u0027s Waffle"],"campfire_rested":2,"item_purchase_floors":[5,5,22,22,22,37,37,37,37],"current_hp_per_floor":[73,73,73,73,73,47,47,27,27,21,21,13,13,2,24,15,75,56,50,34,34,34,56,58,68,68,67,67,67,67,69,69,56,93,95,83,102,104,104,86,86,88,88,88,90,90,92,92,92,78],"gold":0,"neow_bonus":"ONE_RANDOM_RARE_CARD","is_prod":false,"is_daily":false,"chose_seed":false,"campfire_upgraded":8,"win_rate":0,"timestamp":1531249483,"path_taken":["M","?","?","M","?","E","R","E","T","E","R","E","?","?","R","BOSS","M","M","?","?","$","R","M","E","T","M","E","R","?","E","R","BOSS","M","?","$","M","M","E","R","E","T","R","E","R","M","?","R","BOSS"],"build_version":"2018-07-05","purchased_purges":2,"victory":true,"max_hp_per_floor":[75,75,75,75,75,75,75,75,75,75,75,75,75,75,75,75,75,75,75,75,75,75,75,77,87,87,87,89,89,89,91,91,93,93,95,95,102,104,104,106,106,108,108,108,110,110,112,112,112,112],"card_choices":[{"not_picked":["Turbo","Rebound"],"picked":"Gash","floor":1},{"not_picked":["Redo","Ball Lightning"],"picked":"Core Surge","floor":4},{"not_picked":["Storm","Chaos"],"picked":"BootSequence","floor":6},{"not_picked":["Doom and Gloom","Undo"],"picked":"White Noise","floor":8},{"not_picked":["Coolheaded","Compile Driver"],"picked":"Hologram","floor":10},{"not_picked":["Barrage","BootSequence"],"picked":"Buffer","floor":12},{"not_picked":["Genetic Algorithm","Ball Lightning"],"picked":"FTL","floor":13},{"not_picked":["Multi-Cast","Amplify"],"picked":"Machine Learning","floor":16},{"not_picked":["Steam","Blizzard+1"],"picked":"Beam Cell+1","floor":18},{"not_picked":["Blizzard","Steam"],"picked":"Glacier+1","floor":19},{"not_picked":["Barrage","BootSequence"],"picked":"White Noise+1","floor":20},{"not_picked":["Rebound+1","Sweeping Beam+1","Lockon"],"picked":"Singing Bowl","floor":24},{"not_picked":["Skim","Amplify"],"picked":"Stack+1","floor":25},{"not_picked":["Blizzard+1","Rebound"],"picked":"Go for the Eyes","floor":27},{"not_picked":["Beam Cell","Static Discharge","Steam Power"],"picked":"Singing Bowl","floor":28},{"not_picked":["Static Discharge","Compile Driver+1","Turbo"],"picked":"Singing Bowl","floor":31},{"not_picked":["Multi-Cast","Core Surge","Machine Learning"],"picked":"Singing Bowl","floor":33},{"not_picked":["Streamline","Chill+1","Cold Snap+1"],"picked":"Singing Bowl","floor":35},{"not_picked":["Ball Lightning","Hologram+1","Redo"],"picked":"Singing Bowl","floor":38},{"not_picked":["Conserve Battery","Cold Snap"],"picked":"Leap+1","floor":39},{"not_picked":["Redo+1","Fission","Turbo"],"picked":"Singing Bowl","floor":40},{"not_picked":["Steam+1","Ball Lightning","Cold Snap+1"],"picked":"Singing Bowl","floor":42},{"not_picked":["Beam Cell+1","Doom and Gloom","Streamline+1"],"picked":"Singing Bowl","floor":45},{"not_picked":["Auto Shields+1","Compile Driver","Melter+1"],"picked":"Singing Bowl","floor":47}],"player_experience":773958,"relics_obtained":[{"floor":3,"key":"Kunai"},{"floor":6,"key":"Bag of Marbles"},{"floor":8,"key":"Ancient Tea Set"},{"floor":9,"key":"Singing Bowl"},{"floor":10,"key":"Centennial Puzzle"},{"floor":12,"key":"Bottled Flame"},{"floor":25,"key":"Pear"},{"floor":26,"key":"Bag of Preparation"},{"floor":28,"key":"Dream Catcher"},{"floor":31,"key":"Gremlin Horn"},{"floor":40,"key":"Ice Cream"},{"floor":42,"key":"Potion Belt"},{"floor":43,"key":"Anchor"},{"floor":45,"key":"Blue Candle"}],"event_choices":[{"event_name":"Accursed Blacksmith","player_choice":"Forge","floor":2,"damage_taken":0},{"event_name":"World of Goop","player_choice":"Gather Gold","floor":14,"damage_taken":0},{"event_name":"Wheel of Change","player_choice":"Gold","floor":21,"damage_taken":0},{"event_name":"Upgrade Shrine","player_choice":"Upgraded","floor":30,"damage_taken":0},{"event_name":"Winding Halls","player_choice":"Embrace Madness","floor":36,"damage_taken":0},{"event_name":"Tomb of Lord Red Mask","player_choice":"Paid","floor":48,"damage_taken":0}],"boss_relics":[{"not_picked":["Eternal Feather","Philosopher\u0027s Stone"],"picked":"Sozu"},{"not_picked":["Runic Dome","Tiny House"],"picked":"Inserter"}],"items_purged_floors":[22,37],"is_endless":false,"potions_floor_spawned":[8,10,18,25,27,28,33,45],"ascension_level":4}