{"gold_per_floor":[116,116,129,7,21,21,54,54,104,29,46,56,73,104,104,182,182,194,226,226],"floor_reached":20,"playtime":1368,"items_purged":["Strike_R"],"score":322,"play_id":"dffd8317-73cb-4053-b117-5b6ee0ed72d3","local_time":"20180830145448","is_ascension_mode":true,"campfire_choices":[{"data":"True Grit","floor":6,"key":"SMITH"},{"data":"Bash","floor":8,"key":"SMITH"},{"data":"True Grit","floor":15,"key":"SMITH"}],"neow_cost":"","seed_source_timestamp":1057317980792397,"circlet_count":0,"master_deck":["Strike_R","Defend_R","Defend_R","Defend_R","Defend_R","Bash+1","AscendersBane","Pommel Strike","Pommel Strike","Rampage","Shrug It Off","True Grit+1","Battle Trance","True Grit+1","Spot Weakness","Limit Break","Pommel Strike+1","Inflame+1","Warcry+1","Iron Wave+1","Iron Wave+1"],"relics":["Burning Blood","Juzu Bracelet","Bronze Scales","Potion Belt","Molten Egg 2","Astrolabe","Red Mask"],"potions_floor_usage":[14,16,16,19,19],"damage_taken":[{"damage":5,"enemies":"2 Louse","floor":1,"turns":4},{"damage":6,"enemies":"Cultist","floor":3,"turns":3},{"damage":8,"enemies":"Small Slimes","floor":5,"turns":3},{"damage":24,"enemies":"Gremlin Nob","floor":7,"turns":4},{"damage":0,"enemies":"Exordium Wildlife","floor":11,"turns":4},{"damage":6,"enemies":"Looter","floor":12,"turns":3},{"damage":0,"enemies":"3 Louse","floor":13,"turns":3},{"damage":35,"enemies":"3 Sentries","floor":14,"turns":7},{"damage":3,"enemies":"The Guardian","floor":16,"turns":12},{"damage":30,"enemies":"2 Thieves","floor":18,"turns":5},{"damage":39,"enemies":"Masked Bandits","floor":19,"turns":6},{"damage":7,"enemies":"Shell Parasite","floor":20,"turns":4}],"seed_played":"-2888620820809127984","potions_obtained":[{"floor":1,"key":"Ancient Potion"},{"floor":3,"key":"Explosive Potion"},{"floor":7,"key":"SkillPotion"},{"floor":14,"key":"GamblersBrew"},{"floor":16,"key":"Dexterity Potion"},{"floor":18,"key":"Energy Potion"}],"is_trial":false,"path_per_floor":["M","?","M","$","M","R","E","R","T","$","M","M","M","E","R","B",null,"M","?"],"character_chosen":"IRONCLAD","items_purchased":["Rampage","Shrug It Off"],"campfire_rested":0,"item_purchase_floors":[4,4],"current_hp_per_floor":[69,64,64,64,62,62,44,44,44,44,50,50,56,27,27,30,64,40,7,0],"gold":226,"neow_bonus":"","is_prod":false,"is_daily":false,"chose_seed":false,"campfire_upgraded":3,"win_rate":0,"timestamp":1535633688,"path_taken":["M","?","M","?","M","R","E","R","T","$","M","M","M","E","R","BOSS","M","?","M"],"build_version":"2018-08-23v2","purchased_purges":1,"victory":false,"max_hp_per_floor":[75,75,75,75,75,75,75,75,75,75,75,75,75,75,75,75,75,75,75,75],"card_choices":[{"not_picked":["Battle Trance","True Grit"],"picked":"Pommel Strike","floor":1},{"not_picked":["Perfected Strike","Sentinel"],"picked":"Pommel Strike","floor":3},{"not_picked":["Thunderclap","Flex"],"picked":"True Grit","floor":5},{"not_picked":["Intimidate","Sentinel"],"picked":"Battle Trance","floor":11},{"not_picked":["Twin Strike","Thunderclap"],"picked":"True Grit","floor":12},{"not_picked":["Wild Strike","Headbutt"],"picked":"Spot Weakness","floor":13},{"not_picked":["Brutality","Reaper+1"],"picked":"Limit Break","floor":16},{"not_picked":["Shockwave","Body Slam+1"],"picked":"Iron Wave+1","floor":18},{"not_picked":["True Grit","Clash+1"],"picked":"Iron Wave+1","floor":19}],"player_experience":1011941,"relics_obtained":[{"floor":7,"key":"Bronze Scales"},{"floor":9,"key":"Potion Belt"},{"floor":14,"key":"Molten Egg 2"},{"floor":19,"key":"Red Mask"}],"event_choices":[{"event_name":"Scrap Ooze","player_choice":"success","floor":2,"damage_taken":5},{"event_name":"Masked Bandits","player_choice":"Fought Bandits","floor":19,"damage_taken":0}],"is_beta":false,"boss_relics":[{"not_picked":["Calling Bell","Runic Dome"],"picked":"Astrolabe"}],"items_purged_floors":[10],"is_endless":false,"potions_floor_spawned":[1,3,7,14,16,18],"killed_by":"Shell Parasite","ascension_level":15}