{"gold_per_floor":[119,129,147,160,85,110,110,110,135,135,153,153,172,192,192,291,291,308,208,225,238,238,238,266,286,333,333,346,346],"floor_reached":29,"playtime":4291,"items_purged":["Defend_R","Strike_R"],"score":261,"play_id":"27b1b634-1eee-4d66-af5f-6bf1b858a65c","local_time":"20181226132209","is_ascension_mode":true,"campfire_choices":[{"floor":7,"key":"RECALL"},{"floor":10,"key":"REST"},{"floor":12,"key":"REST"},{"data":"Offering","floor":15,"key":"SMITH"},{"floor":23,"key":"REST"},{"data":"Berserk","floor":27,"key":"SMITH"}],"neow_cost":"PERCENT_DAMAGE","seed_source_timestamp":673235149914,"circlet_count":0,"master_deck":["Strike_R","Strike_R","Strike_R","Strike_R","Defend_R","Defend_R","Bash","Disarm","Shrug It Off","Shrug It Off","Berserk+1","Offering+1","Second Wind","Intimidate","Reaper","Pummel+1","Sever Soul","Pommel Strike"],"relics":["Burning Blood","Charon\u0027s Ashes","Happy Flower","Velvet Choker","Potion Belt","Blood Vial"],"potions_floor_usage":[16,24,29],"damage_taken":[{"damage":1,"enemies":"Cultist","floor":1,"turns":4},{"damage":4,"enemies":"2 Louse","floor":2,"turns":3},{"damage":4,"enemies":"Jaw Worm","floor":3,"turns":7},{"damage":13,"enemies":"Exordium Thugs","floor":4,"turns":11},{"damage":44,"enemies":"Gremlin Nob","floor":6,"turns":6},{"damage":6,"enemies":"Looter","floor":11,"turns":3},{"damage":5,"enemies":"Blue Slaver","floor":13,"turns":5},{"damage":0,"enemies":"Red Slaver","floor":14,"turns":5},{"damage":46,"enemies":"The Guardian","floor":16,"turns":12},{"damage":17,"enemies":"Shell Parasite","floor":18,"turns":7},{"damage":35,"enemies":"Spheric Guardian","floor":20,"turns":9},{"damage":21,"enemies":"Snake Plant","floor":21,"turns":9},{"damage":10,"enemies":"Gremlin Leader","floor":24,"turns":7},{"damage":21,"enemies":"Cultist and Chosen","floor":25,"turns":8},{"damage":42,"enemies":"Sentry and Sphere","floor":28,"turns":6},{"damage":71,"enemies":"Book of Stabbing","floor":29,"turns":5}],"seed_played":"5487060365214687448","potions_obtained":[{"floor":3,"key":"Ancient Potion"},{"floor":6,"key":"Explosive Potion"},{"floor":13,"key":"EssenceOfSteel"},{"floor":14,"key":"Regen Potion"},{"floor":16,"key":"EssenceOfSteel"},{"floor":24,"key":"FairyPotion"},{"floor":28,"key":"Swift Potion"}],"is_trial":false,"path_per_floor":["M","M","M","M","$","E","R","?","T","R","M","R","M","M","R","B",null,"M","$","M","M","?","R","E","M","T","R","M","E"],"character_chosen":"IRONCLAD","items_purchased":[],"campfire_rested":3,"item_purchase_floors":[],"current_hp_per_floor":[61,63,65,58,58,20,20,20,20,44,44,68,69,75,75,35,80,75,75,52,41,41,65,68,63,63,63,33,0],"gold":346,"neow_bonus":"ONE_RARE_RELIC","is_prod":false,"is_daily":false,"chose_seed":false,"campfire_upgraded":2,"win_rate":1,"timestamp":1545826929,"path_taken":["M","M","?","M","$","E","R","?","T","R","M","R","M","M","R","BOSS","M","$","M","M","?","R","E","M","T","R","?","E"],"build_version":"2018-12-20","purchased_purges":2,"victory":false,"max_hp_per_floor":[80,80,80,80,80,80,80,80,80,80,80,80,80,80,80,80,80,80,80,80,80,80,80,80,80,80,80,80,80],"card_choices":[{"not_picked":["Iron Wave","Clothesline"],"picked":"Disarm","floor":1},{"not_picked":["Flex","Thunderclap","True Grit"],"picked":"SKIP","floor":2},{"not_picked":["Metallicize","Reckless Charge"],"picked":"Shrug It Off","floor":3},{"not_picked":["Clash","Power Through"],"picked":"Shrug It Off","floor":4},{"not_picked":["True Grit","Clash"],"picked":"Berserk","floor":6},{"not_picked":["Iron Wave","Clothesline","Anger"],"picked":"SKIP","floor":11},{"not_picked":["Anger","Shrug It Off"],"picked":"Second Wind","floor":13},{"not_picked":["Clash","Twin Strike"],"picked":"Intimidate","floor":14},{"not_picked":["Bludgeon","Double Tap"],"picked":"Reaper","floor":16},{"not_picked":["Rupture","Shrug It Off","Perfected Strike"],"picked":"SKIP","floor":18},{"not_picked":["Reckless Charge+1","Iron Wave","Clash+1"],"picked":"SKIP","floor":20},{"not_picked":["Disarm","Clothesline"],"picked":"Pummel+1","floor":21},{"not_picked":["Limit Break","Warcry","Brutality"],"picked":"SKIP","floor":24},{"not_picked":["Shrug It Off","Heavy Blade","Anger+1"],"picked":"SKIP","floor":25},{"not_picked":["Perfected Strike","Armaments"],"picked":"Pommel Strike","floor":28}],"player_experience":28307,"relics_obtained":[{"floor":6,"key":"Happy Flower"},{"floor":24,"key":"Potion Belt"},{"floor":26,"key":"Blood Vial"}],"event_choices":[{"damage_healed":0,"gold_gain":0,"player_choice":"1 cards matched","damage_taken":0,"max_hp_gain":0,"max_hp_loss":0,"event_name":"Match and Keep!","floor":8,"gold_loss":0,"cards_obtained":["Offering"]},{"damage_healed":0,"gold_gain":0,"player_choice":"1 cards matched","damage_taken":0,"max_hp_gain":0,"max_hp_loss":0,"event_name":"Match and Keep!","floor":8,"gold_loss":0,"cards_obtained":["Offering"]},{"damage_healed":0,"gold_gain":0,"cards_transformed":["Defend_R"],"player_choice":"Transformed","damage_taken":0,"max_hp_gain":0,"max_hp_loss":0,"event_name":"Transmorgrifier","floor":22,"gold_loss":0,"cards_obtained":["Sever Soul"]}],"is_beta":false,"boss_relics":[{"not_picked":["Tiny House","Eternal Feather"],"picked":"Velvet Choker"}],"items_purged_floors":[5,19],"is_endless":false,"potions_floor_spawned":[3,6,13,14,16,24,28],"killed_by":"Book of Stabbing","ascension_level":1}