{"gold_per_floor":[115,126,126,301,301,328,346,356,383,408,426,17,44,144,144,244,244,256,269,283,295,37,68,81,144,171,171,181,213,213,248,248,346,346,363,375,375,375,394,422,422,448,448,448,462,492,492,504,504,504],"floor_reached":51,"playtime":5779,"items_purged":["Doubt"],"score":1152,"play_id":"6197cf08-a759-475a-835e-47c4c5837733","local_time":"20190510190428","is_ascension_mode":true,"campfire_choices":[{"floor":15,"key":"REST"},{"floor":27,"key":"REST"},{"floor":30,"key":"REST"},{"data":"Chaos","floor":32,"key":"SMITH"},{"floor":41,"key":"REST"},{"floor":47,"key":"REST"},{"floor":49,"key":"REST"}],"neow_cost":"NONE","seed_source_timestamp":4504759530688952,"circlet_count":0,"master_deck":["Strike_B","Strike_B","Strike_B","Strike_B+1","Defend_B","Defend_B","Defend_B","Defend_B","Zap","Dualcast+1","FTL","Ball Lightning","Redo","Ball Lightning","Turbo","Coolheaded","Turbo","Auto Shields","Undo","Echo Form","Chaos+1","Double Energy","Conserve Battery","Cold Snap","Meteor Strike+1","Magnetism","Hologram","BootSequence","Defragment+1","Sunder+1","Meteor Strike","Loop+1","Compile Driver+1","Cold Snap","Doom and Gloom+1","Self Repair+1","Madness","Madness","Rainbow","White Noise+1","Turbo+1","Conserve Battery","Meteor Strike"],"relics":["Cracked Core","Bag of Preparation","Centennial Puzzle","Lantern","Mummified Hand","Orichalcum","Snecko Eye","Anchor","Tiny Chest","Whetstone","Symbiotic Virus","Black Star","Pen Nib","Sundial","Bottled Tornado","Mango","Regal Pillow","Shovel","Dream Catcher","The Courier"],"potions_floor_usage":[6,6,10,13,16,25,33,50,50,50],"damage_taken":[{"damage":1,"enemies":"2 Louse","floor":1,"turns":2},{"damage":2,"enemies":"Jaw Worm","floor":2,"turns":3},{"damage":26,"enemies":"Gremlin Nob","floor":6,"turns":4},{"damage":0,"enemies":"Cultist","floor":7,"turns":2},{"damage":1,"enemies":"Looter","floor":8,"turns":2},{"damage":15,"enemies":"3 Sentries","floor":10,"turns":6},{"damage":2,"enemies":"Red Slaver","floor":11,"turns":2},{"damage":9,"enemies":"Gremlin Nob","floor":13,"turns":3},{"damage":43,"enemies":"Slime Boss","floor":16,"turns":11},{"damage":5,"enemies":"Spheric Guardian","floor":18,"turns":4},{"damage":0,"enemies":"Chosen","floor":19,"turns":4},{"damage":1,"enemies":"Shelled Parasite and Fungi","floor":20,"turns":6},{"damage":38,"enemies":"Centurion and Healer","floor":21,"turns":20},{"damage":12,"enemies":"Book of Stabbing","floor":23,"turns":4},{"damage":0,"enemies":"Cultist and Chosen","floor":24,"turns":5},{"damage":2,"enemies":"Slavers","floor":25,"turns":5},{"damage":3,"enemies":"Snake Plant","floor":28,"turns":4},{"damage":0,"enemies":"Centurion and Healer","floor":29,"turns":6},{"damage":5,"enemies":"Book of Stabbing","floor":31,"turns":3},{"damage":13,"enemies":"Champ","floor":33,"turns":8},{"damage":20,"enemies":"3 Shapes","floor":35,"turns":8},{"damage":0,"enemies":"Orb Walker","floor":36,"turns":2},{"damage":1,"enemies":"3 Darklings","floor":39,"turns":14},{"damage":29,"enemies":"Giant Head","floor":40,"turns":7},{"damage":9,"enemies":"Reptomancer","floor":42,"turns":5},{"damage":14,"enemies":"Maw","floor":45,"turns":5},{"damage":48,"enemies":"Nemesis","floor":46,"turns":5},{"damage":25,"enemies":"Writhing Mass","floor":48,"turns":4},{"damage":66,"enemies":"Awakened One","floor":50,"turns":10}],"seed_played":"1550074387882069345","potions_obtained":[{"floor":5,"key":"Weak Potion"},{"floor":5,"key":"Fruit Juice"},{"floor":5,"key":"FairyPotion"},{"floor":6,"key":"FearPotion"},{"floor":7,"key":"AttackPotion"},{"floor":11,"key":"Weak Potion"},{"floor":16,"key":"LiquidBronze"},{"floor":19,"key":"Poison Potion"},{"floor":23,"key":"SpeedPotion"},{"floor":28,"key":"SpeedPotion"},{"floor":33,"key":"SpeedPotion"},{"floor":42,"key":"Swift Potion"},{"floor":45,"key":"PowerPotion"},{"floor":46,"key":"Strength Potion"}],"is_trial":false,"path_per_floor":["?","?","?","M","?","T","?","?"],"character_chosen":"DEFECT","items_purchased":["Mummified Hand","Auto Shields","Meteor Strike","Magnetism"],"campfire_rested":6,"item_purchase_floors":[12,12,22,22],"current_hp_per_floor":[74,72,72,72,72,51,51,50,50,35,33,33,24,24,50,7,67,62,62,61,23,23,11,11,9,9,35,32,32,58,53,53,40,75,55,55,55,55,54,25,51,56,56,43,39,30,75,50,95,39],"gold":504,"neow_bonus":"TEN_PERCENT_HP_BONUS","is_prod":false,"is_daily":false,"chose_seed":false,"campfire_upgraded":1,"win_rate":0,"timestamp":1557529468,"path_taken":["M","M","?","?","?","E","?","M","T","E","M","$","E","?","R","BOSS","M","M","M","M","$","E","M","E","T","R","M","M","R","E","R","BOSS","M","M","?","?","M","E","R","E","T","?","M","E","R","M","R","BOSS"],"build_version":"2019-01-23","purchased_purges":1,"victory":true,"max_hp_per_floor":[82,82,82,82,82,87,87,87,87,87,87,87,87,87,87,87,87,87,87,87,87,87,87,87,87,87,87,87,87,87,87,87,87,87,87,87,87,87,87,87,87,101,101,101,101,101,101,101,101,101],"card_choices":[{"not_picked":["Leap","Fusion"],"picked":"FTL","floor":1},{"not_picked":["Turbo","Leap"],"picked":"Ball Lightning","floor":2},{"not_picked":["Rip and Tear","Static Discharge"],"picked":"Redo","floor":6},{"not_picked":["Redo","Beam Cell"],"picked":"Ball Lightning","floor":7},{"not_picked":["Lockon","Streamline"],"picked":"Turbo","floor":8},{"not_picked":["Go for the Eyes","Blizzard"],"picked":"Coolheaded","floor":10},{"not_picked":["Force Field","Sweeping Beam"],"picked":"Turbo","floor":11},{"not_picked":["Gash","Leap"],"picked":"Undo","floor":13},{"not_picked":["Seek","Core Surge"],"picked":"Echo Form","floor":16},{"not_picked":["Hologram","Aggregate+1"],"picked":"Chaos","floor":18},{"not_picked":["FTL","Barrage+1"],"picked":"Double Energy","floor":19},{"not_picked":["Rip and Tear+1","Sweeping Beam+1"],"picked":"Conserve Battery","floor":20},{"not_picked":["Conserve Battery","Rebound+1"],"picked":"Cold Snap","floor":21},{"not_picked":["Beam Cell","Turbo"],"picked":"Hologram","floor":23},{"not_picked":["Gash+1","Coolheaded"],"picked":"BootSequence","floor":24},{"not_picked":["Fusion","Multi-Cast"],"picked":"Defragment+1","floor":25},{"not_picked":["Conserve Battery","Ball Lightning","Aggregate"],"picked":"SKIP","floor":28},{"not_picked":["Steam","Recycle"],"picked":"Cold Snap+1","floor":29},{"not_picked":["Stack+1","Reprogram"],"picked":"Sunder+1","floor":31},{"not_picked":["Amplify","Echo Form"],"picked":"Meteor Strike","floor":33},{"not_picked":["Reprogram","Stack+1"],"picked":"Loop+1","floor":35},{"not_picked":["Steam","Beam Cell"],"picked":"Compile Driver+1","floor":36},{"not_picked":["Sweeping Beam","Ball Lightning+1"],"picked":"Cold Snap","floor":39},{"not_picked":["Gash","Compile Driver+1"],"picked":"Doom and Gloom+1","floor":40},{"not_picked":["Coolheaded+1","Stack"],"picked":"Self Repair+1","floor":42},{"not_picked":["Rebound","Consume+1"],"picked":"Rainbow","floor":45},{"not_picked":["Streamline","Leap"],"picked":"White Noise+1","floor":46},{"not_picked":["Rip and Tear","Steam"],"picked":"Turbo+1","floor":47},{"not_picked":["Lockon","Beam Cell"],"picked":"Conserve Battery","floor":48},{"not_picked":["Go for the Eyes+1","Beam Cell"],"picked":"Meteor Strike","floor":49}],"player_experience":371512,"relics_obtained":[{"floor":6,"key":"Bag of Preparation"},{"floor":9,"key":"Centennial Puzzle"},{"floor":10,"key":"Lantern"},{"floor":13,"key":"Orichalcum"},{"floor":23,"key":"Anchor"},{"floor":25,"key":"Tiny Chest"},{"floor":26,"key":"Whetstone"},{"floor":31,"key":"Symbiotic Virus"},{"floor":37,"key":"Pen Nib"},{"floor":40,"key":"Sundial"},{"floor":40,"key":"Bottled Tornado"},{"floor":42,"key":"Mango"},{"floor":42,"key":"Regal Pillow"},{"floor":43,"key":"Shovel"},{"floor":46,"key":"Dream Catcher"},{"floor":46,"key":"The Courier"}],"event_choices":[{"damage_healed":0,"gold_gain":0,"player_choice":"Grow","damage_taken":0,"max_hp_gain":0,"max_hp_loss":0,"event_name":"Living Wall","floor":3,"gold_loss":0,"cards_upgraded":["Dualcast"]},{"damage_healed":0,"gold_gain":175,"player_choice":"AGREE","damage_taken":0,"max_hp_gain":0,"max_hp_loss":0,"event_name":"Liars Game","floor":4,"gold_loss":0,"cards_obtained":["Doubt"]},{"damage_healed":0,"gold_gain":0,"player_choice":"Got Potions","damage_taken":0,"max_hp_gain":0,"max_hp_loss":0,"event_name":"Lab","floor":5,"gold_loss":0},{"damage_healed":0,"gold_gain":100,"player_choice":"Gold","damage_taken":0,"max_hp_gain":0,"max_hp_loss":0,"event_name":"Wheel of Change","floor":14,"gold_loss":0},{"cards_removed":["Cold Snap"],"damage_healed":0,"gold_gain":0,"player_choice":"Removed Attack","damage_taken":0,"max_hp_gain":0,"max_hp_loss":0,"event_name":"Falling","floor":38,"gold_loss":0},{"damage_healed":0,"gold_gain":0,"player_choice":"Embrace Madness","damage_taken":13,"max_hp_gain":0,"max_hp_loss":0,"event_name":"Winding Halls","floor":44,"gold_loss":0,"cards_obtained":["Madness","Madness"]}],"is_beta":false,"boss_relics":[{"not_picked":["Calling Bell","Tiny House"],"picked":"Snecko Eye"},{"not_picked":["Eternal Feather","Astrolabe"],"picked":"Black Star"}],"items_purged_floors":[12],"is_endless":false,"potions_floor_spawned":[6,7,11,16,19,23,24,28,29,33,42,45,46,48],"ascension_level":8}