{"gold_per_floor":[117,129,141,141,91,121,138,166,193,208,208,236,236,411,411,509,509,520,45,55,55,72,72],"floor_reached":23,"playtime":561,"items_purged":["Doubt"],"score":264,"play_id":"9bf53291-153e-4e67-846b-fc7a4357b282","local_time":"20190214220928","is_ascension_mode":true,"campfire_choices":[{"floor":11,"key":"REST"},{"floor":13,"key":"REST"},{"data":"Barrage","floor":15,"key":"SMITH"}],"neow_cost":"NONE","seed_source_timestamp":39562335394590,"circlet_count":0,"master_deck":["Strike_B","Strike_B","Strike_B","Defend_B+1","Defend_B","Zap+1","Dualcast+1","Beam Cell","Leap","Conserve Battery","Static Discharge","Static Discharge","Barrage+1","Static Discharge","Amplify","Steam","Coolheaded","Cold Snap"],"relics":["Cracked Core","Cables","Oddly Smooth Stone","Boot","Regal Pillow","Runic Pyramid","War Paint","Bottled Lightning"],"potions_floor_usage":[6,10,10,23],"damage_taken":[{"damage":0,"enemies":"Cultist","floor":1,"turns":3},{"damage":7,"enemies":"Jaw Worm","floor":2,"turns":3},{"damage":0,"enemies":"Small Slimes","floor":3,"turns":2},{"damage":20,"enemies":"3 Sentries","floor":6,"turns":7},{"damage":4,"enemies":"Looter","floor":7,"turns":3},{"damage":21,"enemies":"Lagavulin","floor":8,"turns":5},{"damage":5,"enemies":"Gremlin Gang","floor":10,"turns":2},{"damage":16,"enemies":"3 Sentries","floor":12,"turns":5},{"damage":28,"enemies":"Hexaghost","floor":16,"turns":6},{"damage":28,"enemies":"2 Thieves","floor":18,"turns":4},{"damage":5,"enemies":"Chosen","floor":20,"turns":3},{"damage":7,"enemies":"3 Cultists","floor":22,"turns":4},{"damage":32,"enemies":"Book of Stabbing","floor":23,"turns":3}],"seed_played":"9057669960908066385","potions_obtained":[{"floor":2,"key":"Poison Potion"},{"floor":7,"key":"Swift Potion"},{"floor":8,"key":"Explosive Potion"},{"floor":22,"key":"PowerPotion"}],"is_trial":false,"path_per_floor":["M","M","M","?","?","E","M","E","T","M","R","E","R","?","R","B",null,"M","$","M","?","M","E"],"character_chosen":"DEFECT","items_purchased":["War Paint","Bottled Lightning"],"campfire_rested":2,"item_purchase_floors":[19,19],"current_hp_per_floor":[75,68,68,68,68,48,44,23,23,18,40,24,61,61,61,33,65,37,37,32,32,25,0],"gold":72,"neow_bonus":"UPGRADE_CARD","is_prod":false,"is_daily":false,"chose_seed":false,"campfire_upgraded":1,"win_rate":0,"timestamp":1550178568,"path_taken":["M","M","?","?","?","E","M","E","T","M","R","E","R","?","R","BOSS","M","$","M","?","M","E"],"build_version":"2019-01-23","purchased_purges":1,"victory":false,"max_hp_per_floor":[75,75,75,75,75,75,75,75,75,75,75,75,75,75,75,75,75,75,75,75,75,75,75],"card_choices":[{"not_picked":["Stack","Barrage"],"picked":"Beam Cell","floor":1},{"not_picked":["Sweeping Beam","Streamline"],"picked":"Leap","floor":2},{"not_picked":["Compile Driver","Leap"],"picked":"Conserve Battery","floor":3},{"not_picked":["Chill","Undo"],"picked":"Static Discharge","floor":6},{"not_picked":["Heatsinks","Chaos","Double Energy"],"picked":"SKIP","floor":7},{"not_picked":["Consume","Melter"],"picked":"Static Discharge","floor":8},{"not_picked":["Streamline","Rebound"],"picked":"Barrage","floor":10},{"not_picked":["Go for the Eyes","Hyperbeam"],"picked":"Static Discharge","floor":12},{"not_picked":["Buffer","Hyperbeam"],"picked":"Amplify","floor":16},{"not_picked":["Leap","Barrage"],"picked":"Steam","floor":18},{"not_picked":["Gash","Steam"],"picked":"Coolheaded","floor":20},{"not_picked":["Compile Driver+1","Gash+1"],"picked":"Cold Snap","floor":22}],"player_experience":70716,"relics_obtained":[{"floor":6,"key":"Cables"},{"floor":8,"key":"Oddly Smooth Stone"},{"floor":9,"key":"Boot"},{"floor":12,"key":"Regal Pillow"}],"event_choices":[{"cards_removed":["Defend_B"],"damage_healed":0,"gold_gain":0,"player_choice":"Forget","damage_taken":0,"max_hp_gain":0,"max_hp_loss":0,"event_name":"Living Wall","floor":4,"gold_loss":0},{"cards_removed":["Defend_B"],"damage_healed":0,"gold_gain":0,"player_choice":"Card Removal","damage_taken":0,"max_hp_gain":0,"max_hp_loss":0,"event_name":"The Cleric","floor":5,"gold_loss":50},{"damage_healed":0,"gold_gain":175,"player_choice":"AGREE","damage_taken":0,"max_hp_gain":0,"max_hp_loss":0,"event_name":"Liars Game","floor":14,"gold_loss":0,"cards_obtained":["Doubt"]},{"cards_removed":["Strike_B"],"damage_healed":0,"gold_gain":0,"player_choice":"Purged","damage_taken":0,"max_hp_gain":0,"max_hp_loss":0,"event_name":"Purifier","floor":21,"gold_loss":0}],"is_beta":false,"boss_relics":[{"not_picked":["White Beast Statue","Runic Dome"],"picked":"Runic Pyramid"}],"items_purged_floors":[19],"is_endless":false,"potions_floor_spawned":[2,7,8,22],"killed_by":"Book of Stabbing","ascension_level":5}