{"gold_per_floor":[114,114,114,27,27,27,39,71,120,120,153,153,185,198,198,198],"floor_reached":16,"playtime":618,"items_purged":[],"score":232,"play_id":"c02b2e7d-b420-48f3-b2ba-31d20c5af984","local_time":"20190104154942","is_ascension_mode":true,"campfire_choices":[{"floor":6.0,"key":"REST"},{"floor":10.0,"key":"REST"},{"data":"Body Slam","floor":15.0,"key":"SMITH"}],"neow_cost":"NONE","seed_source_timestamp":1923540609554318,"circlet_count":0,"master_deck":["AscendersBane","Strike_R","Strike_R","Strike_R+1","Strike_R","Strike_R","Defend_R","Defend_R+1","Defend_R","Defend_R","Bash","Rampage","Corruption","Body Slam+1","Thunderclap","Shrug It Off","Parasite","Headbutt","Shockwave"],"special_seed":0,"relics":["Burning Blood","Dream Catcher","Centennial Puzzle","Bottled Tornado","Boot","Vajra","PreservedInsect"],"potions_floor_usage":[],"damage_taken":[{"damage":12.0,"enemies":"Small Slimes","floor":1.0,"turns":5.0},{"damage":7.0,"enemies":"Jaw Worm","floor":7.0,"turns":4.0},{"damage":28.0,"enemies":"Gremlin Nob","floor":8.0,"turns":4.0},{"damage":36.0,"enemies":"Lagavulin","floor":11.0,"turns":9.0},{"damage":29.0,"enemies":"3 Sentries","floor":13.0,"turns":10.0},{"damage":1.0,"enemies":"Cultist","floor":14.0,"turns":3.0},{"damage":22,"enemies":"Hexaghost","floor":16,"turns":7}],"seed_played":"6428595353866460622","potions_obtained":[{"floor":1.0,"key":"Block Potion"},{"floor":7.0,"key":"AttackPotion"},{"floor":8.0,"key":"Regen Potion"}],"is_trial":false,"path_per_floor":["M","?","?","$","$","R","M","E","T","R","E","?","E","M","R","B"],"character_chosen":"IRONCLAD","items_purchased":["Corruption"],"campfire_rested":2,"item_purchase_floors":[4],"current_hp_per_floor":[62,39,13,13,13,35,34,12,12,34,19,37,14,19,19,0],"gold":198,"neow_bonus":"RANDOM_COMMON_RELIC","is_prod":false,"is_daily":false,"chose_seed":false,"campfire_upgraded":1,"win_rate":0,"timestamp":1546613382,"path_taken":["M","?","?","?","$","R","?","E","T","R","E","?","E","M","R","BOSS"],"build_version":"2019-01-03v3","purchased_purges":0,"victory":false,"max_hp_per_floor":[75,75,75,75,75,75,75,75,75,75,75,75,75,75,75,75],"card_choices":[{"not_picked":["Burning Pact","Ghostly Armor"],"picked":"Rampage","floor":1.0},{"not_picked":["Wild Strike","Iron Wave"],"picked":"Body Slam","floor":6.0},{"not_picked":["Wild Strike","Iron Wave"],"picked":"Thunderclap","floor":7.0},{"not_picked":["Body Slam","Infernal Blade"],"picked":"Shrug It Off","floor":8.0},{"not_picked":["Body Slam","Perfected Strike"],"picked":"Headbutt","floor":13.0},{"not_picked":["Armaments","Shrug It Off"],"picked":"Shockwave","floor":14.0}],"player_experience":1314917,"relics_obtained":[{"floor":8.0,"key":"Bottled Tornado"},{"floor":9.0,"key":"Boot"},{"floor":11.0,"key":"Vajra"},{"floor":13.0,"key":"PreservedInsect"}],"event_choices":[{"damage_healed":0.0,"max_hp_gain":0.0,"max_hp_loss":0.0,"gold_gain":0.0,"event_name":"Shining Light","player_choice":"Entered Light","floor":2.0,"gold_loss":0.0,"damage_taken":23.0,"cards_upgraded":["Defend_R","Strike_R"]},{"damage_healed":0.0,"max_hp_gain":0.0,"max_hp_loss":0.0,"gold_gain":0.0,"event_name":"Scrap Ooze","player_choice":"Success","floor":3.0,"gold_loss":0.0,"damage_taken":26.0,"relics_obtained":["Centennial Puzzle"]},{"damage_healed":18.0,"max_hp_gain":0.0,"max_hp_loss":0.0,"gold_gain":0.0,"event_name":"Mushrooms","player_choice":"Healed and dodged fight","floor":12.0,"gold_loss":0.0,"damage_taken":0.0,"cards_obtained":["Parasite"]}],"is_beta":false,"boss_relics":[],"items_purged_floors":[],"is_endless":false,"potions_floor_spawned":[1,7,8],"killed_by":"Hexaghost","ascension_level":20}