{"gold_per_floor":[115,131,131,151,168,201,201,201,201,230,82,101,113,113,113,208,208,226,126,66],"floor_reached":20,"playtime":502,"items_purged":["Strike_B","Strike_B"],"score":285,"play_id":"2fe992b5-599a-4227-9b09-3bf6c3dd21e3","local_time":"20190409181355","is_ascension_mode":true,"campfire_choices":[{"data":"Dualcast","floor":7,"key":"SMITH"},{"floor":15,"key":"REST"}],"neow_cost":"NONE","seed_source_timestamp":79226474991883,"circlet_count":0,"master_deck":["AscendersBane","Strike_B","Strike_B","Defend_B","Defend_B","Zap","Dualcast+1","Sweeping Beam","Loop","BootSequence","Steam","Darkness","Gash","Steam","Echo Form","Gash"],"relics":["Cracked Core","NeowsBlessing","Bottled Lightning","Pantograph","Mummified Hand","Black Star"],"potions_floor_usage":[10,12,12,20],"damage_taken":[{"damage":0,"enemies":"Cultist","floor":1,"turns":1},{"damage":0,"enemies":"Small Slimes","floor":2,"turns":1},{"damage":0,"enemies":"Jaw Worm","floor":4,"turns":1},{"damage":6,"enemies":"Lots of Slimes","floor":5,"turns":4},{"damage":30,"enemies":"3 Sentries","floor":6,"turns":6},{"damage":21,"enemies":"Lagavulin","floor":10,"turns":6},{"damage":1,"enemies":"Looter","floor":12,"turns":4},{"damage":14,"enemies":"3 Louse","floor":13,"turns":4},{"damage":37,"enemies":"The Guardian","floor":16,"turns":7},{"damage":46,"enemies":"Shell Parasite","floor":18,"turns":8},{"damage":16,"enemies":"2 Thieves","floor":20,"turns":2}],"seed_played":"3479510767573317458","potions_obtained":[{"floor":5,"key":"SpeedPotion"},{"floor":6,"key":"EssenceOfSteel"},{"floor":13,"key":"Dexterity Potion"}],"is_trial":false,"path_per_floor":["M","M","?","M","M","E","R","?","T","E","$","M","M","?","R","B",null,"M","$","M"],"character_chosen":"DEFECT","items_purchased":["Regen Potion"],"campfire_rested":1,"item_purchase_floors":[11],"current_hp_per_floor":[68,68,68,68,62,32,32,32,32,11,11,22,8,1,23,11,59,13,13,0],"gold":66,"neow_bonus":"THREE_ENEMY_KILL","is_prod":false,"is_daily":false,"chose_seed":false,"campfire_upgraded":1,"win_rate":0,"timestamp":1554826435,"path_taken":["M","?","?","M","?","E","R","?","T","E","$","?","M","?","R","BOSS","M","$","M"],"build_version":"2019-01-23","purchased_purges":2,"victory":false,"max_hp_per_floor":[75,75,75,75,75,75,75,75,75,75,75,75,75,75,75,75,75,75,75,75],"card_choices":[{"not_picked":["Compile Driver","Steam"],"picked":"Sweeping Beam","floor":1},{"not_picked":["Stack","Redo"],"picked":"Loop","floor":2},{"not_picked":["Hologram","Beam Cell"],"picked":"BootSequence","floor":4},{"not_picked":["Compile Driver","Hologram","Lockon"],"picked":"SKIP","floor":5},{"not_picked":["Blizzard","Lockon"],"picked":"Steam","floor":6},{"not_picked":["Skim","Static Discharge"],"picked":"Gash","floor":10},{"not_picked":["Go for the Eyes","Redo"],"picked":"Steam","floor":12},{"not_picked":["Auto Shields","Ball Lightning"],"picked":"Echo Form","floor":13},{"not_picked":["Hologram","Steam"],"picked":"Gash","floor":18}],"player_experience":163211,"relics_obtained":[{"floor":6,"key":"Bottled Lightning"},{"floor":9,"key":"Pantograph"},{"floor":10,"key":"Mummified Hand"}],"event_choices":[{"damage_healed":0,"gold_gain":0,"player_choice":"Bought 0 Potions","damage_taken":0,"max_hp_gain":0,"max_hp_loss":0,"event_name":"The Woman in Blue","floor":3,"gold_loss":0},{"damage_healed":0,"gold_gain":0,"cards_transformed":["Defend_B"],"player_choice":"Transformed","damage_taken":0,"max_hp_gain":0,"max_hp_loss":0,"event_name":"Transmorgrifier","floor":8,"gold_loss":0,"cards_obtained":["Darkness"]},{"cards_removed":["Defend_B"],"damage_healed":0,"gold_gain":0,"player_choice":"Card Removal","damage_taken":7,"max_hp_gain":0,"max_hp_loss":0,"event_name":"Golden Wing","floor":14,"gold_loss":0}],"is_beta":false,"boss_relics":[{"not_picked":["White Beast Statue","Fusion Hammer"],"picked":"Black Star"}],"items_purged_floors":[11,19],"is_endless":false,"potions_floor_spawned":[5,6,13],"killed_by":"2 Thieves","ascension_level":11}