{"gold_per_floor":[114,114,35,35,35,35,50,84,131,131,131,131,144,175,175,246,246,258,109,109,128,128],"floor_reached":22,"playtime":1107,"items_purged":["Strike_R"],"score":380,"play_id":"5429bcdf-c6c1-49ee-801b-0db281e2af52","local_time":"20190514214123","is_ascension_mode":true,"campfire_choices":[{"data":"Uppercut","floor":6,"key":"SMITH"},{"data":"Metallicize","floor":10,"key":"SMITH"},{"data":"Inflame","floor":12,"key":"SMITH"},{"data":"Heavy Blade","floor":15,"key":"SMITH"}],"neow_cost":"NONE","seed_source_timestamp":2295887658242662,"circlet_count":0,"master_deck":["AscendersBane","Strike_R","Strike_R","Strike_R","Defend_R","Defend_R","Defend_R","Defend_R","Bash+1","Inflame+1","Uppercut+1","Metallicize+1","Battle Trance","Inflame","Cleave","Heavy Blade+1","Discovery","Shrug It Off"],"relics":["Burning Blood","Centennial Puzzle","Bag of Preparation","Smiling Mask","Sozu"],"potions_floor_usage":[11,16,22],"damage_taken":[{"damage":2,"enemies":"Cultist","floor":1,"turns":4},{"damage":7,"enemies":"Small Slimes","floor":7,"turns":3},{"damage":25,"enemies":"3 Sentries","floor":8,"turns":9},{"damage":1,"enemies":"2 Louse","floor":13,"turns":4},{"damage":6,"enemies":"Gremlin Nob","floor":14,"turns":3},{"damage":21,"enemies":"Slime Boss","floor":16,"turns":8},{"damage":20,"enemies":"3 Byrds","floor":18,"turns":5},{"damage":26,"enemies":"Colosseum Slavers","floor":20,"turns":3},{"damage":2,"enemies":"Spheric Guardian","floor":21,"turns":3},{"damage":50,"enemies":"Cultist and Chosen","floor":22,"turns":7}],"seed_played":"-1392177986933331446","potions_obtained":[{"floor":7,"key":"Block Potion"},{"floor":11,"key":"Fruit Juice"},{"floor":11,"key":"GamblersBrew"},{"floor":14,"key":"Weak Potion"}],"is_trial":false,"path_per_floor":["M","$","$","?","?","R","M","E","T","R","?","R","M","E","R","B",null,"M","$","?","M","M"],"character_chosen":"IRONCLAD","items_purchased":["Uppercut","Discovery"],"campfire_rested":0,"item_purchase_floors":[3,19],"current_hp_per_floor":[72,72,72,72,72,72,71,52,52,52,57,57,62,62,62,47,72,58,58,38,42,0],"gold":128,"neow_bonus":"UPGRADE_CARD","is_prod":false,"is_daily":false,"chose_seed":false,"campfire_upgraded":4,"win_rate":0,"timestamp":1557862883,"path_taken":["M","?","$","?","?","R","?","E","T","R","?","R","?","E","R","BOSS","M","$","?","M","M"],"build_version":"2019-01-23","purchased_purges":1,"victory":false,"max_hp_per_floor":[75,75,75,75,75,75,75,75,75,75,80,80,80,80,80,80,80,80,80,80,80,80],"card_choices":[{"not_picked":["Headbutt","Sentinel"],"picked":"Inflame","floor":1},{"not_picked":["Sword Boomerang","Second Wind"],"picked":"Battle Trance","floor":7},{"not_picked":["Bloodletting","Headbutt"],"picked":"Inflame","floor":8},{"not_picked":["Infernal Blade","Feel No Pain"],"picked":"Cleave","floor":13},{"not_picked":["Cleave","Ghostly Armor"],"picked":"Heavy Blade","floor":14},{"not_picked":["Iron Wave","Havoc"],"picked":"Shrug It Off","floor":21}],"player_experience":1334304,"relics_obtained":[{"floor":8,"key":"Centennial Puzzle"},{"floor":9,"key":"Bag of Preparation"},{"floor":14,"key":"Smiling Mask"}],"event_choices":[{"damage_healed":0,"gold_gain":0,"player_choice":"Leave","damage_taken":0,"max_hp_gain":0,"max_hp_loss":0,"event_name":"The Cleric","floor":4,"gold_loss":0},{"damage_healed":0,"gold_gain":0,"cards_transformed":["Strike_R"],"player_choice":"Change","damage_taken":0,"max_hp_gain":0,"max_hp_loss":0,"event_name":"Living Wall","floor":5,"gold_loss":0,"cards_obtained":["Metallicize"]},{"damage_healed":0,"gold_gain":0,"player_choice":"Got Potions","damage_taken":0,"max_hp_gain":0,"max_hp_loss":0,"event_name":"Lab","floor":11,"gold_loss":0},{"damage_healed":0,"gold_gain":0,"player_choice":"Fight","damage_taken":0,"max_hp_gain":0,"max_hp_loss":0,"event_name":"Colosseum","floor":20,"gold_loss":0},{"damage_healed":0,"gold_gain":0,"player_choice":"Fled From Nobs","damage_taken":0,"max_hp_gain":0,"max_hp_loss":0,"event_name":"Colosseum","floor":20,"gold_loss":0}],"is_beta":false,"boss_relics":[{"not_picked":["Runic Cube","Black Star"],"picked":"Sozu"}],"items_purged_floors":[19],"is_endless":false,"potions_floor_spawned":[7,14,18],"killed_by":"Cultist and Chosen","ascension_level":20}