{"gold_per_floor":[112,124,124,49,49,49,63,88,88,88,104,138,138,157,157,262,262,262],"floor_reached":18,"playtime":2801,"items_purged":["Defend_B"],"score":170,"play_id":"be7f38e7-85a1-4862-9742-e42471bc8bbb","local_time":"20190216161018","is_ascension_mode":false,"campfire_choices":[{"data":"Steam","floor":6,"key":"SMITH"},{"floor":10,"key":"REST"},{"floor":13,"key":"REST"},{"floor":15,"key":"REST"}],"neow_cost":"NONE","seed_source_timestamp":165188322925635,"circlet_count":0,"master_deck":["Strike_B","Strike_B","Strike_B","Defend_B","Defend_B","Defend_B","Zap","Dualcast","White Noise","Steam+1","BootSequence+1","Glacier+1","Defragment","Leap+1","Reprogram+1","Amplify+1"],"relics":["Cracked Core","Toxic Egg 2","Lantern","Orichalcum","Letter Opener","Sozu"],"potions_floor_usage":[],"damage_taken":[{"damage":15,"enemies":"2 Louse","floor":1,"turns":3},{"damage":0,"enemies":"Small Slimes","floor":2,"turns":3},{"damage":9,"enemies":"Jaw Worm","floor":7,"turns":4},{"damage":39,"enemies":"Lagavulin","floor":8,"turns":8},{"damage":0,"enemies":"2 Fungi Beasts","floor":11,"turns":4},{"damage":14,"enemies":"3 Sentries","floor":12,"turns":8},{"damage":3,"enemies":"Exordium Thugs","floor":14,"turns":5},{"damage":51,"enemies":"Hexaghost","floor":16,"turns":15},{"damage":0,"enemies":"Spheric Guardian","floor":18,"turns":2}],"seed_played":"2062053088183690708","potions_obtained":[{"floor":1,"key":"Strength Potion"},{"floor":2,"key":"Explosive Potion"},{"floor":11,"key":"PowerPotion"}],"is_trial":false,"path_per_floor":["M","M","?","$","?","R","M","E","T","R","M","E","R","M","R","B",null,"M"],"character_chosen":"DEFECT","items_purchased":[],"campfire_rested":3,"item_purchase_floors":[],"current_hp_per_floor":[67,67,67,67,64,64,55,16,16,40,40,26,50,47,71,20,82,82],"gold":262,"neow_bonus":"TEN_PERCENT_HP_BONUS","is_prod":false,"is_daily":false,"chose_seed":false,"campfire_upgraded":1,"win_rate":0.0,"timestamp":1550362218,"path_taken":["M","M","?","$","?","R","M","E","T","R","M","E","R","M","R","BOSS","M"],"build_version":"2019-01-23","purchased_purges":1,"victory":false,"max_hp_per_floor":[82,82,82,82,82,82,82,82,82,82,82,82,82,82,82,82,82,82],"card_choices":[{"not_picked":["Steam Power","Stack"],"picked":"White Noise","floor":1},{"not_picked":["Compile Driver","Beam Cell"],"picked":"Steam","floor":2},{"not_picked":["Coolheaded+1","Stack+1"],"picked":"BootSequence+1","floor":7},{"not_picked":["Barrage","Hello World"],"picked":"Glacier+1","floor":8},{"not_picked":["Chill+1","Cold Snap"],"picked":"Defragment","floor":11},{"not_picked":["Self Repair","Static Discharge"],"picked":"Leap+1","floor":12},{"not_picked":["Hologram+1","Multi-Cast+1"],"picked":"Reprogram+1","floor":14},{"not_picked":["Rainbow+1","Buffer"],"picked":"Amplify+1","floor":16}],"player_experience":25624,"relics_obtained":[{"floor":8,"key":"Lantern"},{"floor":9,"key":"Orichalcum"},{"floor":12,"key":"Letter Opener"}],"event_choices":[{"cards_removed":["Strike_B"],"damage_healed":0,"gold_gain":0,"player_choice":"Forget","damage_taken":0,"max_hp_gain":0,"max_hp_loss":0,"event_name":"Living Wall","floor":3,"gold_loss":0},{"damage_healed":0,"gold_gain":0,"player_choice":"Success","damage_taken":3,"relics_obtained":["Toxic Egg 2"],"max_hp_gain":0,"max_hp_loss":0,"event_name":"Scrap Ooze","floor":5,"gold_loss":0}],"is_beta":false,"boss_relics":[{"not_picked":["Philosopher\u0027s Stone","White Beast Statue"],"picked":"Sozu"}],"items_purged_floors":[4],"is_endless":false,"potions_floor_spawned":[1,2,11],"killed_by":"Spheric Guardian","ascension_level":0}