{"gold_per_floor":[99,99,99,99,99,99,99,99,99,99,69,69,69,69,69,69,69,69,69,69,69,42,42,42,42,42,42,0,0,0,0,0,0,0,0,0,0,0,0,0],"floor_reached":40,"playtime":5770,"items_purged":[],"score":696,"play_id":"b65219b9-8891-4c96-b3c9-7c84c5c0cce0","local_time":"20190512133204","is_ascension_mode":true,"campfire_choices":[{"floor":7,"key":"REST"},{"data":"Chaos","floor":10,"key":"SMITH"},{"floor":15,"key":"REST"},{"data":"Buffer","floor":23,"key":"SMITH"},{"floor":25,"key":"REST"},{"floor":32,"key":"REST"}],"neow_cost":"NONE","seed_source_timestamp":4619481649475181,"circlet_count":0,"master_deck":["Strike_B+1","Strike_B+1","Strike_B+1","Strike_B+1","Defend_B+1","Defend_B+1","Defend_B+1","Defend_B+1","Zap","Dualcast","Ball Lightning","Chaos+1","Sunder","Buffer+1","Conserve Battery","Genetic Algorithm","Reinforced Body","Cold Snap","Self Repair","Electrodynamics","Recycle","RitualDagger","Hologram","Storm","Stack+1","Storm","Skim+1","Compile Driver","Seek","Capacitor","Stack","Madness","Madness","Parasite","Hologram"],"relics":["Ectoplasm","Strawberry","Pen Nib","Gremlin Horn","Ornamental Fan","Sozu","Enchiridion","Boot","Bag of Preparation","Turnip","Busted Crown","Red Mask"],"potions_floor_usage":[14,16],"damage_taken":[{"damage":0,"enemies":"Small Slimes","floor":1,"turns":4},{"damage":4,"enemies":"Jaw Worm","floor":4,"turns":3},{"damage":0,"enemies":"2 Louse","floor":5,"turns":2},{"damage":25,"enemies":"Lagavulin","floor":6,"turns":5},{"damage":12,"enemies":"Lots of Slimes","floor":8,"turns":4},{"damage":15,"enemies":"Exordium Thugs","floor":11,"turns":3},{"damage":3,"enemies":"Blue Slaver","floor":12,"turns":4},{"damage":3,"enemies":"Large Slime","floor":13,"turns":4},{"damage":9,"enemies":"3 Sentries","floor":14,"turns":6},{"damage":5,"enemies":"Slime Boss","floor":16,"turns":9},{"damage":8,"enemies":"Spheric Guardian","floor":18,"turns":4},{"damage":22,"enemies":"Book of Stabbing","floor":24,"turns":6},{"damage":0,"enemies":"Gremlin Leader","floor":27,"turns":4},{"damage":12,"enemies":"2 Thieves","floor":28,"turns":4},{"damage":19,"enemies":"Snake Plant","floor":30,"turns":3},{"damage":0,"enemies":"Sentry and Sphere","floor":31,"turns":4},{"damage":63,"enemies":"Champ","floor":33,"turns":16},{"damage":0,"enemies":"Orb Walker","floor":35,"turns":4},{"damage":0,"enemies":"3 Darklings","floor":36,"turns":5},{"damage":0,"enemies":"Writhing Mass","floor":39,"turns":7},{"damage":93,"enemies":"Giant Head","floor":40,"turns":10}],"seed_played":"6887521245090926565","potions_obtained":[{"floor":4,"key":"Energy Potion"},{"floor":6,"key":"EssenceOfSteel"},{"floor":8,"key":"AttackPotion"},{"floor":12,"key":"PowerPotion"}],"is_trial":false,"path_per_floor":["?","T","M","?","?","?","$","T","M","?","?"],"character_chosen":"DEFECT","items_purchased":["Hologram"],"campfire_rested":4,"item_purchase_floors":[22],"current_hp_per_floor":[68,68,75,71,71,46,70,58,58,58,43,40,37,28,52,54,75,74,58,58,52,52,52,37,61,61,68,56,56,44,51,75,19,66,73,80,80,70,77,0],"gold":0,"neow_bonus":"BOSS_RELIC","is_prod":false,"is_daily":false,"chose_seed":false,"campfire_upgraded":2,"win_rate":0,"timestamp":1557682324,"path_taken":["M","?","?","M","M","E","R","?","T","R","M","M","M","E","R","BOSS","M","?","?","?","?","R","E","R","T","E","M","?","M","?","R","BOSS","M","M","?","?","M","E"],"build_version":"2019-01-23","purchased_purges":0,"victory":false,"max_hp_per_floor":[75,75,82,82,82,82,82,82,82,82,82,82,82,82,82,82,82,82,82,82,82,82,82,82,82,82,82,82,82,82,82,82,82,82,82,82,82,82,82,82],"card_choices":[{"not_picked":["Stack","Barrage"],"picked":"Ball Lightning","floor":1},{"not_picked":["Go for the Eyes","Stack"],"picked":"Chaos","floor":4},{"not_picked":["Redo","Hologram"],"picked":"Sunder","floor":5},{"not_picked":["Steam","Doom and Gloom"],"picked":"Buffer","floor":6},{"not_picked":["Reprogram","Skim"],"picked":"Conserve Battery","floor":8},{"not_picked":["Rip and Tear","Sweeping Beam"],"picked":"Genetic Algorithm","floor":11},{"not_picked":["Turbo","Stack"],"picked":"Reinforced Body","floor":12},{"not_picked":["Auto Shields","Blizzard"],"picked":"Cold Snap","floor":13},{"not_picked":["Blizzard","Chill"],"picked":"Self Repair","floor":14},{"not_picked":["Hyperbeam","Fission"],"picked":"Electrodynamics","floor":16},{"not_picked":["Gash","Rebound"],"picked":"Recycle","floor":18},{"not_picked":["Sweeping Beam","Conserve Battery"],"picked":"Storm","floor":24},{"not_picked":["Leap+1","Heatsinks"],"picked":"Stack+1","floor":27},{"not_picked":["Leap","Stack+1"],"picked":"Storm","floor":28},{"not_picked":["Reboot","Barrage+1"],"picked":"Skim+1","floor":30},{"not_picked":["Turbo","Beam Cell"],"picked":"Compile Driver","floor":31},{"not_picked":["Rainbow","Fission"],"picked":"Seek","floor":33},{"not_picked":[],"picked":"Capacitor","floor":35},{"not_picked":[],"picked":"Stack","floor":36},{"not_picked":[],"picked":"Hologram","floor":39}],"player_experience":404384,"relics_obtained":[{"floor":3,"key":"Strawberry"},{"floor":6,"key":"Pen Nib"},{"floor":9,"key":"Gremlin Horn"},{"floor":14,"key":"Ornamental Fan"},{"floor":19,"key":"Enchiridion"},{"floor":24,"key":"Boot"},{"floor":26,"key":"Bag of Preparation"},{"floor":27,"key":"Turnip"}],"event_choices":[{"damage_healed":0,"gold_gain":0,"player_choice":"Leave","damage_taken":0,"max_hp_gain":0,"max_hp_loss":0,"event_name":"The Cleric","floor":2,"gold_loss":0},{"damage_healed":0,"gold_gain":0,"player_choice":"Obtained Book","damage_taken":16,"max_hp_gain":0,"max_hp_loss":0,"event_name":"Cursed Tome","floor":19,"gold_loss":0},{"damage_healed":0,"gold_gain":0,"player_choice":"Simplicity","damage_taken":0,"max_hp_gain":0,"max_hp_loss":0,"event_name":"Back to Basics","floor":20,"gold_loss":0,"cards_upgraded":["Strike_B","Strike_B","Strike_B","Strike_B","Defend_B","Defend_B","Defend_B","Defend_B"]},{"damage_healed":0,"gold_gain":0,"player_choice":"Joined the Cult","damage_taken":6,"max_hp_gain":0,"max_hp_loss":0,"event_name":"Nest","floor":21,"gold_loss":0,"cards_obtained":["RitualDagger"]},{"damage_healed":0,"gold_gain":0,"player_choice":"Paid","damage_taken":0,"relics_obtained":["Red Mask"],"max_hp_gain":0,"max_hp_loss":0,"event_name":"Tomb of Lord Red Mask","floor":37,"gold_loss":0},{"damage_healed":0,"gold_gain":0,"player_choice":"Embrace Madness","damage_taken":10,"max_hp_gain":0,"max_hp_loss":0,"event_name":"Winding Halls","floor":38,"gold_loss":0,"cards_obtained":["Madness","Madness"]}],"is_beta":false,"boss_relics":[{"not_picked":["Inserter","Runic Pyramid"],"picked":"Sozu"},{"not_picked":["Black Star","Calling Bell"],"picked":"Busted Crown"}],"items_purged_floors":[],"is_endless":false,"potions_floor_spawned":[4,6,8,12,24,31,36,39],"killed_by":"Giant Head","ascension_level":9}