{"gold_per_floor":[109,184,202,202,215,243,255,272,272,272,197,211,211,226,226,330,330,348,348,348,155,155,183,183,203,203,229,229,77,103,123,123,219,219,230,247,347,86,86,86,413,424,424,434,451,451,483,502,502,502],"floor_reached":50,"playtime":7313,"items_purged":["Defend_R"],"score":612,"play_id":"2739d025-e31c-45f3-90d4-ab6ea9210bb9","local_time":"20190105225940","is_ascension_mode":false,"campfire_choices":[{"floor":10.0,"key":"RECALL"},{"floor":15.0,"key":"REST"},{"floor":24,"key":"REST"},{"data":"Double Tap","floor":28,"key":"SMITH"},{"data":"Impervious","floor":32,"key":"SMITH"},{"data":"Barricade","floor":40,"key":"SMITH"},{"data":"Flame Barrier","floor":49,"key":"SMITH"}],"neow_cost":"NONE","seed_source_timestamp":21382415034302,"circlet_count":0,"master_deck":["Strike_R+1","Strike_R+1","Strike_R+1","Strike_R+1","Strike_R+1","Defend_R+1","Defend_R+1","Defend_R+1","Cleave","Pommel Strike","Double Tap+1","Perfected Strike","Iron Wave","Power Through","Impervious+1","Flame Barrier+1","Body Slam+1","Wild Strike+1","Barricade+1","Metallicize","Shockwave+1","Battle Trance","Second Wind+1","Body Slam","Writhe"],"special_seed":0,"relics":["Burning Blood","NeowsBlessing","Boot","Sozu","ClockworkSouvenir","Gremlin Horn","FossilizedHelix","Matryoshka","Vajra","Bag of Preparation","Runic Cube","Torii","Letter Opener","Old Coin","Potion Belt","Bottled Tornado","Frozen Egg 2"],"potions_floor_usage":[23],"damage_taken":[{"damage":0.0,"enemies":"2 Louse","floor":1.0,"turns":1.0},{"damage":0.0,"enemies":"Cultist","floor":3.0,"turns":1.0},{"damage":0.0,"enemies":"Small Slimes","floor":5.0,"turns":1.0},{"damage":42.0,"enemies":"3 Sentries","floor":6.0,"turns":9.0},{"damage":0.0,"enemies":"3 Louse","floor":7.0,"turns":2.0},{"damage":7.0,"enemies":"Gremlin Gang","floor":8.0,"turns":6.0},{"damage":12.0,"enemies":"Blue Slaver","floor":12.0,"turns":3.0},{"damage":6.0,"enemies":"Exordium Wildlife","floor":14.0,"turns":3.0},{"damage":52.0,"enemies":"The Guardian","floor":16.0,"turns":12.0},{"damage":0.0,"enemies":"Spheric Guardian","floor":18.0,"turns":3.0},{"damage":31,"enemies":"Slavers","floor":23,"turns":7},{"damage":4,"enemies":"2 Thieves","floor":25,"turns":3},{"damage":12,"enemies":"Gremlin Leader","floor":27,"turns":5},{"damage":5,"enemies":"Slavers","floor":30,"turns":5},{"damage":0,"enemies":"Sentry and Sphere","floor":31,"turns":3},{"damage":53,"enemies":"Collector","floor":33,"turns":17},{"damage":0,"enemies":"Orb Walker","floor":35,"turns":2},{"damage":0,"enemies":"3 Shapes","floor":36,"turns":2},{"damage":0,"enemies":"Mind Bloom Boss Battle","floor":37,"turns":5},{"damage":1,"enemies":"Nemesis","floor":41,"turns":7},{"damage":20,"enemies":"Jaw Worm Horde","floor":42,"turns":3},{"damage":20,"enemies":"Writhing Mass","floor":44,"turns":6},{"damage":0,"enemies":"3 Darklings","floor":45,"turns":6},{"damage":0,"enemies":"Giant Head","floor":47,"turns":7},{"damage":10,"enemies":"Jaw Worm Horde","floor":48,"turns":4},{"damage":84,"enemies":"Time Eater","floor":50,"turns":13}],"seed_played":"-1991150970567814060","potions_obtained":[{"floor":5.0,"key":"Weak Potion"},{"floor":6.0,"key":"SteroidPotion"},{"floor":12.0,"key":"GamblersBrew"},{"floor":14.0,"key":"Ancient Potion"},{"floor":16.0,"key":"Block Potion"}],"is_trial":false,"path_per_floor":["M","?","M","?","M","E","M","M","T","R","$","M","?","M","R","B",null,"M","?","?","$","$","E","R","M","T","E","R","$","E","M","R","B",null,"M","M","?","$","?","R","E","M","T","M","M","?","E","M","R","B"],"character_chosen":"IRONCLAD","items_purchased":["ClockworkSouvenir","Vajra","Letter Opener"],"campfire_rested":2,"item_purchase_floors":[21,29,38],"current_hp_per_floor":[80,72,78,62,68,32,38,37,37,37,37,31,31,31,55,9,80,80,80,80,80,80,55,79,80,80,74,74,74,75,80,80,33,80,80,80,80,80,80,80,80,66,66,52,58,78,80,76,76,0],"gold":502,"neow_bonus":"THREE_ENEMY_KILL","is_prod":false,"is_daily":false,"chose_seed":false,"campfire_upgraded":4,"win_rate":0,"timestamp":1546725580,"path_taken":["M","?","?","?","M","E","M","M","T","R","$","M","?","?","R","BOSS","M","?","?","?","$","E","R","M","T","E","R","$","E","?","R","BOSS","M","M","?","$","?","R","E","M","T","M","?","?","E","M","R","BOSS"],"build_version":"2019-01-03v4","purchased_purges":1,"victory":false,"max_hp_per_floor":[80,80,80,80,80,80,80,80,80,80,80,80,80,80,80,80,80,80,80,80,80,80,80,80,80,80,80,80,80,80,80,80,80,80,80,80,80,80,80,80,80,80,80,80,80,80,80,80,80,80],"card_choices":[{"not_picked":["Thunderclap","Second Wind"],"picked":"Cleave","floor":1.0},{"not_picked":["Dual Wield","Iron Wave","Clash"],"picked":"SKIP","floor":3.0},{"not_picked":["Entrench","Sword Boomerang","Body Slam"],"picked":"SKIP","floor":5.0},{"not_picked":["Uppercut","Feel No Pain"],"picked":"Pommel Strike","floor":6.0},{"not_picked":["Intimidate","True Grit"],"picked":"Double Tap","floor":7.0},{"not_picked":["Entrench","Cleave"],"picked":"Perfected Strike","floor":8.0},{"not_picked":["Thunderclap","Hemokinesis"],"picked":"Iron Wave","floor":12.0},{"not_picked":["Pommel Strike","Twin Strike"],"picked":"Power Through","floor":14.0},{"not_picked":["Double Tap","Bludgeon"],"picked":"Impervious","floor":16.0},{"not_picked":["Corruption","Body Slam"],"picked":"Flame Barrier","floor":18.0},{"not_picked":["Shrug It Off","Anger+1"],"picked":"Body Slam+1","floor":23},{"not_picked":["Iron Wave","Intimidate+1"],"picked":"Wild Strike+1","floor":25},{"not_picked":["Dual Wield+1","Spot Weakness","Uppercut+1"],"picked":"SKIP","floor":27},{"not_picked":["Thunderclap","Wild Strike","Anger"],"picked":"SKIP","floor":30},{"not_picked":["Flex+1","Impervious","Thunderclap"],"picked":"SKIP","floor":31},{"not_picked":["Fiend Fire","Double Tap"],"picked":"Barricade","floor":33},{"not_picked":["Warcry","Intimidate","Perfected Strike+1"],"picked":"SKIP","floor":35},{"not_picked":["True Grit+1","Shockwave"],"picked":"Metallicize","floor":36},{"not_picked":["Rage+1","Warcry+1"],"picked":"Shockwave+1","floor":37},{"not_picked":["Clash+1","Whirlwind+1"],"picked":"Second Wind+1","floor":41},{"not_picked":["Burning Pact+1","Heavy Blade","Shrug It Off+1"],"picked":"SKIP","floor":42},{"not_picked":["Sword Boomerang+1","Armaments","Burning Pact+1"],"picked":"SKIP","floor":44},{"not_picked":["Thunderclap","Hemokinesis+1"],"picked":"Body Slam","floor":45},{"not_picked":["Cleave","Dropkick","Anger+1"],"picked":"SKIP","floor":47},{"not_picked":["Limit Break","Wild Strike","Shrug It Off"],"picked":"SKIP","floor":48}],"player_experience":73989,"relics_obtained":[{"floor":6.0,"key":"Boot"},{"floor":23,"key":"Gremlin Horn"},{"floor":26,"key":"FossilizedHelix"},{"floor":27,"key":"Matryoshka"},{"floor":30,"key":"Bag of Preparation"},{"floor":37,"key":"Torii"},{"floor":41,"key":"Old Coin"},{"floor":43,"key":"Potion Belt"},{"floor":43,"key":"Bottled Tornado"},{"floor":47,"key":"Frozen Egg 2"}],"event_choices":[{"damage_healed":0.0,"max_hp_gain":0.0,"max_hp_loss":0.0,"gold_gain":75.0,"event_name":"FaceTrader","player_choice":"Touch","floor":2.0,"gold_loss":0.0,"damage_taken":8.0},{"damage_healed":0.0,"max_hp_gain":0.0,"max_hp_loss":0.0,"gold_gain":0.0,"event_name":"Shining Light","player_choice":"Entered Light","floor":4.0,"gold_loss":0.0,"damage_taken":16.0,"cards_upgraded":["Strike_R","Strike_R"]},{"damage_healed":0.0,"max_hp_gain":0.0,"max_hp_loss":0.0,"gold_gain":0.0,"event_name":"NoteForYourself","player_choice":"Ignored","floor":13.0,"gold_loss":0.0,"damage_taken":0.0},{"damage_healed":0,"gold_gain":0,"player_choice":"Simplicity","damage_taken":0,"max_hp_gain":0,"max_hp_loss":0,"event_name":"Back to Basics","floor":19,"gold_loss":0,"cards_upgraded":["Strike_R","Strike_R","Strike_R","Defend_R","Defend_R","Defend_R"]},{"damage_healed":0,"gold_gain":0,"player_choice":"Ignored","damage_taken":0,"max_hp_gain":0,"max_hp_loss":0,"event_name":"Vampires","floor":20,"gold_loss":0},{"damage_healed":0,"gold_gain":0,"player_choice":"Fight","damage_taken":0,"max_hp_gain":0,"max_hp_loss":0,"event_name":"MindBloom","floor":37,"gold_loss":0},{"damage_healed":0,"gold_gain":0,"cards_transformed":["Bash"],"player_choice":"Transformed","damage_taken":0,"max_hp_gain":0,"max_hp_loss":0,"event_name":"Transmorgrifier","floor":39,"gold_loss":0,"cards_obtained":["Battle Trance"]},{"damage_healed":20,"gold_gain":0,"player_choice":"Writhe","damage_taken":0,"max_hp_gain":0,"max_hp_loss":0,"event_name":"Winding Halls","floor":46,"gold_loss":0,"cards_obtained":["Writhe"]}],"is_beta":false,"boss_relics":[{"not_picked":["Lizard Tail","Runic Pyramid"],"picked":"Sozu"},{"not_picked":["White Beast Statue","Tiny House"],"picked":"Runic Cube"}],"items_purged_floors":[11],"is_endless":false,"potions_floor_spawned":[5,6,12,14,16,23,25,33,35,36,42,45,47,48],"killed_by":"Time Eater","ascension_level":0}