{"gold_per_floor":[117,44,44,55,67,67,92,92,92,119,119,41,41,59,59,133,133,143,143,162,172,172,202,202,222,222,222,252,351,351,361,361,435,435,446,466,466,466,478,510,510,526,526,554,565,89,99,127,127,127],"floor_reached":51,"playtime":7036,"items_purged":["Strike_B"],"score":1360,"play_id":"9e3dd007-197c-429f-8b9a-6965955e3fec","local_time":"20180814175658","is_ascension_mode":true,"campfire_choices":[{"data":"Sunder","floor":6.0,"key":"SMITH"},{"data":"Defragment","floor":8.0,"key":"SMITH"},{"data":"Zap","floor":11.0,"key":"SMITH"},{"data":"Cold Snap","floor":13.0,"key":"SMITH"},{"data":"Cold Snap","floor":15.0,"key":"SMITH"},{"data":"Defragment","floor":24.0,"key":"SMITH"},{"floor":27.0,"key":"REST"},{"data":"Loop","floor":30.0,"key":"SMITH"},{"data":"Go for the Eyes","floor":32.0,"key":"SMITH"},{"floor":41,"key":"REST"},{"floor":49,"key":"REST"}],"neow_cost":"NONE","seed_source_timestamp":0,"circlet_count":0,"master_deck":["Strike_B","Defend_B+1","Defend_B+1","Defend_B","Defend_B","Zap+1","Dualcast","AscendersBane","Defragment+1","Cold Snap+1","Cold Snap+1","Go for the Eyes+1","Redo","Leap","Sunder+1","Glacier","Self Repair","Echo Form","Doom and Gloom","Defragment+1","Cold Snap","Glacier","Loop+1","Coolheaded","Chill+1","Creative AI","Go for the Eyes+1","Reinforced Body","Madness","Madness","Barrage+1","BootSequence+1","Conserve Battery","All For One+1","Streamline+1","Coolheaded","Sweeping Beam+1","Storm+1"],"special_seed":0,"relics":["Cracked Core","Kunai","Blue Candle","Vajra","Sozu","War Paint","Pen Nib","Molten Egg 2","Inserter","Turnip","Anchor","Ancient Tea Set","Bottled Flame","Bottled Lightning"],"potions_floor_usage":[50],"damage_taken":[{"damage":0.0,"enemies":"2 Louse","floor":1.0,"turns":2.0},{"damage":0.0,"enemies":"Cultist","floor":4.0,"turns":3.0},{"damage":0.0,"enemies":"Small Slimes","floor":5.0,"turns":3.0},{"damage":16.0,"enemies":"3 Sentries","floor":7.0,"turns":9.0},{"damage":0.0,"enemies":"Lagavulin","floor":10.0,"turns":8.0},{"damage":0.0,"enemies":"Red Slaver","floor":14.0,"turns":2.0},{"damage":13.0,"enemies":"Slime Boss","floor":16.0,"turns":8.0},{"damage":0.0,"enemies":"Chosen","floor":18.0,"turns":4.0},{"damage":32.0,"enemies":"2 Thieves","floor":20.0,"turns":5.0},{"damage":0.0,"enemies":"Cultist and Chosen","floor":21.0,"turns":6.0},{"damage":39.0,"enemies":"Book of Stabbing","floor":23.0,"turns":6.0},{"damage":19.0,"enemies":"Snake Plant","floor":25.0,"turns":6.0},{"damage":16.0,"enemies":"Slavers","floor":28.0,"turns":6.0},{"damage":3.0,"enemies":"Centurion and Healer","floor":31.0,"turns":8.0},{"damage":2.0,"enemies":"Champ","floor":33.0,"turns":12.0},{"damage":11.0,"enemies":"3 Darklings","floor":35.0,"turns":7.0},{"damage":0.0,"enemies":"3 Shapes","floor":36.0,"turns":5.0},{"damage":8,"enemies":"Flame Bruiser 2 Orb","floor":39,"turns":12},{"damage":38,"enemies":"2 Orb Walkers","floor":40,"turns":7},{"damage":0,"enemies":"Maw","floor":42,"turns":9},{"damage":29,"enemies":"Nemesis","floor":44,"turns":9},{"damage":0,"enemies":"4 Shapes","floor":45,"turns":8},{"damage":2,"enemies":"Spire Growth","floor":47,"turns":6},{"damage":45,"enemies":"2 Orb Walkers","floor":48,"turns":9},{"damage":16,"enemies":"Donu and Deca","floor":50,"turns":10}],"seed_played":"-8573697667953190974","potions_obtained":[{"floor":5.0,"key":"Regen Potion"},{"floor":7.0,"key":"SpeedPotion"},{"floor":14.0,"key":"Fire Potion"},{"floor":16.0,"key":"Strength Potion"}],"is_trial":false,"path_per_floor":["M","$","?","M","M","R","E","R","T","E","R","$","R","M","R","B",null,"M","?","M","M","?","E","R","M","T","R","E","?","R","M","R","B",null,"M","M","?","?","M","E","R","M","T","E","M","$","M","E","R","B"],"character_chosen":"DEFECT","items_purchased":["Cold Snap","Go for the Eyes","Self Repair","Streamline+1","Coolheaded","Bottled Flame","Sweeping Beam+1"],"campfire_rested":3,"item_purchase_floors":[2,2,12,46,46,46,46],"current_hp_per_floor":[64,64,64,64,64,64,48,48,48,48,48,48,48,55,55,64,69,69,69,44,58,58,26,26,14,14,35,26,26,26,37,37,49,66,62,69,69,60,59,28,49,63,63,48,62,62,60,22,43,34],"gold":127,"neow_bonus":"TRANSFORM_CARD","is_prod":false,"is_daily":false,"chose_seed":false,"campfire_upgraded":8,"win_rate":0,"timestamp":1534262218,"path_taken":["M","$","?","?","M","R","E","R","T","E","R","?","R","?","R","BOSS","M","?","?","M","?","E","R","M","T","R","E","?","R","M","R","BOSS","M","M","?","?","M","E","R","M","T","E","M","$","M","E","R","BOSS"],"build_version":"2018-08-09","purchased_purges":1,"victory":true,"max_hp_per_floor":[71,71,71,71,71,71,71,71,71,71,71,71,71,71,71,71,71,71,71,71,71,71,71,71,71,71,71,71,71,71,71,71,71,71,71,71,71,71,71,71,71,71,71,71,71,71,71,71,71,71],"card_choices":[{"not_picked":["Barrage","Redo"],"picked":"Cold Snap","floor":1.0},{"not_picked":["Cold Snap","Turbo"],"picked":"Leap","floor":4.0},{"not_picked":["Ball Lightning","Recycle"],"picked":"Sunder","floor":5.0},{"not_picked":["Consume","Capacitor"],"picked":"Glacier","floor":7.0},{"not_picked":["Meteor Strike","Reboot"],"picked":"Echo Form","floor":16.0},{"not_picked":["Recycle","Force Field"],"picked":"Doom and Gloom","floor":18.0},{"not_picked":["Gash","Scrape"],"picked":"Cold Snap","floor":20.0},{"not_picked":["Redo","Rebound"],"picked":"Glacier","floor":21.0},{"not_picked":["Rebound","Reinforced Body+1"],"picked":"Loop","floor":23.0},{"not_picked":["Barrage+1","Tempest"],"picked":"Coolheaded","floor":25.0},{"not_picked":["Hologram","Barrage"],"picked":"Chill+1","floor":28.0},{"not_picked":["Echo Form","Biased Cognition"],"picked":"Creative AI","floor":33.0},{"not_picked":["Leap+1","Rebound+1"],"picked":"Go for the Eyes+1","floor":35.0},{"not_picked":["Stack","Hologram"],"picked":"Reinforced Body","floor":36},{"not_picked":["Lockon+1","Hologram"],"picked":"Barrage+1","floor":39},{"not_picked":["Beam Cell+1","Fusion"],"picked":"BootSequence+1","floor":40},{"not_picked":["Hologram+1","Self Repair"],"picked":"Conserve Battery","floor":42},{"not_picked":["Auto Shields","Self Repair"],"picked":"All For One+1","floor":45},{"not_picked":["Stack","Double Energy+1"],"picked":"Storm+1","floor":48}],"player_experience":980390,"relics_obtained":[{"floor":7.0,"key":"Kunai"},{"floor":9.0,"key":"Blue Candle"},{"floor":10.0,"key":"Vajra"},{"floor":23.0,"key":"War Paint"},{"floor":26.0,"key":"Pen Nib"},{"floor":28.0,"key":"Molten Egg 2"},{"floor":40,"key":"Turnip"},{"floor":43,"key":"Anchor"},{"floor":44,"key":"Ancient Tea Set"},{"floor":48,"key":"Bottled Lightning"}],"event_choices":[{"event_name":"Transmorgrifier","player_choice":"Transform","floor":3.0,"damage_taken":0.0},{"event_name":"The Library","player_choice":"Read","floor":19.0,"damage_taken":0.0},{"event_name":"Vampires","player_choice":"Ignored","floor":22.0,"damage_taken":0.0},{"event_name":"Nest","player_choice":"Stole From Cult","floor":29.0,"damage_taken":0.0},{"event_name":"Tomb of Lord Red Mask","player_choice":"Ignored","floor":37,"damage_taken":0},{"event_name":"Winding Halls","player_choice":"Embrace Madness","floor":38,"damage_taken":0}],"is_beta":false,"boss_relics":[{"not_picked":["Fusion Hammer","Philosopher\u0027s Stone"],"picked":"Sozu"},{"not_picked":["Pandora\u0027s Box","Busted Crown"],"picked":"Inserter"}],"items_purged_floors":[46],"is_endless":false,"potions_floor_spawned":[5,7,14,16,18,25,31,33,36,40,42,47,48],"ascension_level":14}