{"gold_per_floor":[110,110,126,146,18,45,45,45,45,86,26,67,67,108,108,229,229,249,249,374,21,21,21,60,81,81,180,199,199,199,217,217,343,343,368,386,411,91,91,91,125,145,171,190,230,230,246,11,11,11],"floor_reached":51,"playtime":1652,"items_purged":["Strike_R","Strike_R","Strike_R"],"score":976,"play_id":"ea9474a3-1742-468d-9275-ca9cb927f0b4","local_time":"20190218231519","is_ascension_mode":true,"campfire_choices":[{"data":"Inflame","floor":7.0,"key":"SMITH"},{"floor":13.0,"key":"REST"},{"data":"True Grit","floor":15.0,"key":"SMITH"},{"data":"Rage","floor":23.0,"key":"SMITH"},{"data":"Sword Boomerang","floor":29.0,"key":"SMITH"},{"data":"Sword Boomerang","floor":30.0,"key":"SMITH"},{"data":"Defend_R","floor":32.0,"key":"SMITH"},{"data":"Bandage Up","floor":40,"key":"SMITH"},{"data":"Defend_R","floor":46,"key":"SMITH"},{"data":"Defend_R","floor":49,"key":"SMITH"}],"neow_cost":"TEN_PERCENT_HP_LOSS","seed_source_timestamp":285190638872777,"circlet_count":0,"master_deck":["Strike_R","Defend_R+1","Defend_R+1","Defend_R+1","Bash+1","Sword Boomerang+1","True Grit+1","Reaper","Inflame+1","Sword Boomerang+1","Cleave","Rage+1","Demon Form+1","Rage+1","Shrug It Off","Shrug It Off","Mayhem+1","Bandage Up+1","Barricade+1","Metallicize+1","Combust+1","Combust+1","Shrug It Off"],"special_seed":0,"relics":["Burning Blood","Frozen Egg 2","Golden Idol","The Courier","WingedGreaves","Mango","Red Skull","Busted Crown","Ice Cream","Singing Bowl","ClockworkSouvenir","Lantern","Kunai","Sundial","Coffee Dripper","Pocketwatch","Art of War","Paper Frog","Membership Card"],"potions_floor_usage":[45,45,45],"damage_taken":[{"damage":3.0,"enemies":"Jaw Worm","floor":1.0,"turns":4.0},{"damage":1.0,"enemies":"Cultist","floor":3.0,"turns":3.0},{"damage":6.0,"enemies":"2 Louse","floor":4.0,"turns":3.0},{"damage":20.0,"enemies":"Lagavulin","floor":6.0,"turns":5.0},{"damage":53.0,"enemies":"3 Sentries","floor":10.0,"turns":9.0},{"damage":16.0,"enemies":"Gremlin Nob","floor":12.0,"turns":3.0},{"damage":40.0,"enemies":"Lagavulin","floor":14.0,"turns":4.0},{"damage":24.0,"enemies":"Hexaghost","floor":16.0,"turns":9.0},{"damage":15.0,"enemies":"Spheric Guardian","floor":18.0,"turns":5.0},{"damage":38.0,"enemies":"Colosseum Slavers","floor":20.0,"turns":3.0},{"damage":31.0,"enemies":"Colosseum Nobs","floor":20.0,"turns":4.0},{"damage":31.0,"enemies":"Gremlin Leader","floor":24.0,"turns":4.0},{"damage":0.0,"enemies":"Chosen","floor":25.0,"turns":4.0},{"damage":10.0,"enemies":"3 Cultists","floor":28.0,"turns":4.0},{"damage":7.0,"enemies":"Snake Plant","floor":31.0,"turns":3.0},{"damage":26.0,"enemies":"Champ","floor":33.0,"turns":8.0},{"damage":37.0,"enemies":"3 Darklings","floor":35.0,"turns":7.0},{"damage":50.0,"enemies":"3 Shapes","floor":36.0,"turns":4.0},{"damage":18.0,"enemies":"Spire Growth","floor":37.0,"turns":4.0},{"damage":8,"enemies":"Giant Head","floor":41,"turns":7},{"damage":40,"enemies":"3 Darklings","floor":42,"turns":5},{"damage":33,"enemies":"Transient","floor":44,"turns":5},{"damage":36,"enemies":"Reptomancer","floor":45,"turns":4},{"damage":13,"enemies":"Jaw Worm Horde","floor":47,"turns":4},{"damage":82,"enemies":"Awakened One","floor":50,"turns":9}],"seed_played":"-7129909635231857109","potions_obtained":[{"floor":4.0,"key":"PowerPotion"},{"floor":10.0,"key":"LiquidBronze"},{"floor":12.0,"key":"FearPotion"},{"floor":16.0,"key":"EssenceOfSteel"},{"floor":20.0,"key":"Strength Potion"},{"floor":24.0,"key":"Swift Potion"},{"floor":41,"key":"Strength Potion"},{"floor":45,"key":"Ancient Potion"}],"is_trial":false,"path_per_floor":["M","?","M","M","$","E","R","?","T","E","$","E","R","E","R","B",null,"M","?","?","$","?","R","E","M","T","?","M","R","R","M","R","B",null,"M","M","M","$","?","R","E","M","T","M","E","R","M","$","R","B",null],"character_chosen":"IRONCLAD","items_purchased":["Inflame","Sword Boomerang","ClockworkSouvenir","Lantern","Mayhem+1","Bandage Up","Membership Card","Combust+1","Combust+1","Shrug It Off"],"campfire_rested":1,"item_purchase_floors":[5,5,21,21,38,38,48,48,48,48],"current_hp_per_floor":[72,72,72,72,72,58,58,40,40,14,14,28,53,29,29,26,71,65,65,63,63,63,63,52,64,64,64,86,86,86,87,87,82,91,88,59,68,68,68,68,95,70,70,84,88,88,101,101,101,31],"gold":11,"neow_bonus":"REMOVE_TWO","is_prod":false,"is_daily":false,"chose_seed":false,"campfire_upgraded":9,"win_rate":0,"timestamp":1550528119,"path_taken":["M","?","M","?","$","E","R","?","T","E","$","E","R","E","R","BOSS","M","?","?","$","?","R","E","M","T","?","?","R","R","M","R","BOSS","M","?","M","$","?","R","E","M","T","M","E","R","M","$","R","BOSS"],"build_version":"2019-01-23","purchased_purges":3,"victory":true,"max_hp_per_floor":[72,72,72,72,72,72,72,72,72,72,72,86,86,86,86,86,86,86,86,86,86,86,86,88,90,90,90,90,90,90,92,92,94,94,96,98,100,100,100,100,102,104,104,106,108,108,108,108,108,108],"card_choices":[{"not_picked":["Havoc","Hemokinesis"],"picked":"Sword Boomerang","floor":1.0},{"not_picked":["Warcry","Headbutt"],"picked":"True Grit","floor":3.0},{"not_picked":["Sever Soul","Dual Wield"],"picked":"Reaper","floor":4.0},{"not_picked":["Wild Strike","Searing Blow","Anger"],"picked":"SKIP","floor":6.0},{"not_picked":["Corruption+1","Uppercut","Searing Blow"],"picked":"SKIP","floor":10.0},{"not_picked":["Thunderclap","Uppercut"],"picked":"Cleave","floor":12.0},{"not_picked":["Sentinel","Power Through"],"picked":"Rage","floor":14.0},{"not_picked":["Double Tap","Exhume"],"picked":"Demon Form+1","floor":16.0},{"not_picked":["Wild Strike"],"picked":"SKIP","floor":18.0},{"not_picked":[],"picked":"Rage+1","floor":20.0},{"not_picked":["Offering"],"picked":"Singing Bowl","floor":24.0},{"not_picked":["Fire Breathing+1"],"picked":"Singing Bowl","floor":25.0},{"not_picked":[],"picked":"Shrug It Off","floor":28.0},{"not_picked":["Flex"],"picked":"Singing Bowl","floor":31.0},{"not_picked":["Brutality+1"],"picked":"Singing Bowl","floor":33.0},{"not_picked":["Sentinel+1"],"picked":"Singing Bowl","floor":35.0},{"not_picked":["Warcry+1"],"picked":"Singing Bowl","floor":36.0},{"not_picked":["Thunderclap+1"],"picked":"Singing Bowl","floor":37.0},{"not_picked":["Headbutt+1"],"picked":"Singing Bowl","floor":41},{"not_picked":["Seeing Red+1"],"picked":"Singing Bowl","floor":42},{"not_picked":["Flex"],"picked":"Singing Bowl","floor":44},{"not_picked":["Havoc+1"],"picked":"Singing Bowl","floor":45},{"not_picked":[],"picked":"Metallicize+1","floor":47}],"player_experience":74373,"relics_obtained":[{"floor":6.0,"key":"Frozen Egg 2"},{"floor":9.0,"key":"The Courier"},{"floor":10.0,"key":"WingedGreaves"},{"floor":12.0,"key":"Mango"},{"floor":14.0,"key":"Red Skull"},{"floor":20.0,"key":"Ice Cream"},{"floor":20.0,"key":"Singing Bowl"},{"floor":24.0,"key":"Kunai"},{"floor":26.0,"key":"Sundial"},{"floor":41,"key":"Pocketwatch"},{"floor":43,"key":"Art of War"},{"floor":45,"key":"Paper Frog"}],"event_choices":[{"damage_healed":0.0,"max_hp_gain":0.0,"max_hp_loss":0.0,"gold_gain":0.0,"event_name":"Upgrade Shrine","player_choice":"Upgraded","floor":2.0,"gold_loss":0.0,"damage_taken":0.0,"cards_upgraded":["Bash"]},{"damage_healed":0.0,"max_hp_gain":0.0,"max_hp_loss":0.0,"gold_gain":0.0,"event_name":"Golden Idol","player_choice":"Take Damage","floor":8.0,"gold_loss":0.0,"damage_taken":18.0,"relics_obtained":["Golden Idol"]},{"damage_healed":0.0,"max_hp_gain":0.0,"max_hp_loss":0.0,"gold_gain":0.0,"event_name":"Ghosts","player_choice":"Ignored","floor":19.0,"gold_loss":0.0,"damage_taken":0.0},{"damage_healed":0.0,"max_hp_gain":0.0,"max_hp_loss":0.0,"gold_gain":0.0,"event_name":"Colosseum","player_choice":"Fight","floor":20.0,"gold_loss":0.0,"damage_taken":0.0},{"damage_healed":0.0,"max_hp_gain":0.0,"max_hp_loss":0.0,"gold_gain":0.0,"event_name":"Colosseum","player_choice":"Fought Nobs","floor":20.0,"gold_loss":0.0,"damage_taken":0.0},{"damage_healed":0.0,"max_hp_gain":0.0,"max_hp_loss":0.0,"gold_gain":0.0,"event_name":"The Library","player_choice":"Read","floor":22.0,"gold_loss":0.0,"damage_taken":0.0,"cards_obtained":["Shrug It Off"]},{"damage_healed":0.0,"max_hp_gain":0.0,"max_hp_loss":0.0,"gold_gain":99.0,"event_name":"Nest","player_choice":"Stole From Cult","floor":27.0,"gold_loss":0.0,"damage_taken":0.0},{"damage_healed":0,"gold_gain":0,"player_choice":"1 cards matched","damage_taken":0,"max_hp_gain":0,"max_hp_loss":0,"event_name":"Match and Keep!","floor":39,"gold_loss":0,"cards_obtained":["Barricade"]}],"is_beta":false,"boss_relics":[{"not_picked":["Runic Dome","Tiny House"],"picked":"Busted Crown"},{"not_picked":["Lizard Tail","Pandora\u0027s Box"],"picked":"Coffee Dripper"}],"items_purged_floors":[11,21,38],"is_endless":false,"potions_floor_spawned":[4,10,12,16,18,20,24,41,45],"ascension_level":5}