{"gold_per_floor":[115,19,32,42,60,60,95,95,95,123,141,159,159,192,192,292,292,303,303,102,102,118,143,143,162,162,162,197,197,213,231,231,327,327,346,364,381,394,413,442,442,69,69,69,69,69,35,53,53,53],"floor_reached":51,"playtime":7300,"items_purged":["Shame","Parasite"],"score":877,"play_id":"47926025-ecca-4d56-a0e3-1a2fdbcd9941","local_time":"20190503184959","is_ascension_mode":true,"campfire_choices":[{"data":"Neutralize","floor":6,"key":"SMITH"},{"data":"Noxious Fumes","floor":8,"key":"SMITH"},{"floor":13,"key":"REST"},{"data":"Outmaneuver","floor":15,"key":"SMITH"},{"data":"Burst","floor":24,"key":"SMITH"},{"data":"Discovery","floor":29,"key":"SMITH"},{"data":"Terror","floor":32,"key":"SMITH"},{"data":"Expertise","floor":46,"key":"SMITH"},{"data":"Dash","floor":49,"key":"SMITH"}],"neow_cost":"NONE","seed_source_timestamp":3897558621354720,"circlet_count":0,"master_deck":["Defend_G","Defend_G","Defend_G","Defend_G","Defend_G","Strike_G","Strike_G","Strike_G","Strike_G","Survivor","Neutralize+1","Leg Sweep","Discovery+1","Noxious Fumes+1","Expertise+1","After Image+1","Well Laid Plans","Leg Sweep","Outmaneuver+1","Cloak And Dagger","Escape Plan","Burst+1","Deflect+1","Cloak And Dagger","Terror+1","Deadly Poison+1","Corpse Explosion","Bane","Doppelganger","Well Laid Plans+1","Flechettes+1","Predator","Backflip","Dodge and Roll+1","Caltrops","Doubt","Madness","Madness","Infinite Blades","Dash+1"],"relics":["Ring of the Snake","Art of War","Bag of Preparation","Pear","Regal Pillow","Coffee Dripper","Paper Crane","Tingsha","Gremlin Horn","Orichalcum","Cursed Key","Torii","Lee\u0027s Waffle","Potion Belt"],"potions_floor_usage":[5,23,23,33,40,40,50],"damage_taken":[{"damage":0,"enemies":"Cultist","floor":1,"turns":5},{"damage":0,"enemies":"Jaw Worm","floor":3,"turns":3},{"damage":0,"enemies":"Small Slimes","floor":4,"turns":4},{"damage":8,"enemies":"Gremlin Gang","floor":5,"turns":6},{"damage":16,"enemies":"Lagavulin","floor":7,"turns":9},{"damage":24,"enemies":"Gremlin Nob","floor":10,"turns":6},{"damage":0,"enemies":"Blue Slaver","floor":11,"turns":5},{"damage":0,"enemies":"2 Fungi Beasts","floor":12,"turns":4},{"damage":2,"enemies":"Lagavulin","floor":14,"turns":9},{"damage":9,"enemies":"Hexaghost","floor":16,"turns":13},{"damage":6,"enemies":"Chosen","floor":18,"turns":7},{"damage":0,"enemies":"Shell Parasite","floor":22,"turns":5},{"damage":4,"enemies":"Slavers","floor":23,"turns":8},{"damage":2,"enemies":"Centurion and Healer","floor":25,"turns":9},{"damage":18,"enemies":"Gremlin Leader","floor":28,"turns":8},{"damage":0,"enemies":"Cultist and Chosen","floor":30,"turns":6},{"damage":0,"enemies":"Shelled Parasite and Fungi","floor":31,"turns":5},{"damage":18,"enemies":"Champ","floor":33,"turns":13},{"damage":6,"enemies":"Orb Walker","floor":35,"turns":6},{"damage":0,"enemies":"3 Darklings","floor":36,"turns":4},{"damage":7,"enemies":"Sphere and 2 Shapes","floor":37,"turns":5},{"damage":9,"enemies":"Writhing Mass","floor":38,"turns":6},{"damage":2,"enemies":"Spire Growth","floor":39,"turns":5},{"damage":1,"enemies":"Giant Head","floor":40,"turns":9},{"damage":0,"enemies":"4 Shapes","floor":48,"turns":3},{"damage":38,"enemies":"Time Eater","floor":50,"turns":16}],"seed_played":"-8469686780116445181","potions_obtained":[{"floor":3,"key":"Energy Potion"},{"floor":5,"key":"SpeedPotion"},{"floor":11,"key":"Swift Potion"},{"floor":12,"key":"FearPotion"},{"floor":16,"key":"Poison Potion"},{"floor":22,"key":"Explosive Potion"},{"floor":23,"key":"Strength Potion"},{"floor":31,"key":"Weak Potion"},{"floor":33,"key":"AttackPotion"},{"floor":37,"key":"Block Potion"},{"floor":39,"key":"SkillPotion"},{"floor":48,"key":"Explosive Potion"}],"is_trial":false,"path_per_floor":["$","M","?","?","M","?","M","?","?","?"],"character_chosen":"THE_SILENT","items_purchased":["Discovery","Cloak And Dagger","Terror","Caltrops","Lee\u0027s Waffle","Infinite Blades"],"campfire_rested":1,"item_purchase_floors":[2,20,20,42,42,47],"current_hp_per_floor":[77,77,77,77,69,69,53,53,53,39,39,39,65,63,63,54,87,81,81,81,81,81,77,77,75,75,75,57,57,57,57,57,39,87,81,81,74,65,63,62,62,91,91,80,80,80,80,80,80,42],"gold":53,"neow_bonus":"TEN_PERCENT_HP_BONUS","is_prod":false,"is_daily":false,"chose_seed":false,"campfire_upgraded":8,"win_rate":0,"timestamp":1556923799,"path_taken":["M","?","M","?","M","R","E","R","T","E","M","M","R","E","R","BOSS","M","?","$","?","?","E","R","M","T","?","E","R","M","M","R","BOSS","M","M","M","?","M","E","?","$","T","?","?","R","$","M","R","BOSS"],"build_version":"2019-01-23","purchased_purges":2,"victory":true,"max_hp_per_floor":[77,77,77,77,77,77,77,77,77,87,87,87,87,87,87,87,87,87,87,87,87,87,87,87,87,87,87,87,87,87,87,87,87,87,87,87,87,87,87,87,87,91,91,91,91,91,91,91,91,91],"card_choices":[{"not_picked":["Flying Knee","Prepared"],"picked":"Leg Sweep","floor":1},{"not_picked":["Concentrate","Quick Slash"],"picked":"Noxious Fumes","floor":3},{"not_picked":["Sucker Punch","Deadly Poison"],"picked":"Expertise","floor":4},{"not_picked":["Bane","Flying Knee"],"picked":"After Image","floor":5},{"not_picked":["Catalyst","Slice"],"picked":"Well Laid Plans","floor":7},{"not_picked":["Deadly Poison","Acrobatics"],"picked":"Leg Sweep","floor":10},{"not_picked":["Reflex","Finisher"],"picked":"Outmaneuver","floor":11},{"not_picked":["Outmaneuver","Dagger Spray"],"picked":"Cloak And Dagger","floor":12},{"not_picked":["Bullet Time","Deadly Poison"],"picked":"Escape Plan","floor":14},{"not_picked":["Unload","Phantasmal Killer"],"picked":"Burst","floor":16},{"not_picked":["Dagger Throw","Endless Agony+1"],"picked":"Deflect+1","floor":18},{"not_picked":["Endless Agony","Poisoned Stab+1"],"picked":"Deadly Poison+1","floor":22},{"not_picked":["Deadly Poison","Tactician","Blade Dance"],"picked":"SKIP","floor":23},{"not_picked":["Blade Dance","Dagger Throw","Terror+1"],"picked":"SKIP","floor":25},{"not_picked":["Calculated Gamble","Caltrops"],"picked":"Corpse Explosion","floor":28},{"not_picked":["Sucker Punch","Accuracy"],"picked":"Bane","floor":30},{"not_picked":["Bane","Dagger Throw","Choke"],"picked":"SKIP","floor":31},{"not_picked":["Wraith Form v2","Phantasmal Killer"],"picked":"Doppelganger","floor":33},{"not_picked":["Sucker Punch","Dagger Throw"],"picked":"Well Laid Plans+1","floor":35},{"not_picked":["Endless Agony","Deadly Poison+1"],"picked":"Flechettes+1","floor":36},{"not_picked":["All Out Attack+1","Acrobatics+1"],"picked":"Predator","floor":37},{"not_picked":["Choke","Sucker Punch"],"picked":"Backflip","floor":38},{"not_picked":["Flying Knee+1","Underhanded Strike","Deadly Poison"],"picked":"SKIP","floor":39},{"not_picked":["Reflex+1","Terror"],"picked":"Dodge and Roll+1","floor":40},{"not_picked":["Cloak And Dagger","Well Laid Plans+1"],"picked":"Dash","floor":48}],"player_experience":221838,"relics_obtained":[{"floor":7,"key":"Art of War"},{"floor":9,"key":"Bag of Preparation"},{"floor":10,"key":"Pear"},{"floor":14,"key":"Regal Pillow"},{"floor":23,"key":"Tingsha"},{"floor":26,"key":"Gremlin Horn"},{"floor":28,"key":"Orichalcum"},{"floor":40,"key":"Torii"},{"floor":43,"key":"Potion Belt"}],"event_choices":[{"damage_healed":0,"gold_gain":0,"player_choice":"Stole Relic","damage_taken":0,"relics_obtained":["Paper Crane"],"max_hp_gain":0,"max_hp_loss":0,"event_name":"Addict","floor":19,"gold_loss":0,"cards_obtained":["Shame"]},{"damage_healed":0,"gold_gain":0,"player_choice":"Upgraded","damage_taken":0,"max_hp_gain":0,"max_hp_loss":0,"event_name":"Upgrade Shrine","floor":21,"gold_loss":0,"cards_upgraded":["After Image"]},{"cards_removed":["Strike_G"],"damage_healed":0,"gold_gain":0,"player_choice":"Offered Basic","damage_taken":0,"max_hp_gain":0,"max_hp_loss":0,"event_name":"Bonfire Elementals","floor":27,"gold_loss":0},{"damage_healed":0,"gold_gain":0,"player_choice":"Ignored","damage_taken":0,"max_hp_gain":0,"max_hp_loss":0,"event_name":"Tomb of Lord Red Mask","floor":41,"gold_loss":0},{"damage_healed":0,"gold_gain":0,"player_choice":"Embrace Madness","damage_taken":11,"max_hp_gain":0,"max_hp_loss":0,"event_name":"Winding Halls","floor":44,"gold_loss":0,"cards_obtained":["Madness","Madness"]},{"damage_healed":0,"gold_gain":0,"player_choice":"Ignored","damage_taken":0,"max_hp_gain":0,"max_hp_loss":0,"event_name":"SecretPortal","floor":45,"gold_loss":0}],"is_beta":false,"boss_relics":[{"not_picked":["Snecko Eye","Runic Dome"],"picked":"Coffee Dripper"},{"not_picked":["Pandora\u0027s Box","Calling Bell"],"picked":"Cursed Key"}],"items_purged_floors":[20,42],"is_endless":false,"potions_floor_spawned":[3,5,11,12,16,22,23,31,33,37,39,48],"ascension_level":4}