{"gold_per_floor":[119,38,49,64,84,117,117,192,215,215,234,264,264,284,284,385,385,398,62,62,80,80,80,80,80,80,80,91,91,107,132,132,132],"floor_reached":33,"playtime":1168,"items_purged":["Strike_R"],"score":289,"play_id":"de75a364-ee91-48f8-addf-edb5f9e2a7ac","local_time":"20190127232629","is_ascension_mode":true,"campfire_choices":[{"data":"Enlightenment","floor":7.0,"key":"SMITH"},{"data":"Searing Blow","floor":10.0,"key":"SMITH"},{"floor":15.0,"key":"REST"},{"data":"Warcry","floor":23,"key":"SMITH"},{"data":"Armaments","floor":25,"key":"SMITH"},{"data":"Searing Blow+2","floor":27,"key":"SMITH"},{"floor":32,"key":"REST"}],"neow_cost":"NONE","seed_source_timestamp":132798429101072,"circlet_count":0,"master_deck":["Strike_R","Strike_R","Strike_R","Strike_R","Defend_R+1","Defend_R+1","Defend_R","Defend_R","Bash+1","True Grit","Enlightenment+1","Heavy Blade","Searing Blow+3","Heavy Blade","Clothesline","Armaments+1","Headbutt","Warcry+1","Doubt","Clothesline+1","Flame Barrier"],"special_seed":0,"relics":["Burning Blood","Potion Belt","War Paint","Dream Catcher","Cursed Key","Shuriken","Ornamental Fan","Boot"],"potions_floor_usage":[28,31],"damage_taken":[{"damage":1.0,"enemies":"Cultist","floor":1.0,"turns":4.0},{"damage":0.0,"enemies":"2 Louse","floor":3.0,"turns":2.0},{"damage":6.0,"enemies":"Jaw Worm","floor":4.0,"turns":3.0},{"damage":14.0,"enemies":"3 Louse","floor":5.0,"turns":3.0},{"damage":28.0,"enemies":"Gremlin Nob","floor":6.0,"turns":4.0},{"damage":6.0,"enemies":"Exordium Thugs","floor":11.0,"turns":4.0},{"damage":38.0,"enemies":"Lagavulin","floor":12.0,"turns":7.0},{"damage":5.0,"enemies":"Gremlin Gang","floor":14.0,"turns":7.0},{"damage":27.0,"enemies":"The Guardian","floor":16.0,"turns":11.0},{"damage":25.0,"enemies":"Shell Parasite","floor":18.0,"turns":6.0},{"damage":39.0,"enemies":"3 Byrds","floor":21.0,"turns":7.0},{"damage":25,"enemies":"Cultist and Chosen","floor":28,"turns":8},{"damage":8,"enemies":"Centurion and Healer","floor":30,"turns":5},{"damage":35,"enemies":"Slavers","floor":31,"turns":6},{"damage":73,"enemies":"Collector","floor":33,"turns":7}],"seed_played":"-2521684134934306646","potions_obtained":[{"floor":6.0,"key":"Weak Potion"},{"floor":11.0,"key":"Strength Potion"},{"floor":14.0,"key":"Poison Potion"},{"floor":18.0,"key":"Ancient Potion"},{"floor":28,"key":"Swift Potion"}],"is_trial":false,"path_per_floor":["M","$","M","M","M","E","R","?","T","R","M","E","?","M","R","B",null,"M","$","?","M","?","R","$","R","T","R","M","$","M","E","R","B"],"character_chosen":"IRONCLAD","items_purchased":["Enlightenment","Shuriken","Armaments"],"campfire_rested":2,"item_purchase_floors":[2,19,19],"current_hp_per_floor":[80,80,80,80,72,50,50,39,39,39,39,7,7,8,32,11,80,61,61,61,28,90,90,90,90,90,90,71,71,69,40,67,0],"gold":132,"neow_bonus":"UPGRADE_CARD","is_prod":false,"is_daily":false,"chose_seed":false,"campfire_upgraded":5,"win_rate":0,"timestamp":1548627989,"path_taken":["M","$","M","M","M","E","R","?","T","R","M","E","?","M","R","BOSS","M","$","?","M","?","R","$","R","T","R","?","$","?","E","R","BOSS"],"build_version":"2019-01-23","purchased_purges":1,"victory":false,"max_hp_per_floor":[80,80,80,80,80,80,80,80,80,80,80,80,80,80,80,80,80,80,80,80,80,90,90,90,90,90,90,90,90,90,90,90,90],"card_choices":[{"not_picked":["Headbutt","Flex"],"picked":"True Grit","floor":1.0},{"not_picked":["Feel No Pain","Havoc","Flex"],"picked":"SKIP","floor":3.0},{"not_picked":["Iron Wave","Warcry"],"picked":"Heavy Blade","floor":4.0},{"not_picked":["Entrench","Power Through"],"picked":"Searing Blow","floor":5.0},{"not_picked":["Sword Boomerang","Headbutt","Searing Blow"],"picked":"SKIP","floor":6.0},{"not_picked":["Perfected Strike","Sentinel","Entrench"],"picked":"SKIP","floor":11.0},{"not_picked":["Reaper","Spot Weakness"],"picked":"Heavy Blade","floor":12.0},{"not_picked":["Inflame","Carnage"],"picked":"Clothesline","floor":14.0},{"not_picked":["Impervious","Dark Embrace"],"picked":"Limit Break","floor":16.0},{"not_picked":["Wild Strike","Headbutt","Second Wind+1"],"picked":"SKIP","floor":18.0},{"not_picked":["Thunderclap+1","Armaments"],"picked":"Warcry","floor":21.0},{"not_picked":["Iron Wave+1","Pummel","Clothesline"],"picked":"SKIP","floor":28},{"not_picked":["Reckless Charge","Iron Wave"],"picked":"Clothesline+1","floor":30},{"not_picked":["Twin Strike","Pommel Strike+1","Havoc+1"],"picked":"SKIP","floor":31},{"not_picked":["Anger+1","Bloodletting"],"picked":"Flame Barrier","floor":32}],"player_experience":16486,"relics_obtained":[{"floor":6.0,"key":"Potion Belt"},{"floor":9.0,"key":"War Paint"},{"floor":12.0,"key":"Dream Catcher"},{"floor":26,"key":"Ornamental Fan"},{"floor":31,"key":"Boot"}],"event_choices":[{"damage_healed":0.0,"max_hp_gain":0.0,"max_hp_loss":0.0,"gold_gain":75.0,"event_name":"World of Goop","player_choice":"Gather Gold","floor":8.0,"gold_loss":0.0,"damage_taken":11.0},{"damage_healed":0.0,"max_hp_gain":0.0,"max_hp_loss":0.0,"gold_gain":0.0,"event_name":"Living Wall","player_choice":"Grow","floor":13.0,"gold_loss":0.0,"damage_taken":0.0,"cards_upgraded":["Searing Blow"]},{"damage_healed":0.0,"max_hp_gain":0.0,"max_hp_loss":0.0,"gold_gain":0.0,"event_name":"The Library","player_choice":"Read","floor":20.0,"gold_loss":0.0,"damage_taken":0.0,"cards_obtained":["Headbutt"]},{"cards_removed":["Limit Break"],"damage_healed":52,"gold_gain":0,"player_choice":"Offered Rare","damage_taken":0,"max_hp_gain":10,"max_hp_loss":0,"event_name":"Bonfire Elementals","floor":22,"gold_loss":0}],"is_beta":false,"boss_relics":[{"not_picked":["Astrolabe","Runic Dome"],"picked":"Cursed Key"}],"items_purged_floors":[19],"is_endless":false,"potions_floor_spawned":[6,11,14,18,28],"killed_by":"Collector","ascension_level":1}