{"gold_per_floor":[114,114,128,142,92,123,123,156,156,156,172,347,64,75,75,174,174,187,187,197,61,61,61,73,73,100,200,200,200],"floor_reached":29,"playtime":614,"items_purged":["Doubt","Strike_B"],"score":312,"play_id":"fe981d72-fb05-4816-9e20-757c27c333ab","local_time":"20190313161619","is_ascension_mode":true,"campfire_choices":[{"data":"Loop","floor":7.0,"key":"SMITH"},{"floor":10.0,"key":"REST"},{"data":"Defragment","floor":15.0,"key":"SMITH"},{"data":"Force Field","floor":23,"key":"SMITH"},{"floor":25,"key":"REST"}],"neow_cost":"NONE","seed_source_timestamp":44740980568063,"circlet_count":0,"master_deck":["Strike_B","Defend_B","Defend_B","Defend_B","Zap","Dualcast","Streamline","Loop+1","Defragment+1","Loop+1","Electrodynamics","Self Repair","Melter","Rainbow","Force Field+1","Steam+1"],"special_seed":0,"relics":["Cracked Core","NeowsBlessing","Strawberry","Mummified Hand","Pen Nib","DollysMirror","Cursed Key","FaceOfCleric","Dream Catcher","StoneCalendar","Dodecahedron"],"potions_floor_usage":[16,24,27,27,27],"damage_taken":[{"damage":0.0,"enemies":"Small Slimes","floor":1.0,"turns":1.0},{"damage":0.0,"enemies":"Cultist","floor":3.0,"turns":1.0},{"damage":0.0,"enemies":"2 Louse","floor":4.0,"turns":1.0},{"damage":25.0,"enemies":"Lagavulin","floor":6.0,"turns":6.0},{"damage":25.0,"enemies":"3 Sentries","floor":8.0,"turns":5.0},{"damage":11.0,"enemies":"Blue Slaver","floor":11.0,"turns":4.0},{"damage":10.0,"enemies":"Exordium Wildlife","floor":14.0,"turns":3.0},{"damage":22,"enemies":"Hexaghost","floor":16,"turns":7},{"damage":17,"enemies":"2 Thieves","floor":18,"turns":2},{"damage":25,"enemies":"Shell Parasite","floor":20,"turns":3},{"damage":23,"enemies":"Snake Plant","floor":24,"turns":5},{"damage":11,"enemies":"Colosseum Slavers","floor":27,"turns":3},{"damage":23,"enemies":"Colosseum Nobs","floor":27,"turns":4},{"damage":22,"enemies":"Shelled Parasite and Fungi","floor":29,"turns":2}],"seed_played":"6323192034705970352","potions_obtained":[{"floor":2.0,"key":"Explosive Potion"},{"floor":2.0,"key":"GamblersBrew"},{"floor":2.0,"key":"Ancient Potion"},{"floor":4.0,"key":"Poison Potion"},{"floor":14.0,"key":"FearPotion"},{"floor":16,"key":"Dexterity Potion"},{"floor":20,"key":"Block Potion"},{"floor":24,"key":"GamblersBrew"}],"is_trial":false,"path_per_floor":["M","?","M","M","?","E","R","E","T","R","M","?","$","M","R","B",null,"M","?","M","$","?","R","M","R","T","?","?","M"],"character_chosen":"DEFECT","items_purchased":["DollysMirror","Melter"],"campfire_rested":2,"item_purchase_floors":[13,21],"current_hp_per_floor":[68,68,68,68,68,50,50,25,25,49,38,38,38,28,28,6,63,46,46,29,29,29,29,14,39,39,21,21,0],"gold":200,"neow_bonus":"THREE_ENEMY_KILL","is_prod":false,"is_daily":false,"chose_seed":false,"campfire_upgraded":3,"win_rate":0,"timestamp":1552490179,"path_taken":["M","?","?","M","?","E","R","E","T","R","M","?","?","?","R","BOSS","M","?","?","$","?","R","M","R","T","?","?","M"],"build_version":"2019-01-23","purchased_purges":2,"victory":false,"max_hp_per_floor":[75,75,75,75,75,82,82,82,82,82,82,82,82,82,82,82,82,82,82,83,83,83,83,84,84,84,86,86,86],"card_choices":[{"not_picked":["Scrape","Rebound"],"picked":"Streamline","floor":1.0},{"not_picked":["Go for the Eyes","Skim"],"picked":"Loop","floor":3.0},{"not_picked":["Steam","Conserve Battery"],"picked":"Defragment","floor":4.0},{"not_picked":["Cold Snap","Storm","Redo"],"picked":"SKIP","floor":6.0},{"not_picked":["Compile Driver","Coolheaded","Biased Cognition"],"picked":"SKIP","floor":8.0},{"not_picked":["Steam Power","Turbo","Reprogram"],"picked":"SKIP","floor":11.0},{"not_picked":["Undo","Hello World","Aggregate"],"picked":"SKIP","floor":14.0},{"not_picked":["Thunder Strike","Multi-Cast"],"picked":"Electrodynamics","floor":16},{"not_picked":["Beam Cell+1","Hello World"],"picked":"Self Repair","floor":18},{"not_picked":["Hello World+1","Leap","Genetic Algorithm"],"picked":"SKIP","floor":20},{"not_picked":["Undo+1","Stack"],"picked":"Steam+1","floor":24}],"player_experience":98346,"relics_obtained":[{"floor":6.0,"key":"Strawberry"},{"floor":8.0,"key":"Mummified Hand"},{"floor":9.0,"key":"Pen Nib"},{"floor":26,"key":"Dream Catcher"},{"floor":27,"key":"StoneCalendar"},{"floor":27,"key":"Dodecahedron"}],"event_choices":[{"damage_healed":0.0,"max_hp_gain":0.0,"max_hp_loss":0.0,"gold_gain":0.0,"event_name":"Lab","player_choice":"Got Potions","floor":2.0,"gold_loss":0.0,"damage_taken":0.0},{"cards_removed":["Strike_B"],"damage_healed":0.0,"max_hp_gain":0.0,"max_hp_loss":0.0,"gold_gain":0.0,"event_name":"The Cleric","player_choice":"Card Removal","floor":5.0,"gold_loss":50.0,"damage_taken":0.0},{"damage_healed":0.0,"max_hp_gain":0.0,"max_hp_loss":0.0,"gold_gain":175.0,"event_name":"Liars Game","player_choice":"AGREE","floor":12.0,"gold_loss":0.0,"damage_taken":0.0,"cards_obtained":["Doubt"]},{"damage_healed":0,"gold_gain":0,"player_choice":"Trade","damage_taken":0,"relics_obtained":["FaceOfCleric"],"max_hp_gain":0,"max_hp_loss":0,"event_name":"FaceTrader","floor":19,"gold_loss":0},{"damage_healed":0,"gold_gain":0,"cards_transformed":["Strike_B","Defend_B"],"player_choice":"Became Test Subject","damage_taken":0,"max_hp_gain":0,"max_hp_loss":0,"event_name":"Drug Dealer","floor":22,"gold_loss":0,"cards_obtained":["Rainbow","Force Field"]},{"damage_healed":0,"gold_gain":0,"player_choice":"Fight","damage_taken":0,"max_hp_gain":0,"max_hp_loss":0,"event_name":"Colosseum","floor":27,"gold_loss":0},{"damage_healed":0,"gold_gain":0,"player_choice":"Fought Nobs","damage_taken":0,"max_hp_gain":0,"max_hp_loss":0,"event_name":"Colosseum","floor":27,"gold_loss":0},{"cards_removed":["Writhe"],"damage_healed":0,"gold_gain":0,"player_choice":"Purged","damage_taken":0,"max_hp_gain":0,"max_hp_loss":0,"event_name":"Purifier","floor":28,"gold_loss":0}],"is_beta":false,"boss_relics":[{"not_picked":["Eternal Feather","Astrolabe"],"picked":"Cursed Key"}],"items_purged_floors":[13,21],"is_endless":false,"potions_floor_spawned":[4,6,14,16,20,24,27],"killed_by":"Shelled Parasite and Fungi","ascension_level":7}