{"gold_per_floor":[118,138,138,29,45,45,58,88,143,157,192,49,78,78,78,173,173,158,158,174,119,42,68,80,104,141,180,208,236,248,289,301,412,424,456,161,161,172,188,218,218,218,218,218,245,260,290,200,200,200],"floor_reached":51,"playtime":3588,"items_purged":["Strike_G","Strike_G"],"score":1485,"play_id":"0860d4db-293a-4945-8579-be41698bf5eb","local_time":"20181102180111","is_ascension_mode":true,"campfire_choices":[{"data":"Neutralize","floor":6,"key":"SMITH"},{"data":"Poisoned Stab","floor":15,"key":"SMITH"},{"data":"Malaise","floor":30,"key":"SMITH"},{"data":"Backflip","floor":32,"key":"SMITH"},{"data":"Night Terror","floor":41,"key":"SMITH"},{"data":"Backflip","floor":44,"key":"SMITH"},{"data":"Backflip","floor":49,"key":"SMITH"}],"neow_cost":"NONE","seed_source_timestamp":460200177931605,"circlet_count":0,"master_deck":["Defend_G","Defend_G+1","Defend_G","Defend_G","Defend_G","Strike_G","Strike_G","Survivor+1","Neutralize+1","Deadly Poison+1","Slice","Footwork+1","Backstab","Footwork+1","Noxious Fumes+1","Poisoned Stab+1","Caltrops+1","Backflip+1","Malaise+1","Ghostly","Ghostly","Ghostly","Ghostly","Ghostly","Backflip+1","Well Laid Plans+1","Backflip+1","Backflip+1","Blur+1","Footwork+1","Crippling Poison+1","Night Terror+1","Noxious Fumes+1"],"relics":["Ring of the Snake","Frozen Egg 2","Oddly Smooth Stone","War Paint","Bronze Scales","Incense Burner","Black Star","Tiny Chest","Centennial Puzzle","MawBank","MutagenicStrength","Smiling Mask","Art of War","Blood Vial","Orichalcum","Bag of Marbles","Philosopher\u0027s Stone","Mummified Hand","PreservedInsect","Bag of Preparation","Letter Opener","Omamori","Anchor","Boot","Strawberry"],"potions_floor_usage":[8,18,23,31,50],"damage_taken":[{"damage":12,"enemies":"Cultist","floor":1,"turns":7},{"damage":2,"enemies":"Jaw Worm","floor":2,"turns":6},{"damage":0,"enemies":"2 Louse","floor":5,"turns":2},{"damage":0,"enemies":"Blue Slaver","floor":7,"turns":4},{"damage":23,"enemies":"3 Sentries","floor":8,"turns":10},{"damage":0,"enemies":"3 Louse","floor":10,"turns":5},{"damage":9,"enemies":"Gremlin Nob","floor":11,"turns":4},{"damage":0,"enemies":"Lagavulin","floor":13,"turns":7},{"damage":6,"enemies":"Hexaghost","floor":16,"turns":8},{"damage":1,"enemies":"2 Thieves","floor":18,"turns":4},{"damage":2,"enemies":"Chosen","floor":20,"turns":6},{"damage":1,"enemies":"Book of Stabbing","floor":23,"turns":7},{"damage":0,"enemies":"Snecko","floor":25,"turns":7},{"damage":1,"enemies":"Gremlin Leader","floor":27,"turns":8},{"damage":0,"enemies":"Centurion and Healer","floor":28,"turns":8},{"damage":0,"enemies":"3 Cultists","floor":29,"turns":6},{"damage":0,"enemies":"Slavers","floor":31,"turns":7},{"damage":12,"enemies":"Champ","floor":33,"turns":17},{"damage":0,"enemies":"3 Darklings","floor":35,"turns":6},{"damage":0,"enemies":"3 Shapes","floor":38,"turns":6},{"damage":0,"enemies":"Sphere and 2 Shapes","floor":39,"turns":7},{"damage":0,"enemies":"Giant Head","floor":40,"turns":11},{"damage":0,"enemies":"Nemesis","floor":45,"turns":9},{"damage":0,"enemies":"Maw","floor":46,"turns":7},{"damage":0,"enemies":"Giant Head","floor":47,"turns":8},{"damage":0,"enemies":"Awakened One","floor":50,"turns":15}],"seed_played":"8440357547559918773","potions_obtained":[{"floor":5,"key":"Fire Potion"},{"floor":7,"key":"Swift Potion"},{"floor":11,"key":"Dexterity Potion"},{"floor":18,"key":"Swift Potion"},{"floor":25,"key":"GamblersBrew"},{"floor":29,"key":"SkillPotion"},{"floor":31,"key":"SneckoOil"},{"floor":35,"key":"LiquidBronze"},{"floor":46,"key":"GhostInAJar"}],"is_trial":false,"path_per_floor":["M","M","?","$","M","R","M","E","T","M","E","$","E","$","R","B",null,"M","?","M","?","$","E","?","M","T","E","M","M","R","E","R","B",null,"M","$","?","M","M","E","R","?","T","R","E","M","E","?","R","B",null],"character_chosen":"THE_SILENT","items_purchased":["Footwork+1","Backstab","Caltrops+1","Well Laid Plans+1","Mummified Hand"],"campfire_rested":0,"item_purchase_floors":[4,4,12,22,36],"current_hp_per_floor":[58,56,56,56,56,56,56,33,33,33,24,24,24,24,24,18,62,61,38,36,36,36,35,35,35,35,34,36,38,38,38,38,26,35,37,37,32,34,36,38,38,38,38,38,38,38,45,45,45,45],"gold":200,"neow_bonus":"TEN_PERCENT_HP_BONUS","is_prod":false,"is_daily":false,"chose_seed":false,"campfire_upgraded":7,"win_rate":0,"timestamp":1541178071,"path_taken":["M","?","?","?","?","R","M","E","T","M","E","$","E","$","R","BOSS","M","?","M","?","$","E","?","M","T","E","M","M","R","E","R","BOSS","M","$","?","M","M","E","R","?","T","R","E","M","E","?","R","BOSS"],"build_version":"2018-11-01v2","purchased_purges":2,"victory":true,"max_hp_per_floor":[77,77,77,77,77,77,77,77,77,77,77,77,77,77,77,77,77,77,38,38,38,38,38,38,38,38,38,38,38,38,38,38,38,38,38,38,38,38,38,38,38,38,38,38,38,38,45,45,45,45],"card_choices":[{"not_picked":["Flying Knee","Leg Sweep"],"picked":"Deadly Poison","floor":1},{"not_picked":["Backflip","Underhanded Strike"],"picked":"Slice","floor":2},{"not_picked":["Prepared","Bane"],"picked":"Footwork+1","floor":5},{"not_picked":["Quick Slash","Riddle With Holes"],"picked":"Noxious Fumes+1","floor":10},{"not_picked":["Underhanded Strike","Prepared"],"picked":"Poisoned Stab","floor":11},{"not_picked":["Cloak And Dagger","Blade Dance"],"picked":"Backflip","floor":13},{"not_picked":["Unload","Envenom+1"],"picked":"Malaise","floor":16},{"not_picked":["Dagger Throw","Infinite Blades+1"],"picked":"Backflip","floor":20},{"not_picked":["Dash+1","Dagger Throw+1"],"picked":"Backflip","floor":23},{"not_picked":["Deflect","Catalyst+1"],"picked":"Backflip+1","floor":27},{"not_picked":["Slice","Deflect"],"picked":"Blur+1","floor":29},{"not_picked":["Leg Sweep","Dash"],"picked":"Footwork+1","floor":31},{"not_picked":["Venomology","Grand Finale"],"picked":"A Thousand Cuts+1","floor":33},{"not_picked":["Backflip+1","Terror+1"],"picked":"Crippling Poison+1","floor":35},{"not_picked":["Dagger Throw+1","Finisher+1"],"picked":"Night Terror","floor":39},{"not_picked":["Cloak And Dagger","Bouncing Flask"],"picked":"Noxious Fumes+1","floor":45}],"player_experience":1150682,"relics_obtained":[{"floor":3,"key":"Frozen Egg 2"},{"floor":8,"key":"Oddly Smooth Stone"},{"floor":9,"key":"War Paint"},{"floor":11,"key":"Bronze Scales"},{"floor":13,"key":"Incense Burner"},{"floor":23,"key":"Centennial Puzzle"},{"floor":23,"key":"MawBank"},{"floor":26,"key":"Smiling Mask"},{"floor":27,"key":"Art of War"},{"floor":27,"key":"Blood Vial"},{"floor":31,"key":"Orichalcum"},{"floor":31,"key":"Bag of Marbles"},{"floor":40,"key":"PreservedInsect"},{"floor":40,"key":"Bag of Preparation"},{"floor":43,"key":"Letter Opener"},{"floor":45,"key":"Omamori"},{"floor":45,"key":"Anchor"},{"floor":47,"key":"Boot"},{"floor":47,"key":"Strawberry"}],"event_choices":[{"damage_healed":0,"gold_gain":0,"player_choice":"Relic","damage_taken":0,"max_hp_gain":0,"max_hp_loss":0,"event_name":"Wheel of Change","floor":3,"gold_loss":0},{"damage_healed":0,"gold_gain":0,"player_choice":"Became a Ghost","damage_taken":0,"max_hp_gain":0,"max_hp_loss":39,"event_name":"Ghosts","floor":19,"gold_loss":0,"cards_obtained":["Ghostly","Ghostly","Ghostly","Ghostly","Ghostly"]},{"damage_healed":0,"gold_gain":0,"player_choice":"Obtained Relic","damage_taken":0,"relics_obtained":["Tiny Chest"],"max_hp_gain":0,"max_hp_loss":0,"event_name":"Addict","floor":21,"gold_loss":85},{"damage_healed":0,"gold_gain":0,"player_choice":"Inject Mutagens","damage_taken":0,"relics_obtained":["MutagenicStrength"],"max_hp_gain":0,"max_hp_loss":0,"event_name":"Drug Dealer","floor":24,"gold_loss":0},{"damage_healed":0,"gold_gain":0,"player_choice":"Memory 2","damage_taken":5,"max_hp_gain":0,"max_hp_loss":0,"event_name":"SensoryStone","floor":37,"gold_loss":0},{"cards_removed":["A Thousand Cuts"],"damage_healed":0,"gold_gain":0,"player_choice":"Removed Power","damage_taken":0,"max_hp_gain":0,"max_hp_loss":0,"event_name":"Falling","floor":42,"gold_loss":0},{"cards_removed":["Strike_G"],"damage_healed":0,"gold_gain":0,"player_choice":"Upgrade and Remove","damage_taken":0,"max_hp_gain":0,"max_hp_loss":0,"event_name":"Designer","floor":48,"gold_loss":90,"cards_upgraded":["Survivor"]}],"is_beta":true,"boss_relics":[{"not_picked":["Ring of the Serpent","Pandora\u0027s Box"],"picked":"Black Star"},{"not_picked":["Velvet Choker","Coffee Dripper"],"picked":"Philosopher\u0027s Stone"}],"items_purged_floors":[12,36],"is_endless":false,"potions_floor_spawned":[5,7,11,18,25,29,31,35,45,46],"ascension_level":9}