{"gold_per_floor":[112,132,132,148,168,168,201,201,226,226,54,83,83,83,83,157,157,175,191,191,191,218,230,262,274],"floor_reached":25,"playtime":782,"items_purged":["Defend_G"],"score":355,"play_id":"dd6ec41a-aac8-4892-a571-2151c9f80991","local_time":"20190526182131","is_ascension_mode":true,"campfire_choices":[{"data":"A Thousand Cuts","floor":6.0,"key":"SMITH"},{"data":"Cloak And Dagger","floor":8.0,"key":"SMITH"},{"data":"After Image","floor":10.0,"key":"SMITH"},{"data":"Neutralize","floor":15,"key":"SMITH"},{"data":"Blind","floor":23,"key":"SMITH"}],"neow_cost":"NONE","seed_source_timestamp":995385503734,"circlet_count":0,"master_deck":["AscendersBane","Defend_G","Defend_G","Defend_G","Defend_G","Strike_G","Strike_G","Strike_G+1","Strike_G","Survivor","Neutralize+1","Venomology","Flying Knee+1","A Thousand Cuts+1","Cloak And Dagger+1","After Image+1","Blind+1","Flying Knee","Parasite","Neutralize","Backflip","Pain"],"special_seed":0,"relics":["Ring of the Snake","Whetstone","Snake Skull","Potion Belt","Cursed Key","MawBank"],"potions_floor_usage":[12,12,16,18,19,25,25],"damage_taken":[{"damage":4.0,"enemies":"Small Slimes","floor":1.0,"turns":3.0},{"damage":4.0,"enemies":"Cultist","floor":2.0,"turns":5.0},{"damage":0.0,"enemies":"2 Louse","floor":4.0,"turns":3.0},{"damage":3.0,"enemies":"Blue Slaver","floor":5.0,"turns":6.0},{"damage":16.0,"enemies":"3 Sentries","floor":7.0,"turns":7.0},{"damage":14,"enemies":"Gremlin Nob","floor":12,"turns":3},{"damage":33,"enemies":"The Guardian","floor":16,"turns":15},{"damage":13,"enemies":"2 Thieves","floor":18,"turns":4},{"damage":5,"enemies":"Chosen","floor":19,"turns":6},{"damage":25,"enemies":"Snake Plant","floor":24,"turns":5},{"damage":10,"enemies":"Cultist and Chosen","floor":25,"turns":4}],"seed_played":"-4835224950586368912","potions_obtained":[{"floor":2.0,"key":"GamblersBrew"},{"floor":7.0,"key":"AttackPotion"},{"floor":19,"key":"LiquidBronze"}],"is_trial":false,"path_per_floor":["M","M","?","M","M","R","E","R","T","R","$","E","?","?","R","B",null,"M","M","?","?","T","R","M","M"],"character_chosen":"THE_SILENT","items_purchased":["Blind"],"campfire_rested":0,"item_purchase_floors":[11],"current_hp_per_floor":[55,51,51,51,48,48,32,32,32,32,32,18,34,34,34,1,50,37,32,32,32,32,32,7,0],"gold":274,"neow_bonus":"ONE_RANDOM_RARE_CARD","is_prod":false,"is_daily":false,"chose_seed":false,"campfire_upgraded":5,"win_rate":0,"timestamp":1558887691,"path_taken":["M","M","?","M","?","R","E","R","T","R","$","E","?","?","R","BOSS","M","?","?","?","?","R","M","?"],"build_version":"2019-01-23","purchased_purges":1,"victory":false,"max_hp_per_floor":[66,66,66,66,66,66,66,66,66,66,66,66,66,66,66,66,66,66,66,66,66,66,66,66,66],"card_choices":[{"not_picked":["Eviscerate","Predator"],"picked":"Flying Knee","floor":1.0},{"not_picked":["Acrobatics","Quick Slash","Slice"],"picked":"SKIP","floor":2.0},{"not_picked":["Infinite Blades","Slice"],"picked":"A Thousand Cuts","floor":4.0},{"not_picked":["Masterful Stab","Bane"],"picked":"Cloak And Dagger","floor":5.0},{"not_picked":["Slice","Bouncing Flask"],"picked":"After Image","floor":7.0},{"not_picked":["Dagger Throw","Skewer"],"picked":"Flying Knee","floor":12},{"not_picked":["Predator","Concentrate"],"picked":"Backflip","floor":18},{"not_picked":["Flechettes","Bane","Quick Slash"],"picked":"SKIP","floor":19},{"not_picked":["Eviscerate","Backflip","Dash"],"picked":"SKIP","floor":24}],"player_experience":256370,"relics_obtained":[{"floor":7.0,"key":"Whetstone"},{"floor":9.0,"key":"Snake Skull"},{"floor":12,"key":"Potion Belt"},{"floor":22,"key":"MawBank"}],"event_choices":[{"cards_removed":["Strike_G"],"damage_healed":0.0,"max_hp_gain":0.0,"max_hp_loss":0.0,"gold_gain":0.0,"event_name":"Purifier","player_choice":"Purged","floor":3.0,"gold_loss":0.0,"damage_taken":0.0},{"damage_healed":16,"gold_gain":0,"player_choice":"Healed and dodged fight","damage_taken":0,"max_hp_gain":0,"max_hp_loss":0,"event_name":"Mushrooms","floor":13,"gold_loss":0,"cards_obtained":["Parasite"]},{"damage_healed":0,"gold_gain":0,"player_choice":"1 cards matched","damage_taken":0,"max_hp_gain":0,"max_hp_loss":0,"event_name":"Match and Keep!","floor":14,"gold_loss":0,"cards_obtained":["Neutralize"]},{"damage_healed":0,"gold_gain":0,"player_choice":"Ignored","damage_taken":0,"max_hp_gain":0,"max_hp_loss":0,"event_name":"Vampires","floor":20,"gold_loss":0},{"damage_healed":0,"gold_gain":0,"player_choice":"Ignored","damage_taken":0,"max_hp_gain":0,"max_hp_loss":0,"event_name":"Ghosts","floor":21,"gold_loss":0}],"is_beta":false,"boss_relics":[{"not_picked":["Lizard Tail","Runic Pyramid"],"picked":"Cursed Key"}],"items_purged_floors":[11],"is_endless":false,"potions_floor_spawned":[2,5,7,19],"killed_by":"Cultist and Chosen","ascension_level":14}