{"gold_per_floor":[116,116,116,116,41,74,74,102,102,102,102,102],"floor_reached":12,"playtime":278,"items_purged":[],"score":111,"play_id":"0b58f71f-1961-4868-a969-cf78fb9acab2","local_time":"20190313160449","is_ascension_mode":true,"campfire_choices":[{"floor":7,"key":"REST"},{"data":"Zap","floor":10,"key":"SMITH"}],"neow_cost":"NONE","seed_source_timestamp":44454016686513,"circlet_count":0,"master_deck":["Strike_B","Strike_B","Strike_B","Defend_B","Defend_B","Defend_B","Defend_B","Zap+1","Dualcast","Coolheaded","Glacier+1","Leap+1"],"relics":["Cracked Core","Regal Pillow","Toxic Egg 2","Gremlin Horn","Ancient Tea Set","Matryoshka","Oddly Smooth Stone","Bottled Lightning"],"potions_floor_usage":[6,12],"damage_taken":[{"damage":0,"enemies":"Small Slimes","floor":1,"turns":3},{"damage":38,"enemies":"Gremlin Nob","floor":6,"turns":7},{"damage":35,"enemies":"Lagavulin","floor":8,"turns":12},{"damage":38,"enemies":"Gremlin Nob","floor":12,"turns":4}],"seed_played":"-1984939323482480824","potions_obtained":[{"floor":1,"key":"Weak Potion"},{"floor":8,"key":"SkillPotion"}],"is_trial":false,"path_per_floor":["M","?","?","?","$","E","R","E","T","R","T","E"],"character_chosen":"DEFECT","items_purchased":["Glacier+1"],"campfire_rested":1,"item_purchase_floors":[5],"current_hp_per_floor":[68,68,68,61,61,23,60,25,25,25,25,0],"gold":102,"neow_bonus":"REMOVE_CARD","is_prod":false,"is_daily":false,"chose_seed":false,"campfire_upgraded":1,"win_rate":0,"timestamp":1552489489,"path_taken":["M","?","?","?","$","E","R","E","T","R","?","E"],"build_version":"2019-01-23","purchased_purges":0,"victory":false,"max_hp_per_floor":[75,75,75,75,75,75,75,75,75,75,75,75],"card_choices":[{"not_picked":["Chill","Stack"],"picked":"Coolheaded","floor":1},{"not_picked":["Darkness+1","Rebound","Force Field+1"],"picked":"SKIP","floor":6},{"not_picked":["Beam Cell","Go for the Eyes"],"picked":"Leap+1","floor":8}],"player_experience":98068,"relics_obtained":[{"floor":6,"key":"Gremlin Horn"},{"floor":8,"key":"Ancient Tea Set"},{"floor":9,"key":"Matryoshka"},{"floor":11,"key":"Oddly Smooth Stone"},{"floor":11,"key":"Bottled Lightning"}],"event_choices":[{"damage_healed":0,"gold_gain":0,"player_choice":"Box","damage_taken":0,"relics_obtained":["Regal Pillow"],"max_hp_gain":0,"max_hp_loss":0,"event_name":"Big Fish","floor":2,"gold_loss":0,"cards_obtained":["Regret"]},{"cards_removed":["Regret"],"damage_healed":0,"gold_gain":0,"player_choice":"Forget","damage_taken":0,"max_hp_gain":0,"max_hp_loss":0,"event_name":"Living Wall","floor":3,"gold_loss":0},{"damage_healed":0,"gold_gain":0,"player_choice":"Success","damage_taken":7,"relics_obtained":["Toxic Egg 2"],"max_hp_gain":0,"max_hp_loss":0,"event_name":"Scrap Ooze","floor":4,"gold_loss":0}],"is_beta":false,"boss_relics":[],"items_purged_floors":[],"is_endless":false,"potions_floor_spawned":[1,8],"killed_by":"Gremlin Nob","ascension_level":7}