{"gold_per_floor":[119,119,190,208,62,62,62,62,62,76,94,269,169,181,181,284,284,299,174,99,99,199,228,248,268,268,268,268,282,282,295,295,295],"floor_reached":33,"playtime":692,"items_purged":["Strike_R","Doubt","Strike_R"],"score":255,"play_id":"a551c105-e208-47ee-87f3-0edebe31e468","local_time":"20190412153938","is_ascension_mode":false,"campfire_choices":[{"data":"Whirlwind","floor":6.0,"key":"SMITH"},{"data":"Searing Blow","floor":8.0,"key":"SMITH"},{"data":"Searing Blow+1","floor":15.0,"key":"SMITH"},{"data":"Searing Blow+2","floor":27.0,"key":"SMITH"},{"data":"Searing Blow+3","floor":30.0,"key":"SMITH"},{"data":"Defend_R","floor":32.0,"key":"SMITH"}],"neow_cost":"NONE","seed_source_timestamp":154501816618637,"circlet_count":0,"master_deck":["Strike_R","Defend_R+1","Defend_R","Defend_R","Defend_R","Bash+1","Whirlwind+1","Searing Blow+4"],"special_seed":0,"relics":["Burning Blood","Darkstone Periapt","Ice Cream","Coffee Dripper","Du-Vu Doll","Frozen Egg 2","Letter Opener","Shuriken"],"potions_floor_usage":[33,33],"damage_taken":[{"damage":2.0,"enemies":"Small Slimes","floor":1.0,"turns":4.0},{"damage":6.0,"enemies":"Jaw Worm","floor":4.0,"turns":3.0},{"damage":1.0,"enemies":"Cultist","floor":10.0,"turns":3.0},{"damage":6.0,"enemies":"Large Slime","floor":11.0,"turns":4.0},{"damage":6.0,"enemies":"2 Fungi Beasts","floor":14.0,"turns":2.0},{"damage":77.0,"enemies":"The Guardian","floor":16.0,"turns":10.0},{"damage":9.0,"enemies":"Shell Parasite","floor":18.0,"turns":5.0},{"damage":25.0,"enemies":"Colosseum Slavers","floor":22.0,"turns":4.0},{"damage":22.0,"enemies":"Colosseum Nobs","floor":22.0,"turns":4.0},{"damage":38.0,"enemies":"Slavers","floor":23.0,"turns":4.0},{"damage":14.0,"enemies":"Spheric Guardian","floor":24.0,"turns":4.0},{"damage":0.0,"enemies":"Snecko","floor":25.0,"turns":2.0},{"damage":0.0,"enemies":"3 Cultists","floor":29.0,"turns":2.0},{"damage":17.0,"enemies":"Sentry and Sphere","floor":31.0,"turns":4.0},{"damage":50,"enemies":"Champ","floor":33,"turns":9}],"seed_played":"9143383044153620062","potions_obtained":[{"floor":1.0,"key":"Regen Potion"},{"floor":24.0,"key":"LiquidBronze"},{"floor":25.0,"key":"Regen Potion"},{"floor":31.0,"key":"BloodPotion"}],"is_trial":false,"path_per_floor":["M","?","T","M","$","R","?","R","T","M","M","?","$","M","R","B",null,"M","$","?","?","?","E","M","M","T","R","?","M","R","M","R","B"],"character_chosen":"IRONCLAD","items_purchased":["Whirlwind"],"campfire_rested":0,"item_purchase_floors":[5],"current_hp_per_floor":[80,80,80,80,80,80,80,80,80,80,80,86,86,86,86,15,86,83,83,83,83,48,28,20,26,26,26,26,32,32,33,33,0],"gold":295,"neow_bonus":"UPGRADE_CARD","is_prod":false,"is_daily":false,"chose_seed":false,"campfire_upgraded":6,"win_rate":0,"timestamp":1555076378,"path_taken":["M","?","?","M","$","R","?","R","T","M","?","?","$","M","R","BOSS","M","$","?","?","?","E","M","M","T","R","?","M","R","M","R","BOSS"],"build_version":"2019-01-23","purchased_purges":3,"victory":false,"max_hp_per_floor":[80,80,80,80,80,80,80,80,80,80,80,86,86,86,86,86,86,86,86,86,86,86,86,86,86,86,86,86,86,86,86,86,86],"card_choices":[{"not_picked":["Second Wind","Havoc","Shrug It Off"],"picked":"SKIP","floor":1.0},{"not_picked":["Warcry","Sword Boomerang","Iron Wave"],"picked":"SKIP","floor":4.0},{"not_picked":["Clash","Pommel Strike","Heavy Blade"],"picked":"SKIP","floor":10.0},{"not_picked":["Power Through","Clash","Pommel Strike"],"picked":"SKIP","floor":11.0},{"not_picked":["Intimidate","Disarm","Body Slam"],"picked":"SKIP","floor":14.0},{"not_picked":["Pummel+1","Twin Strike","Bloodletting"],"picked":"SKIP","floor":18.0},{"not_picked":["Thunderclap","Wild Strike+1","Dark Embrace+1"],"picked":"SKIP","floor":23.0},{"not_picked":["Havoc","Pommel Strike+1","Clash"],"picked":"SKIP","floor":24.0},{"not_picked":["Whirlwind+1","Twin Strike","Fire Breathing+1"],"picked":"SKIP","floor":25.0},{"not_picked":["Anger+1","Clothesline+1","Evolve+1"],"picked":"SKIP","floor":29.0},{"not_picked":["Heavy Blade","Fire Breathing+1","Berserk+1"],"picked":"SKIP","floor":31.0}],"player_experience":169266,"relics_obtained":[{"floor":3.0,"key":"Darkstone Periapt"},{"floor":9.0,"key":"Ice Cream"},{"floor":22.0,"key":"Du-Vu Doll"},{"floor":22.0,"key":"Frozen Egg 2"},{"floor":23.0,"key":"Letter Opener"},{"floor":26.0,"key":"Shuriken"}],"event_choices":[{"cards_removed":["Strike_R"],"damage_healed":0.0,"max_hp_gain":0.0,"max_hp_loss":0.0,"gold_gain":0.0,"event_name":"Living Wall","player_choice":"Forget","floor":2.0,"gold_loss":0.0,"damage_taken":0.0},{"damage_healed":0.0,"max_hp_gain":0.0,"max_hp_loss":0.0,"gold_gain":0.0,"event_name":"Match and Keep!","player_choice":"1 cards matched","floor":7.0,"gold_loss":0.0,"damage_taken":0.0,"cards_obtained":["Searing Blow"]},{"damage_healed":0.0,"max_hp_gain":0.0,"max_hp_loss":0.0,"gold_gain":175.0,"event_name":"Liars Game","player_choice":"AGREE","floor":12.0,"gold_loss":0.0,"damage_taken":0.0,"cards_obtained":["Doubt"]},{"cards_removed":["Strike_R"],"damage_healed":0.0,"max_hp_gain":0.0,"max_hp_loss":0.0,"gold_gain":0.0,"event_name":"Beggar","player_choice":"Gave Gold","floor":20.0,"gold_loss":75.0,"damage_taken":0.0},{"damage_healed":0.0,"max_hp_gain":0.0,"max_hp_loss":0.0,"gold_gain":0.0,"event_name":"Ghosts","player_choice":"Ignored","floor":21.0,"gold_loss":0.0,"damage_taken":0.0},{"damage_healed":0.0,"max_hp_gain":0.0,"max_hp_loss":0.0,"gold_gain":0.0,"event_name":"Colosseum","player_choice":"Fight","floor":22.0,"gold_loss":0.0,"damage_taken":0.0},{"damage_healed":0.0,"max_hp_gain":0.0,"max_hp_loss":0.0,"gold_gain":0.0,"event_name":"Colosseum","player_choice":"Fought Nobs","floor":22.0,"gold_loss":0.0,"damage_taken":0.0},{"damage_healed":0.0,"max_hp_gain":0.0,"max_hp_loss":0.0,"gold_gain":0.0,"event_name":"Cursed Tome","player_choice":"Ignored","floor":28.0,"gold_loss":0.0,"damage_taken":0.0}],"is_beta":false,"boss_relics":[{"not_picked":["Runic Cube","Tiny House"],"picked":"Coffee Dripper"}],"items_purged_floors":[5,13,19],"is_endless":false,"potions_floor_spawned":[1,22,24,25,31],"killed_by":"Champ","ascension_level":0}