{"gold_per_floor":[113,0,0,12,12,45,45,78,78,95,95,125,125,139,139,239,239,255,112,112,66,79,79,113,113,113,113,170,187,187,187],"floor_reached":31,"playtime":1340,"items_purged":["Strike_B"],"score":357,"play_id":"ec68b35c-d13d-41ea-9801-d7ee2e612442","local_time":"20180708170854","is_ascension_mode":true,"campfire_choices":[{"data":"Zap","floor":7,"key":"SMITH"},{"floor":11,"key":"REST"},{"data":"Scrape","floor":15,"key":"SMITH"},{"data":"Beam Cell","floor":23,"key":"SMITH"},{"data":"Go for the Eyes","floor":25,"key":"SMITH"},{"data":"Conserve Battery","floor":27,"key":"SMITH"}],"neow_cost":"NONE","seed_source_timestamp":111803154503470,"circlet_count":0,"master_deck":["Strike_B","Strike_B","Defend_B","Defend_B","Defend_B","Defend_B","Zap+1","Dualcast","Conserve Battery+1","Melter","Scrape+1","Go for the Eyes+1","Beam Cell+1","Leap","Sweeping Beam","Self Repair","Stack","Rainbow","Gash+1","FTL","RitualDagger","Gash","Leap+1","Stack","Coolheaded"],"relics":["Cracked Core","Pen Nib","Bronze Scales","Dodecahedron","Ginger","Incense Burner","Pear","Cursed Key","Bottled Tornado","Tiny Chest"],"potions_floor_usage":[12,12,16,28],"damage_taken":[{"damage":10,"enemies":"Small Slimes","floor":1,"turns":3},{"damage":7,"enemies":"Jaw Worm","floor":4,"turns":3},{"damage":10,"enemies":"Gremlin Nob","floor":6,"turns":4},{"damage":12,"enemies":"3 Sentries","floor":8,"turns":6},{"damage":0,"enemies":"Cultist","floor":10,"turns":2},{"damage":5,"enemies":"Gremlin Nob","floor":12,"turns":3},{"damage":0,"enemies":"3 Louse","floor":14,"turns":2},{"damage":13,"enemies":"Slime Boss","floor":16,"turns":9},{"damage":1,"enemies":"Chosen","floor":18,"turns":4},{"damage":0,"enemies":"Spheric Guardian","floor":22,"turns":2},{"damage":19,"enemies":"Gremlin Leader","floor":24,"turns":8},{"damage":35,"enemies":"Slavers","floor":28,"turns":6},{"damage":17,"enemies":"Centurion and Healer","floor":29,"turns":6},{"damage":16,"enemies":"Slaver and Parasite","floor":31,"turns":4}],"seed_played":"-9059662293446249261","potions_obtained":[{"floor":4,"key":"Weak Potion"},{"floor":8,"key":"AttackPotion"},{"floor":10,"key":"Strength Potion"},{"floor":18,"key":"Poison Potion"},{"floor":29,"key":"FocusPotion"}],"is_trial":false,"path_per_floor":["M","$","?","M","T","E","R","E","T","M","R","E","?","M","R","B",null,"M","$","?","$","M","R","E","R","T","R","E","M","?"],"character_chosen":"DEFECT","items_purchased":["Melter","Scrape","FTL","Gash"],"campfire_rested":1,"item_purchase_floors":[2,2,19,21],"current_hp_per_floor":[65,65,58,51,51,41,41,29,29,29,51,56,56,56,56,43,85,85,85,79,79,79,79,67,67,67,67,39,29,13,0],"gold":187,"neow_bonus":"RANDOM_COMMON_RELIC","is_prod":false,"is_daily":false,"chose_seed":false,"campfire_upgraded":5,"win_rate":0,"timestamp":1531062534,"path_taken":["M","$","?","M","?","E","R","E","T","M","R","E","?","M","R","BOSS","M","$","?","?","M","R","E","R","T","R","E","M","?","M"],"build_version":"2018-07-05","purchased_purges":1,"victory":false,"max_hp_per_floor":[75,75,75,75,75,75,75,75,75,75,75,85,85,85,85,85,85,85,85,85,85,85,85,85,85,85,85,85,85,90,90],"card_choices":[{"not_picked":["Stack","Scrape"],"picked":"Conserve Battery","floor":1},{"not_picked":["Stack","Consume"],"picked":"Go for the Eyes","floor":4},{"not_picked":["Aggregate","Cold Snap"],"picked":"Beam Cell","floor":6},{"not_picked":["Defragment","Cold Snap"],"picked":"Leap","floor":8},{"not_picked":["Barrage","Amplify"],"picked":"Sweeping Beam","floor":10},{"not_picked":["Hologram","Redo"],"picked":"Self Repair","floor":12},{"not_picked":["Chaos","Redo"],"picked":"Stack","floor":14},{"not_picked":["Biased Cognition","Fission"],"picked":"Rainbow","floor":16},{"not_picked":["Capacitor+1","Coolheaded"],"picked":"Gash+1","floor":18},{"not_picked":["Barrage","Beam Cell+1"],"picked":"Leap+1","floor":24},{"not_picked":["Melter+1","Reinforced Body"],"picked":"Stack","floor":28},{"not_picked":["BootSequence","Steam"],"picked":"Coolheaded","floor":29}],"player_experience":762805,"relics_obtained":[{"floor":5,"key":"Bronze Scales"},{"floor":6,"key":"Dodecahedron"},{"floor":8,"key":"Ginger"},{"floor":9,"key":"Incense Burner"},{"floor":12,"key":"Pear"},{"floor":24,"key":"Bottled Tornado"},{"floor":28,"key":"Tiny Chest"}],"event_choices":[{"event_name":"Golden Wing","player_choice":"Card Removal","floor":3,"damage_taken":0},{"event_name":"Liars Game","player_choice":"disagreed","floor":13,"damage_taken":0},{"event_name":"Nest","player_choice":"Joined the Cult","floor":20,"damage_taken":0},{"event_name":"Forgotten Altar","player_choice":"Shed Blood","floor":30,"damage_taken":0}],"boss_relics":[{"not_picked":["Velvet Choker","Tiny House"],"picked":"Cursed Key"}],"items_purged_floors":[19],"is_endless":false,"potions_floor_spawned":[4,8,10,18,29],"killed_by":"Slaver and Parasite","ascension_level":3}