{"gold_per_floor":[113,127,402,417,417,427,427,442,513,513,478,57,57,92,92,171,171,181,193,41,41,61,61,87,87,87,87],"floor_reached":27,"playtime":1350,"items_purged":[],"score":439,"play_id":"a69f5cfe-2b11-44da-b331-4e7ab14e3aa1","local_time":"20190528115811","is_ascension_mode":true,"campfire_choices":[{"data":"Clothesline","floor":7,"key":"SMITH"},{"data":"Bludgeon","floor":13,"key":"SMITH"},{"floor":15,"key":"REST"},{"data":"Double Tap","floor":23,"key":"SMITH"},{"data":"Shockwave","floor":25,"key":"SMITH"}],"neow_cost":"NONE","seed_source_timestamp":801307654769900,"circlet_count":0,"master_deck":["AscendersBane","Strike_R","Strike_R","Strike_R","Strike_R","Strike_R","Defend_R","Defend_R","Defend_R","Defend_R","Bash","Shrug It Off","Pommel Strike","Clothesline+1","Havoc","Bludgeon+1","Spot Weakness","Bandage Up","Seeing Red","Demon Form","Shockwave+1","Cleave+1","Double Tap+1","True Grit","Ghostly Armor"],"relics":["Burning Blood","Kunai","Gremlin Horn","Magic Flower","Coffee Dripper","Dream Catcher","PreservedInsect"],"potions_floor_usage":[16,16,18,24,24],"damage_taken":[{"damage":6,"enemies":"Cultist","floor":1,"turns":3},{"damage":23,"enemies":"Jaw Worm","floor":2,"turns":7},{"damage":4,"enemies":"Small Slimes","floor":4,"turns":3},{"damage":11,"enemies":"2 Fungi Beasts","floor":6,"turns":3},{"damage":30,"enemies":"Exordium Wildlife","floor":8,"turns":7},{"damage":37,"enemies":"3 Sentries","floor":14,"turns":8},{"damage":38,"enemies":"Hexaghost","floor":16,"turns":13},{"damage":39,"enemies":"3 Byrds","floor":18,"turns":6},{"damage":22,"enemies":"Spheric Guardian","floor":19,"turns":4},{"damage":28,"enemies":"Snecko","floor":22,"turns":7},{"damage":58,"enemies":"Slavers","floor":24,"turns":6},{"damage":23,"enemies":"Shelled Parasite and Fungi","floor":27,"turns":1}],"seed_played":"5176431538062474960","potions_obtained":[{"floor":4,"key":"SpeedPotion"},{"floor":6,"key":"Weak Potion"},{"floor":16,"key":"Regen Potion"},{"floor":18,"key":"FearPotion"},{"floor":19,"key":"BloodPotion"}],"is_trial":false,"path_per_floor":["?","M","?","?","?","?","M"],"character_chosen":"IRONCLAD","items_purchased":["Spot Weakness","Gremlin Horn","Bandage Up","Double Tap"],"campfire_rested":1,"item_purchase_floors":[12,12,12,20],"current_hp_per_floor":[75,58,58,60,53,48,48,24,24,24,44,44,44,17,41,18,66,61,54,54,54,41,41,10,10,10,0],"gold":87,"neow_bonus":"TEN_PERCENT_HP_BONUS","is_prod":false,"is_daily":false,"chose_seed":false,"campfire_upgraded":4,"win_rate":0,"timestamp":1559059091,"path_taken":["M","M","?","?","?","M","R","M","T","?","?","$","R","E","R","BOSS","M","M","$","?","?","R","E","R","T","M"],"build_version":"2019-01-23","purchased_purges":0,"victory":false,"max_hp_per_floor":[82,82,82,82,82,82,82,82,82,82,82,82,82,82,82,82,82,82,82,82,82,82,82,82,82,82,82],"card_choices":[{"not_picked":["Clash","Inflame"],"picked":"Shrug It Off","floor":1},{"not_picked":["Wild Strike","Combust"],"picked":"Pommel Strike","floor":2},{"not_picked":["Second Wind","Flex"],"picked":"Clothesline","floor":4},{"not_picked":["Wild Strike","Anger"],"picked":"Havoc","floor":6},{"not_picked":["True Grit","Clothesline"],"picked":"Bludgeon","floor":8},{"not_picked":["Pommel Strike","Wild Strike"],"picked":"Seeing Red","floor":14},{"not_picked":["Impervious","Juggernaut"],"picked":"Demon Form","floor":16},{"not_picked":["Pommel Strike","Twin Strike"],"picked":"Shockwave","floor":18},{"not_picked":["Heavy Blade","Carnage"],"picked":"Cleave+1","floor":19},{"not_picked":["Pommel Strike","Cleave"],"picked":"True Grit","floor":22},{"not_picked":["True Grit","Searing Blow"],"picked":"Ghostly Armor","floor":24}],"player_experience":723855,"relics_obtained":[{"floor":9,"key":"Kunai"},{"floor":14,"key":"Magic Flower"},{"floor":24,"key":"Dream Catcher"},{"floor":26,"key":"PreservedInsect"}],"event_choices":[{"damage_healed":0,"gold_gain":275,"player_choice":"Desecrate","damage_taken":0,"max_hp_gain":0,"max_hp_loss":0,"event_name":"Golden Shrine","floor":3,"gold_loss":0,"cards_obtained":["Regret"]},{"cards_removed":["Regret"],"damage_healed":0,"gold_gain":0,"player_choice":"Card Removal","damage_taken":7,"max_hp_gain":0,"max_hp_loss":0,"event_name":"Golden Wing","floor":5,"gold_loss":0},{"damage_healed":0,"gold_gain":0,"player_choice":"Ignored","damage_taken":0,"max_hp_gain":0,"max_hp_loss":0,"event_name":"Shining Light","floor":10,"gold_loss":0},{"damage_healed":20,"gold_gain":0,"player_choice":"Healed","damage_taken":0,"max_hp_gain":0,"max_hp_loss":0,"event_name":"The Cleric","floor":11,"gold_loss":35},{"damage_healed":0,"gold_gain":0,"player_choice":"0 cards matched","damage_taken":0,"max_hp_gain":0,"max_hp_loss":0,"event_name":"Match and Keep!","floor":21,"gold_loss":0,"cards_obtained":[]}],"is_beta":false,"boss_relics":[{"not_picked":["Ectoplasm","Empty Cage"],"picked":"Coffee Dripper"}],"items_purged_floors":[],"is_endless":false,"potions_floor_spawned":[4,6,16,18,19,22],"killed_by":"Shelled Parasite and Fungi","ascension_level":18}