{"gold_per_floor":[218,41,57,68,68,68,68,111,111,11,32,32,75,93,93,219,219,238,2,2,2,2,2,22,56,56,56,56,56,56,72,72,195,195,216,231,82,82,82,126,126,126,126,126,126],"floor_reached":45,"playtime":2139,"items_purged":["Strike_B","Strike_B"],"score":746,"play_id":"77949e1b-a4e0-4055-99b3-6e4366b7b425","local_time":"20180807213435","is_ascension_mode":true,"campfire_choices":[{"data":"Darkness","floor":6.0,"key":"SMITH"},{"data":"Redo","floor":12.0,"key":"SMITH"},{"data":"Loop","floor":15.0,"key":"SMITH"},{"data":"Leap","floor":23.0,"key":"SMITH"},{"data":"Creative AI","floor":27.0,"key":"SMITH"},{"data":"Doom and Gloom","floor":29.0,"key":"SMITH"},{"floor":32.0,"key":"REST"},{"data":"Redo","floor":42,"key":"SMITH"},{"floor":44,"key":"REST"}],"neow_cost":"NONE","seed_source_timestamp":2293226256422876,"circlet_count":0,"master_deck":["Strike_B+1","Defend_B+1","Defend_B+1","Defend_B+1","Defend_B+1","Zap","Dualcast","AscendersBane","Darkness+1","Go for the Eyes","Steam","Go for the Eyes","Redo+1","Loop+1","BootSequence","Go for the Eyes","Core Surge","Glacier+1","Doom and Gloom+1","Leap+1","Steam+1","Creative AI+1","Redo+1","Stack+1","Undo","Self Repair","Writhe","Genetic Algorithm"],"special_seed":0,"relics":["Cracked Core","Golden Idol","Turnip","Pear","Bag of Marbles","Velvet Choker","Anchor","Art of War","Gremlin Horn","FaceOfCleric","Inserter","Blood Vial","Sundial"],"potions_floor_usage":[],"damage_taken":[{"damage":0.0,"enemies":"Small Slimes","floor":1.0,"turns":3.0},{"damage":0.0,"enemies":"2 Louse","floor":3.0,"turns":2.0},{"damage":3.0,"enemies":"Jaw Worm","floor":4.0,"turns":3.0},{"damage":16.0,"enemies":"Gremlin Nob","floor":8.0,"turns":4.0},{"damage":0.0,"enemies":"Exordium Wildlife","floor":11.0,"turns":4.0},{"damage":17.0,"enemies":"3 Sentries","floor":13.0,"turns":6.0},{"damage":15.0,"enemies":"Lots of Slimes","floor":14.0,"turns":5.0},{"damage":7.0,"enemies":"Hexaghost","floor":16.0,"turns":8.0},{"damage":15.0,"enemies":"Spheric Guardian","floor":18.0,"turns":5.0},{"damage":10.0,"enemies":"3 Byrds","floor":24.0,"turns":5.0},{"damage":6.0,"enemies":"Book of Stabbing","floor":25.0,"turns":7.0},{"damage":0.0,"enemies":"Centurion and Healer","floor":31.0,"turns":7.0},{"damage":23.0,"enemies":"Collector","floor":33.0,"turns":8.0},{"damage":0.0,"enemies":"Orb Walker","floor":35.0,"turns":4.0},{"damage":62,"enemies":"3 Darklings","floor":36,"turns":8},{"damage":72,"enemies":"2 Orb Walkers","floor":40,"turns":8},{"damage":73,"enemies":"Giant Head","floor":45,"turns":10}],"seed_played":"1069264034207776269","potions_obtained":[{"floor":1.0,"key":"FearPotion"},{"floor":3.0,"key":"PowerPotion"},{"floor":13.0,"key":"SpeedPotion"},{"floor":24.0,"key":"Strength Potion"},{"floor":25.0,"key":"Explosive Potion"},{"floor":28.0,"key":"PowerPotion"}],"is_trial":false,"path_per_floor":["M","$","M","M","?","R","?","E","T","$","M","R","E","M","R","B",null,"M","$","$","?","$","R","M","E","T","R","?","R","?","M","R","B",null,"M","M","$","?","?","E","?","R","T","R"],"character_chosen":"DEFECT","items_purchased":["Go for the Eyes","Steam","Doom and Gloom","Anchor","Leap","Undo","Self Repair"],"campfire_rested":2,"item_purchase_floors":[2,2,19,19,19,37,37],"current_hp_per_floor":[68,68,68,65,47,47,47,31,41,41,41,41,24,9,9,2,64,49,49,49,49,49,49,39,33,33,33,33,33,33,34,59,44,76,77,16,16,38,99,35,35,35,35,65,0],"gold":126,"neow_bonus":"HUNDRED_GOLD","is_prod":false,"is_daily":false,"chose_seed":false,"campfire_upgraded":7,"win_rate":0,"timestamp":1533670475,"path_taken":["M","$","M","M","?","R","?","E","T","$","M","R","E","M","R","BOSS","M","?","$","?","$","R","M","E","T","R","?","R","?","M","R","BOSS","M","M","$","?","?","E","?","R","T","R","E"],"build_version":"2018-08-02","purchased_purges":2,"victory":false,"max_hp_per_floor":[75,75,75,75,75,75,75,75,85,85,85,85,85,85,85,85,85,85,85,85,85,85,85,85,85,85,85,85,85,85,86,86,87,87,88,89,89,89,99,100,100,100,100,100,100],"card_choices":[{"not_picked":["Scrape","Steam"],"picked":"Darkness","floor":1.0},{"not_picked":["Double Energy","Beam Cell"],"picked":"Go for the Eyes","floor":3.0},{"not_picked":["Rebound","Leap"],"picked":"Redo","floor":4.0},{"not_picked":["Scrape","Streamline"],"picked":"Loop","floor":11.0},{"not_picked":["Gash","FTL"],"picked":"BootSequence","floor":13.0},{"not_picked":["Double Energy","Gash"],"picked":"Go for the Eyes","floor":14.0},{"not_picked":["Fission","Thunder Strike"],"picked":"Core Surge","floor":16.0},{"not_picked":["Coolheaded","Redo"],"picked":"Glacier+1","floor":18.0},{"not_picked":["Double Energy","Chaos"],"picked":"Steam+1","floor":24.0},{"not_picked":["Conserve Battery","Barrage"],"picked":"Creative AI","floor":25.0},{"not_picked":["Gash+1","Stack"],"picked":"Redo","floor":31.0},{"not_picked":["All For One","Creative AI"],"picked":"Meteor Strike","floor":33.0},{"not_picked":["Doom and Gloom+1","Hologram"],"picked":"Stack+1","floor":35.0}],"player_experience":949576,"relics_obtained":[{"floor":8.0,"key":"Turnip"},{"floor":9.0,"key":"Pear"},{"floor":13.0,"key":"Bag of Marbles"},{"floor":25.0,"key":"Art of War"},{"floor":26.0,"key":"Gremlin Horn"},{"floor":40,"key":"Blood Vial"},{"floor":43,"key":"Sundial"}],"event_choices":[{"event_name":"Golden Idol","player_choice":"Take Damage","floor":5.0,"damage_taken":0.0},{"event_name":"The Woman in Blue","player_choice":"Bought 0 Potions","floor":7.0,"damage_taken":0.0},{"event_name":"Back to Basics","player_choice":"Simplicity","floor":21.0,"damage_taken":0.0},{"event_name":"The Lab","player_choice":"Got Potions","floor":28.0,"damage_taken":0.0},{"event_name":"FaceTrader","player_choice":"Trade","floor":30.0,"damage_taken":0.0},{"event_name":"Winding Halls","player_choice":"Writhe","floor":38,"damage_taken":0},{"event_name":"Bonfire Elementals","player_choice":"RARE","floor":39,"damage_taken":0},{"event_name":"Transmorgrifier","player_choice":"Transform","floor":41,"damage_taken":0}],"is_beta":false,"boss_relics":[{"not_picked":["White Beast Statue","Snecko Eye"],"picked":"Velvet Choker"},{"not_picked":["Runic Pyramid","Empty Cage"],"picked":"Inserter"}],"items_purged_floors":[2,10],"is_endless":false,"potions_floor_spawned":[1,3,13,24,25],"killed_by":"Giant Head","ascension_level":11}