{"gold_per_floor":[116,116,135,146,160,160,171,171,198,198,228,153,153,153,153,249,249,261,57,57,57,74,74,107,107,107,119],"floor_reached":27,"playtime":556,"items_purged":["Strike_B"],"score":355,"play_id":"078ec58d-e178-4489-9a32-797278f1bfcf","local_time":"20190418001820","is_ascension_mode":true,"campfire_choices":[{"data":"Dualcast","floor":6,"key":"SMITH"},{"data":"Zap","floor":8,"key":"SMITH"},{"data":"Zap","floor":10,"key":"SMITH"},{"floor":13,"key":"REST"},{"data":"Streamline","floor":15,"key":"SMITH"},{"data":"Streamline","floor":23,"key":"SMITH"},{"floor":25,"key":"REST"}],"neow_cost":"TEN_PERCENT_HP_LOSS","seed_source_timestamp":617891054963337,"circlet_count":0,"master_deck":["AscendersBane","Strike_B","Defend_B","Defend_B","Defend_B","Zap+1","Dualcast+1","Streamline+1","Zap+1","All For One","Go for the Eyes","Streamline+1","BootSequence","Loop","Echo Form","Dualcast+1","Rebound"],"relics":["Cracked Core","Pen Nib","Oddly Smooth Stone","Busted Crown","DollysMirror","Anchor","MawBank"],"potions_floor_usage":[11,22,24,27],"damage_taken":[{"damage":1,"enemies":"Cultist","floor":1,"turns":3},{"damage":7,"enemies":"Small Slimes","floor":3,"turns":3},{"damage":8,"enemies":"2 Louse","floor":4,"turns":2},{"damage":11,"enemies":"Exordium Wildlife","floor":5,"turns":4},{"damage":10,"enemies":"3 Louse","floor":7,"turns":3},{"damage":15,"enemies":"Lagavulin","floor":11,"turns":5},{"damage":28,"enemies":"Slime Boss","floor":16,"turns":7},{"damage":0,"enemies":"Chosen","floor":18,"turns":2},{"damage":7,"enemies":"3 Byrds","floor":22,"turns":2},{"damage":44,"enemies":"Gremlin Leader","floor":24,"turns":6},{"damage":26,"enemies":"Slavers","floor":27,"turns":3}],"seed_played":"-9033630026534408407","potions_obtained":[{"floor":1,"key":"LiquidBronze"},{"floor":4,"key":"Swift Potion"},{"floor":16,"key":"FearPotion"},{"floor":22,"key":"FearPotion"}],"is_trial":false,"path_per_floor":["M","?","M","M","M","R","M","R","T","R","E","$","R","?","R","B",null,"M","$","?","?","M","R","E","R","T","E"],"character_chosen":"DEFECT","items_purchased":["DollysMirror"],"campfire_rested":2,"item_purchase_floors":[19],"current_hp_per_floor":[67,67,60,52,41,41,31,31,31,31,16,16,36,36,36,8,53,53,53,53,53,46,46,2,22,22,0],"gold":119,"neow_bonus":"REMOVE_TWO","is_prod":false,"is_daily":false,"chose_seed":false,"campfire_upgraded":5,"win_rate":0,"timestamp":1555539500,"path_taken":["M","?","M","M","?","R","M","R","T","R","E","$","R","?","R","BOSS","M","?","?","?","M","R","E","R","T","E"],"build_version":"2019-01-23","purchased_purges":1,"victory":false,"max_hp_per_floor":[68,68,68,68,68,68,68,68,68,68,68,68,68,68,68,68,68,68,68,68,68,68,68,68,68,68,68],"card_choices":[{"not_picked":["Consume","Conserve Battery"],"picked":"Streamline","floor":1},{"not_picked":["Coolheaded","Turbo","Steam Power"],"picked":"SKIP","floor":3},{"not_picked":["Turbo","Recycle"],"picked":"Go for the Eyes","floor":4},{"not_picked":["Sweeping Beam","Beam Cell"],"picked":"Streamline","floor":5},{"not_picked":["Ball Lightning","Rip and Tear"],"picked":"BootSequence","floor":7},{"not_picked":["Ball Lightning","Rebound","Darkness"],"picked":"SKIP","floor":11},{"not_picked":["Creative AI","Machine Learning"],"picked":"Echo Form","floor":16},{"not_picked":["Hologram"],"picked":"SKIP","floor":18},{"not_picked":["Leap"],"picked":"SKIP","floor":22},{"not_picked":["White Noise"],"picked":"SKIP","floor":24}],"player_experience":184073,"relics_obtained":[{"floor":9,"key":"Pen Nib"},{"floor":11,"key":"Oddly Smooth Stone"},{"floor":24,"key":"Anchor"},{"floor":26,"key":"MawBank"}],"event_choices":[{"damage_healed":0,"gold_gain":0,"player_choice":"2 cards matched","damage_taken":0,"max_hp_gain":0,"max_hp_loss":0,"event_name":"Match and Keep!","floor":2,"gold_loss":0,"cards_obtained":["Zap","All For One"]},{"damage_healed":0,"gold_gain":0,"cards_transformed":["Strike_B"],"player_choice":"Transformed","damage_taken":0,"max_hp_gain":0,"max_hp_loss":0,"event_name":"Transmorgrifier","floor":14,"gold_loss":0,"cards_obtained":["Loop"]},{"damage_healed":0,"gold_gain":0,"player_choice":"Ignored","damage_taken":0,"max_hp_gain":0,"max_hp_loss":0,"event_name":"Ghosts","floor":20,"gold_loss":0},{"damage_healed":0,"gold_gain":0,"player_choice":"Read","damage_taken":0,"max_hp_gain":0,"max_hp_loss":0,"event_name":"The Library","floor":21,"gold_loss":0,"cards_obtained":["Rebound"]}],"is_beta":false,"boss_relics":[{"not_picked":["Empty Cage","Sozu"],"picked":"Busted Crown"}],"items_purged_floors":[12],"is_endless":false,"potions_floor_spawned":[1,4,7,16,22],"killed_by":"Slavers","ascension_level":11}