{"gold_per_floor":[114,114,36,0,0,38,38,38,38,57,76,0,0,0,0,125,125,144,144],"floor_reached":19,"playtime":784,"items_purged":[],"score":163,"play_id":"6de31ef6-b5f2-46ad-877a-735b113acc29","local_time":"20190530233158","daily_mods":["Heirloom","Diverse","Lethality"],"is_ascension_mode":false,"campfire_choices":[{"floor":7,"key":"REST"},{"data":"Cleave","floor":15,"key":"SMITH"}],"neow_cost":"","seed_source_timestamp":0,"circlet_count":0,"master_deck":["Strike_R","Strike_R","Strike_R","Strike_R","Defend_R","Defend_R","Bash","Dagger Throw","Beam Cell","A Thousand Cuts","Outmaneuver","Clash","Cleave+1","Blade Dance","Buffer","Storm+1","Heatsinks+1","Brutality+1","Rebound+1"],"special_seed":18046,"relics":["Burning Blood","Charon\u0027s Ashes","Golden Idol","WingedGreaves","Smiling Mask","Nunchaku","Astrolabe"],"potions_floor_usage":[18],"damage_taken":[{"damage":13,"enemies":"Small Slimes","floor":1,"turns":3},{"damage":38,"enemies":"3 Sentries","floor":6,"turns":6},{"damage":4,"enemies":"Jaw Worm","floor":10,"turns":3},{"damage":5,"enemies":"2 Louse","floor":11,"turns":2},{"damage":22,"enemies":"Slime Boss","floor":16,"turns":8},{"damage":38,"enemies":"Shell Parasite","floor":18,"turns":3},{"damage":51,"enemies":"3 Byrds","floor":19,"turns":2}],"seed_played":"7249540024689942860","potions_obtained":[{"floor":1,"key":"Strength Potion"},{"floor":6,"key":"Swift Potion"},{"floor":16,"key":"Poison Potion"}],"is_trial":false,"path_per_floor":["M","?","$","?","$","E","R","?","T","M","M","$","?","T","R","B",null,"M","M"],"character_chosen":"IRONCLAD","items_purchased":["Beam Cell","Bane","Cleave","Blade Dance"],"campfire_rested":1,"item_purchase_floors":[3,3,12,12],"current_hp_per_floor":[73,53,53,53,53,21,45,50,50,52,53,53,53,53,53,37,80,48,0],"gold":144,"neow_bonus":"","is_prod":false,"is_daily":true,"chose_seed":false,"campfire_upgraded":1,"win_rate":0.0,"timestamp":1559251918,"path_taken":["M","?","$","?","$","E","R","?","T","?","M","?","?","?","R","BOSS","M","M"],"build_version":"2019-01-23","purchased_purges":0,"victory":false,"max_hp_per_floor":[80,80,80,80,80,80,80,80,80,80,80,80,80,80,80,80,80,80,80],"card_choices":[{"not_picked":["Tactician","Anger"],"picked":"Dagger Throw","floor":1},{"not_picked":["Deflect","Bouncing Flask"],"picked":"A Thousand Cuts","floor":6},{"not_picked":["Lockon","Prepared"],"picked":"Outmaneuver","floor":10},{"not_picked":["Hologram","Fiend Fire"],"picked":"Clash","floor":11},{"not_picked":["Fission","Tools of the Trade"],"picked":"Buffer","floor":16},{"not_picked":["Thunderclap+1","Dagger Throw"],"picked":"Rebound+1","floor":18}],"player_experience":31247,"relics_obtained":[{"floor":6,"key":"WingedGreaves"},{"floor":9,"key":"Smiling Mask"},{"floor":14,"key":"Nunchaku"}],"event_choices":[{"damage_healed":0,"gold_gain":0,"player_choice":"Take Damage","damage_taken":20,"relics_obtained":["Golden Idol"],"max_hp_gain":0,"max_hp_loss":0,"event_name":"Golden Idol","floor":2,"gold_loss":0},{"damage_healed":0,"gold_gain":0,"player_choice":"Left Gold","damage_taken":0,"max_hp_gain":0,"max_hp_loss":0,"event_name":"World of Goop","floor":4,"gold_loss":36},{"cards_removed":["Bane"],"damage_healed":5,"gold_gain":0,"player_choice":"Offered Common","damage_taken":0,"max_hp_gain":0,"max_hp_loss":0,"event_name":"Bonfire Elementals","floor":8,"gold_loss":0},{"cards_removed":["Bane"],"damage_healed":5,"gold_gain":0,"player_choice":"Offered Special","damage_taken":0,"max_hp_gain":0,"max_hp_loss":0,"event_name":"Bonfire Elementals","floor":8,"gold_loss":0},{"damage_healed":0,"gold_gain":0,"player_choice":"Ignored","damage_taken":0,"max_hp_gain":0,"max_hp_loss":0,"event_name":"Liars Game","floor":13,"gold_loss":0}],"is_beta":false,"boss_relics":[{"not_picked":["Black Blood","Velvet Choker"],"picked":"Astrolabe"}],"items_purged_floors":[],"is_endless":false,"potions_floor_spawned":[1,6,16],"killed_by":"3 Byrds","ascension_level":0}