{"gold_per_floor":[115,133,151,166,166,192,192,120,120,155,175,175,195,223,223,320,320,335,348,348,67,86,86],"floor_reached":23,"playtime":3307,"items_purged":["Writhe"],"score":284,"play_id":"5a86f6a0-544f-4b6c-bce8-9fa4b11127b4","local_time":"20190529224112","is_ascension_mode":true,"campfire_choices":[{"data":"Uppercut","floor":7,"key":"SMITH"},{"data":"Shockwave","floor":12,"key":"SMITH"},{"floor":15,"key":"REST"}],"neow_cost":"PERCENT_DAMAGE","seed_source_timestamp":76508942648622,"circlet_count":0,"master_deck":["Strike_R","Strike_R","Strike_R","Strike_R","Defend_R","Defend_R","Defend_R","Defend_R","Bash","Iron Wave","Uppercut+1","Havoc","Havoc","Warcry","True Grit","Shockwave+1","Exhume","Headbutt","Feed","Parasite","Warcry","Ghostly Armor"],"relics":["Burning Blood","Gambling Chip","Shuriken","Darkstone Periapt","Vajra","Calling Bell","Boot","Sundial","Mango","Lee\u0027s Waffle"],"potions_floor_usage":[10,13,14,19,23],"damage_taken":[{"damage":1,"enemies":"2 Louse","floor":1,"turns":3},{"damage":1,"enemies":"Cultist","floor":2,"turns":4},{"damage":0,"enemies":"Jaw Worm","floor":3,"turns":3},{"damage":24,"enemies":"Large Slime","floor":4,"turns":7},{"damage":27,"enemies":"Lagavulin","floor":6,"turns":6},{"damage":14,"enemies":"Gremlin Nob","floor":10,"turns":4},{"damage":1,"enemies":"2 Fungi Beasts","floor":11,"turns":3},{"damage":20,"enemies":"Exordium Thugs","floor":13,"turns":6},{"damage":19,"enemies":"3 Sentries","floor":14,"turns":11},{"damage":30,"enemies":"The Guardian","floor":16,"turns":16},{"damage":69,"enemies":"Spheric Guardian","floor":18,"turns":8},{"damage":18,"enemies":"Chosen","floor":19,"turns":5},{"damage":59,"enemies":"3 Cultists","floor":22,"turns":7},{"damage":86,"enemies":"Book of Stabbing","floor":23,"turns":10}],"seed_played":"5408562130925043626","potions_obtained":[{"floor":4,"key":"Strength Potion"},{"floor":6,"key":"Explosive Potion"},{"floor":11,"key":"SneckoOil"},{"floor":13,"key":"PowerPotion"},{"floor":19,"key":"Dexterity Potion"}],"is_trial":false,"path_per_floor":["M","M","M","M","?","E","R","$","T","E","M","R","M","E","R","B",null,"M","M","?","$","M","E"],"character_chosen":"IRONCLAD","items_purchased":["Shockwave","Lee\u0027s Waffle"],"campfire_rested":1,"item_purchase_floors":[8,21],"current_hp_per_floor":[77,82,88,70,70,49,49,49,49,41,46,46,32,19,47,23,128,65,53,53,135,85,0],"gold":86,"neow_bonus":"TWENTY_PERCENT_HP_BONUS","is_prod":false,"is_daily":false,"chose_seed":false,"campfire_upgraded":2,"win_rate":0,"timestamp":1559194872,"path_taken":["M","M","M","M","?","E","R","$","T","E","M","R","M","E","R","BOSS","M","M","?","$","M","E"],"build_version":"2019-01-23","purchased_purges":1,"victory":false,"max_hp_per_floor":[96,96,96,96,96,96,96,96,96,96,96,96,96,96,96,96,128,128,128,128,135,138,138],"card_choices":[{"not_picked":["Flex","Uppercut"],"picked":"Iron Wave","floor":1},{"not_picked":["Seeing Red","Heavy Blade"],"picked":"Uppercut","floor":2},{"not_picked":["Wild Strike","Dropkick"],"picked":"Havoc","floor":3},{"not_picked":["Anger","Flex"],"picked":"Havoc","floor":4},{"not_picked":["Iron Wave","Juggernaut"],"picked":"True Grit","floor":6},{"not_picked":["Warcry","Flex"],"picked":"Exhume","floor":10},{"not_picked":["Clothesline","Iron Wave","Anger"],"picked":"SKIP","floor":11},{"not_picked":["Battle Trance","Anger"],"picked":"Headbutt","floor":13},{"not_picked":["Blood for Blood","Offering","Iron Wave"],"picked":"SKIP","floor":14},{"not_picked":["Immolate","Impervious"],"picked":"Feed","floor":16},{"not_picked":["Clothesline","Rage","Infernal Blade"],"picked":"SKIP","floor":18},{"not_picked":["Perfected Strike","Second Wind"],"picked":"Warcry","floor":19},{"not_picked":["Body Slam","Headbutt"],"picked":"Ghostly Armor","floor":22}],"player_experience":136143,"relics_obtained":[{"floor":6,"key":"Gambling Chip"},{"floor":9,"key":"Shuriken"},{"floor":10,"key":"Darkstone Periapt"},{"floor":14,"key":"Vajra"},{"floor":17,"key":"Boot"},{"floor":17,"key":"Sundial"},{"floor":17,"key":"Mango"}],"event_choices":[{"damage_healed":0,"gold_gain":0,"cards_transformed":["Strike_R"],"player_choice":"Change","damage_taken":0,"max_hp_gain":0,"max_hp_loss":0,"event_name":"Living Wall","floor":5,"gold_loss":0,"cards_obtained":["Warcry"]},{"cards_removed":["Injury"],"damage_healed":0,"gold_gain":0,"player_choice":"Purged","damage_taken":0,"max_hp_gain":0,"max_hp_loss":0,"event_name":"Purifier","floor":20,"gold_loss":0}],"is_beta":false,"boss_relics":[{"not_picked":["Empty Cage","Philosopher\u0027s Stone"],"picked":"Calling Bell"}],"items_purged_floors":[21],"is_endless":false,"potions_floor_spawned":[4,6,11,13,19],"killed_by":"Book of Stabbing","ascension_level":2}