{"gold_per_floor":[111,124,23,23,198,198,214,274,274,274,287,297,317,23,23,121,121,133,8,25,25,25,57,57,57,57,57,57,68,79,79],"floor_reached":31,"playtime":864,"items_purged":["Pain","Regret","Doubt"],"score":368,"play_id":"6d40a17a-04ed-4109-beea-5ee45a72cbcd","local_time":"20190406200854","is_ascension_mode":true,"campfire_choices":[{"data":"True Grit","floor":6,"key":"SMITH"},{"floor":10,"key":"REST"},{"data":"Entrench","floor":15,"key":"SMITH"},{"floor":24,"key":"REST"},{"floor":25,"key":"REST"},{"data":"True Grit","floor":28,"key":"SMITH"}],"neow_cost":"CURSE","seed_source_timestamp":61101518625571,"circlet_count":0,"master_deck":["AscendersBane","Strike_R","Strike_R","Strike_R","Defend_R","Defend_R","Defend_R","Defend_R","Bash+1","Searing Blow+1","True Grit+1","Barricade","Feel No Pain","Cleave+1","Entrench+1","True Grit+1","Juggernaut","Twin Strike+1","Seeing Red","Juggernaut"],"relics":["Burning Blood","Unceasing Top","Vajra","Self Forming Clay","Whetstone","Velvet Choker","WingedGreaves","Torii","Nloth\u0027s Gift"],"potions_floor_usage":[2,7,11,16,23,31],"damage_taken":[{"damage":11,"enemies":"2 Louse","floor":1,"turns":4},{"damage":9,"enemies":"Small Slimes","floor":2,"turns":3},{"damage":12,"enemies":"Jaw Worm","floor":7,"turns":6},{"damage":61,"enemies":"3 Sentries","floor":8,"turns":13},{"damage":3,"enemies":"Looter","floor":11,"turns":4},{"damage":17,"enemies":"Red Slaver","floor":12,"turns":3},{"damage":3,"enemies":"2 Fungi Beasts","floor":13,"turns":3},{"damage":18,"enemies":"Hexaghost","floor":16,"turns":17},{"damage":21,"enemies":"Spheric Guardian","floor":18,"turns":8},{"damage":7,"enemies":"3 Byrds","floor":20,"turns":5},{"damage":52,"enemies":"Book of Stabbing","floor":23,"turns":8},{"damage":31,"enemies":"Centurion and Healer","floor":29,"turns":8},{"damage":26,"enemies":"Snake Plant","floor":30,"turns":3},{"damage":21,"enemies":"Cultist and Chosen","floor":31,"turns":4}],"seed_played":"-960710171236098792","potions_obtained":[{"floor":1,"key":"Fire Potion"},{"floor":7,"key":"Fruit Juice"},{"floor":8,"key":"Poison Potion"},{"floor":13,"key":"Regen Potion"},{"floor":18,"key":"SneckoOil"},{"floor":30,"key":"PowerPotion"}],"is_trial":false,"path_per_floor":["M","M","$","?","?","R","M","?","T","R","M","M","M","$","R","B",null,"M","$","M","?","?","E","R","R","T","?","R","M","M","M"],"character_chosen":"IRONCLAD","items_purchased":["True Grit","True Grit","Whetstone"],"campfire_rested":3,"item_purchase_floors":[3,14,14],"current_hp_per_floor":[67,64,64,64,64,64,63,8,8,33,36,25,28,28,28,31,72,57,57,56,56,56,10,35,60,60,60,60,35,15,0],"gold":79,"neow_bonus":"ONE_RARE_RELIC","is_prod":false,"is_daily":false,"chose_seed":false,"campfire_upgraded":3,"win_rate":0,"timestamp":1554574134,"path_taken":["M","M","$","?","?","R","M","?","T","R","M","M","M","$","R","BOSS","M","$","M","?","?","E","R","R","T","?","R","M","?","M"],"build_version":"2019-01-23","purchased_purges":3,"victory":false,"max_hp_per_floor":[80,80,80,80,80,80,85,85,85,85,85,85,85,85,85,85,85,85,85,85,85,85,85,85,85,85,85,85,85,85,85],"card_choices":[{"not_picked":["Havoc","Wild Strike"],"picked":"Searing Blow","floor":1},{"not_picked":["Combust","Heavy Blade","Blood for Blood"],"picked":"SKIP","floor":2},{"not_picked":["Body Slam","Perfected Strike"],"picked":"Barricade","floor":7},{"not_picked":["Warcry","Blood for Blood"],"picked":"Feel No Pain","floor":8},{"not_picked":["Heavy Blade+1","Flex"],"picked":"Cleave+1","floor":11},{"not_picked":["Anger+1","Armaments"],"picked":"Entrench","floor":12},{"not_picked":["Inflame","Dual Wield","Blood for Blood+1"],"picked":"SKIP","floor":13},{"not_picked":["Limit Break","Fiend Fire+1"],"picked":"Juggernaut","floor":16},{"not_picked":["Clothesline+1","Shockwave","Perfected Strike+1"],"picked":"SKIP","floor":18},{"not_picked":["Clash+1","Second Wind","Uppercut+1"],"picked":"SKIP","floor":20},{"not_picked":["Clothesline+1","Pommel Strike+1","Dropkick+1"],"picked":"SKIP","floor":23},{"not_picked":["Thunderclap","Havoc"],"picked":"Juggernaut","floor":29},{"not_picked":["Perfected Strike","Blood for Blood","Clash"],"picked":"SKIP","floor":30}],"player_experience":155760,"relics_obtained":[{"floor":8,"key":"Molten Egg 2"},{"floor":9,"key":"Self Forming Clay"},{"floor":23,"key":"WingedGreaves"},{"floor":26,"key":"Torii"}],"event_choices":[{"damage_healed":0,"gold_gain":0,"player_choice":"Box","damage_taken":0,"relics_obtained":["Vajra"],"max_hp_gain":0,"max_hp_loss":0,"event_name":"Big Fish","floor":4,"gold_loss":0,"cards_obtained":["Regret"]},{"damage_healed":0,"gold_gain":175,"player_choice":"AGREE","damage_taken":0,"max_hp_gain":0,"max_hp_loss":0,"event_name":"Liars Game","floor":5,"gold_loss":0,"cards_obtained":["Doubt"]},{"damage_healed":0,"gold_gain":0,"player_choice":"Searched \u00272\u0027 times","damage_taken":0,"max_hp_gain":0,"max_hp_loss":0,"event_name":"Dead Adventurer","floor":8,"gold_loss":0},{"damage_healed":0,"gold_gain":0,"cards_transformed":["Strike_R","Strike_R"],"player_choice":"Became Test Subject","damage_taken":0,"max_hp_gain":0,"max_hp_loss":0,"event_name":"Drug Dealer","floor":21,"gold_loss":0,"cards_obtained":["Twin Strike","Seeing Red"]},{"damage_healed":0,"gold_gain":0,"player_choice":"Ignored","damage_taken":0,"max_hp_gain":0,"max_hp_loss":0,"event_name":"Beggar","floor":22,"gold_loss":0},{"damage_healed":0,"gold_gain":0,"player_choice":"Traded Relic","damage_taken":0,"relics_obtained":["Nloth\u0027s Gift"],"max_hp_gain":0,"max_hp_loss":0,"event_name":"N\u0027loth","floor":27,"relics_lost":["Molten Egg 2"],"gold_loss":0}],"is_beta":false,"boss_relics":[{"not_picked":["Snecko Eye","Pandora\u0027s Box"],"picked":"Velvet Choker"}],"items_purged_floors":[3,14,19],"is_endless":false,"potions_floor_spawned":[1,7,8,13,18,30],"killed_by":"Cultist and Chosen","ascension_level":10}