{"gold_per_floor":[115,131,56,331,350,350,23,23,23,23,51,71,71,102,102,207,207,219,219,219,281,281,281,324,342,369,428,428,156,156,184,184,184],"floor_reached":33,"playtime":930,"items_purged":["Strike_R","Regret","Rampage+1"],"score":418,"play_id":"cd27b0c1-ca86-40b4-ad33-e66c273f32af","local_time":"20190323095120","is_ascension_mode":true,"campfire_choices":[{"data":"Bash","floor":6,"key":"SMITH"},{"data":"Inflame","floor":8,"key":"SMITH"},{"data":"Heavy Blade","floor":10,"key":"SMITH"},{"data":"Seeing Red","floor":13,"key":"SMITH"},{"data":"Defend_R","floor":15,"key":"SMITH"},{"data":"Defend_R","floor":23,"key":"SMITH"},{"data":"True Grit","floor":30,"key":"SMITH"},{"data":"Metallicize","floor":32,"key":"SMITH"}],"neow_cost":"NONE","seed_source_timestamp":78558954129549,"circlet_count":0,"master_deck":["Defend_R+1","Defend_R","Defend_R","Defend_R+1","Bash+1","Heavy Blade+1","Seeing Red+1","Inflame+1","Sword Boomerang+1","Iron Wave+1","Bite+1","Bite+1","Bite+1","Bite+1","HandOfGreed+1","RitualDagger+1","True Grit+1","Flame Barrier+1","Metallicize+1"],"relics":["Black Blood","Bag of Preparation","Juzu Bracelet","Molten Egg 2","Bag of Marbles","Charon\u0027s Ashes","Dream Catcher","FossilizedHelix","Bottled Tornado","Regal Pillow","Happy Flower"],"potions_floor_usage":[11,12,14,27,31,33],"damage_taken":[{"damage":1,"enemies":"Cultist","floor":1,"turns":3},{"damage":8,"enemies":"Jaw Worm","floor":2,"turns":4},{"damage":1,"enemies":"2 Louse","floor":5,"turns":2},{"damage":30,"enemies":"3 Sentries","floor":11,"turns":6},{"damage":2,"enemies":"Large Slime","floor":12,"turns":3},{"damage":16,"enemies":"Gremlin Nob","floor":14,"turns":3},{"damage":28,"enemies":"Slime Boss","floor":16,"turns":7},{"damage":19,"enemies":"Shell Parasite","floor":18,"turns":5},{"damage":22,"enemies":"3 Byrds","floor":21,"turns":8},{"damage":6,"enemies":"3 Cultists","floor":24,"turns":3},{"damage":21,"enemies":"Snake Plant","floor":25,"turns":4},{"damage":27,"enemies":"Slavers","floor":27,"turns":7},{"damage":11,"enemies":"Book of Stabbing","floor":31,"turns":5},{"damage":68,"enemies":"Champ","floor":33,"turns":13}],"seed_played":"5915881717109153615","potions_obtained":[{"floor":5,"key":"AttackPotion"},{"floor":11,"key":"SteroidPotion"},{"floor":12,"key":"EssenceOfSteel"},{"floor":24,"key":"EssenceOfSteel"},{"floor":27,"key":"AttackPotion"},{"floor":31,"key":"Weak Potion"}],"is_trial":false,"path_per_floor":["M","M","$","?","M","R","$","R","T","R","E","M","R","E","R","B",null,"M","?","?","M","?","R","M","M","T","E","T","$","R","E","R","B"],"character_chosen":"IRONCLAD","items_purchased":["Inflame","Juzu Bracelet","Regal Pillow"],"campfire_rested":0,"item_purchase_floors":[7,7,29],"current_hp_per_floor":[77,75,75,75,80,80,80,80,80,80,56,60,60,50,50,28,67,58,56,56,44,38,38,45,46,46,41,41,41,41,55,55,0],"gold":184,"neow_bonus":"RANDOM_COMMON_RELIC","is_prod":false,"is_daily":false,"chose_seed":false,"campfire_upgraded":8,"win_rate":0,"timestamp":1553331080,"path_taken":["M","M","?","?","M","R","$","R","T","R","E","M","R","E","R","BOSS","M","?","?","M","?","R","M","M","T","E","?","$","R","E","R","BOSS"],"build_version":"2019-01-23","purchased_purges":3,"victory":false,"max_hp_per_floor":[80,80,80,80,80,80,80,80,80,80,80,80,80,80,80,80,80,80,56,56,56,56,56,56,56,56,56,56,56,56,56,56,56],"card_choices":[{"not_picked":["Twin Strike","Havoc"],"picked":"Heavy Blade","floor":1},{"not_picked":["Corruption","Fire Breathing"],"picked":"Seeing Red","floor":2},{"not_picked":["Body Slam","Warcry","Clash"],"picked":"SKIP","floor":5},{"not_picked":["Body Slam+1","Clash+1"],"picked":"Rampage+1","floor":11},{"not_picked":["Armaments","Warcry","Demon Form"],"picked":"SKIP","floor":12},{"not_picked":["Havoc","True Grit"],"picked":"Sword Boomerang+1","floor":14},{"not_picked":["Flex+1","Armaments"],"picked":"Iron Wave+1","floor":18},{"not_picked":["Battle Trance","Wild Strike+1","Corruption"],"picked":"SKIP","floor":21},{"not_picked":["Bloodletting","Twin Strike+1"],"picked":"True Grit","floor":24},{"not_picked":["Thunderclap+1","Fiend Fire+1"],"picked":"Flame Barrier+1","floor":25},{"not_picked":["Reckless Charge+1","Wild Strike+1","Brutality"],"picked":"SKIP","floor":27},{"not_picked":["Brutality","Pommel Strike+1"],"picked":"Metallicize","floor":31}],"player_experience":107020,"relics_obtained":[{"floor":9,"key":"Molten Egg 2"},{"floor":11,"key":"Bag of Marbles"},{"floor":14,"key":"Charon\u0027s Ashes"},{"floor":26,"key":"Dream Catcher"},{"floor":27,"key":"FossilizedHelix"},{"floor":28,"key":"Bottled Tornado"},{"floor":31,"key":"Happy Flower"}],"event_choices":[{"damage_healed":0,"gold_gain":275,"player_choice":"Desecrate","damage_taken":0,"max_hp_gain":0,"max_hp_loss":0,"event_name":"Golden Shrine","floor":4,"gold_loss":0,"cards_obtained":["Regret"]},{"damage_healed":0,"gold_gain":0,"player_choice":"Became a vampire","damage_taken":0,"max_hp_gain":0,"max_hp_loss":24,"event_name":"Vampires","floor":19,"gold_loss":0,"cards_obtained":["Bite","Bite","Bite","Bite","Bite"]},{"damage_healed":0,"gold_gain":0,"cards_transformed":["Bite"],"player_choice":"Transformed","damage_taken":0,"max_hp_gain":0,"max_hp_loss":0,"event_name":"Transmorgrifier","floor":20,"gold_loss":0,"cards_obtained":["HandOfGreed"]},{"damage_healed":0,"gold_gain":0,"player_choice":"Joined the Cult","damage_taken":6,"max_hp_gain":0,"max_hp_loss":0,"event_name":"Nest","floor":22,"gold_loss":0,"cards_obtained":["RitualDagger"]}],"is_beta":false,"boss_relics":[{"not_picked":["Tiny House","Lizard Tail"],"picked":"Black Blood"}],"items_purged_floors":[3,7,29],"is_endless":false,"potions_floor_spawned":[5,11,12,24,27,31],"killed_by":"Champ","ascension_level":7}