{"gold_per_floor":[113,129,129,129,140,140,171,171,171,198,198,210,210,220,220,220],"floor_reached":16,"playtime":1693,"items_purged":[],"score":110,"play_id":"f0b5acdb-2479-44c7-ae3d-19a5468b4388","local_time":"20190215234125","is_ascension_mode":false,"campfire_choices":[{"data":"Anger","floor":6,"key":"SMITH"},{"floor":8,"key":"REST"},{"floor":13,"key":"REST"},{"floor":15,"key":"REST"}],"neow_cost":"NONE","seed_source_timestamp":136155199782986,"circlet_count":0,"master_deck":["Strike_R","Strike_R+1","Strike_R","Strike_R","Strike_R","Defend_R","Defend_R","Defend_R","Defend_R","Bash+1","Shrug It Off","Twin Strike","Anger+1","Flame Barrier","Bludgeon","Twin Strike","Carnage"],"relics":["Burning Blood","Dodecahedron","Pantograph","Mummified Hand","Letter Opener"],"potions_floor_usage":[16,16,16],"damage_taken":[{"damage":2,"enemies":"Cultist","floor":1,"turns":6},{"damage":14,"enemies":"Jaw Worm","floor":2,"turns":6},{"damage":0,"enemies":"2 Louse","floor":5,"turns":4},{"damage":21,"enemies":"3 Sentries","floor":7,"turns":10},{"damage":28,"enemies":"Gremlin Nob","floor":10,"turns":4},{"damage":7,"enemies":"Blue Slaver","floor":12,"turns":3},{"damage":11,"enemies":"3 Louse","floor":14,"turns":2},{"damage":95,"enemies":"The Guardian","floor":16,"turns":12}],"seed_played":"-8592262364226546603","potions_obtained":[{"floor":1,"key":"EssenceOfSteel"},{"floor":10,"key":"LiquidBronze"},{"floor":12,"key":"GamblersBrew"}],"is_trial":false,"path_per_floor":["M","M","T","?","M","R","E","R","T","E","?","M","R","M","R","B"],"character_chosen":"IRONCLAD","items_purchased":[],"campfire_rested":3,"item_purchase_floors":[],"current_hp_per_floor":[88,80,80,85,91,91,76,93,93,71,52,51,78,73,93,0],"gold":220,"neow_bonus":"TEN_PERCENT_HP_BONUS","is_prod":false,"is_daily":false,"chose_seed":false,"campfire_upgraded":1,"win_rate":0.0,"timestamp":1550302885,"path_taken":["M","M","?","?","M","R","E","R","T","E","?","M","R","M","R","BOSS"],"build_version":"2019-01-23","purchased_purges":0,"victory":false,"max_hp_per_floor":[88,88,88,93,93,93,93,93,93,93,93,93,93,93,93,93],"card_choices":[{"not_picked":["Intimidate","Clash"],"picked":"Shrug It Off","floor":1},{"not_picked":["Thunderclap","Battle Trance"],"picked":"Twin Strike","floor":2},{"not_picked":["Cleave","Twin Strike"],"picked":"Anger","floor":5},{"not_picked":["Perfected Strike","Entrench"],"picked":"Flame Barrier","floor":7},{"not_picked":["Dropkick","Clothesline"],"picked":"Bludgeon","floor":10},{"not_picked":["Sword Boomerang","Clothesline"],"picked":"Twin Strike","floor":12},{"not_picked":["Power Through","Sword Boomerang"],"picked":"Carnage","floor":14}],"player_experience":1839,"relics_obtained":[{"floor":3,"key":"Dodecahedron"},{"floor":7,"key":"Pantograph"},{"floor":9,"key":"Mummified Hand"},{"floor":10,"key":"Letter Opener"}],"event_choices":[{"damage_healed":0,"gold_gain":0,"player_choice":"Donut","damage_taken":0,"max_hp_gain":5,"max_hp_loss":0,"event_name":"Big Fish","floor":4,"gold_loss":0},{"damage_healed":0,"gold_gain":0,"player_choice":"Entered Light","damage_taken":19,"max_hp_gain":0,"max_hp_loss":0,"event_name":"Shining Light","floor":11,"gold_loss":0,"cards_upgraded":["Bash","Strike_R"]}],"is_beta":false,"boss_relics":[],"items_purged_floors":[],"is_endless":false,"potions_floor_spawned":[1,10,12],"killed_by":"The Guardian","ascension_level":0}