{"gold_per_floor":[113,129,37,54,69,133,133,133,133,152,170,200,20,35,35,136,136,126,126,41,58,78,78],"floor_reached":23,"playtime":2199,"items_purged":["Pain"],"score":319,"play_id":"6613a57b-0a43-43e2-9da1-f96e3ef99bb4","local_time":"20190506042655","is_ascension_mode":true,"campfire_choices":[{"data":"Go for the Eyes","floor":7,"key":"SMITH"},{"data":"Echo Form","floor":15,"key":"SMITH"}],"neow_cost":"NONE","seed_source_timestamp":4110099602427730,"circlet_count":0,"master_deck":["Strike_B","Strike_B","Strike_B","Strike_B","Defend_B","Defend_B","Defend_B","Defend_B","Zap","Dualcast","Double Energy","Conserve Battery","Go for the Eyes+1","FTL","Cold Snap","Echo Form+1","Cold Snap","Skim","Undo","Hologram","Loop","Redo","Sunder","Seek","BootSequence","Conserve Battery"],"relics":["Coffee Dripper","Tiny Chest","WarpedTongs","Potion Belt","Sundial","Black Star","MutagenicStrength","Cables"],"potions_floor_usage":[12,16,16,22],"damage_taken":[{"damage":2,"enemies":"2 Louse","floor":1,"turns":4},{"damage":0,"enemies":"Cultist","floor":2,"turns":4},{"damage":2,"enemies":"Jaw Worm","floor":4,"turns":3},{"damage":8,"enemies":"3 Louse","floor":5,"turns":3},{"damage":17,"enemies":"Lagavulin","floor":6,"turns":8},{"damage":2,"enemies":"Large Slime","floor":10,"turns":6},{"damage":9,"enemies":"Looter","floor":11,"turns":3},{"damage":22,"enemies":"Gremlin Nob","floor":12,"turns":4},{"damage":0,"enemies":"Exordium Thugs","floor":14,"turns":7},{"damage":0,"enemies":"The Guardian","floor":16,"turns":9},{"damage":3,"enemies":"2 Thieves","floor":18,"turns":4},{"damage":17,"enemies":"Chosen","floor":21,"turns":7},{"damage":4,"enemies":"Snake Plant","floor":22,"turns":4},{"damage":38,"enemies":"Gremlin Leader","floor":23,"turns":6}],"seed_played":"2563675746334950950","potions_obtained":[{"floor":2,"key":"AttackPotion"},{"floor":5,"key":"FocusPotion"},{"floor":10,"key":"PowerPotion"},{"floor":12,"key":"Energy Potion"},{"floor":22,"key":"Energy Potion"}],"is_trial":false,"path_per_floor":["?","M","?","?"],"character_chosen":"DEFECT","items_purchased":["Go for the Eyes","FTL","Loop","Redo"],"campfire_rested":0,"item_purchase_floors":[3,3,13,13],"current_hp_per_floor":[73,73,73,71,63,46,46,46,46,44,35,13,13,13,13,13,60,57,57,57,40,36,0],"gold":78,"neow_bonus":"BOSS_RELIC","is_prod":false,"is_daily":false,"chose_seed":false,"campfire_upgraded":2,"win_rate":0,"timestamp":1557131215,"path_taken":["M","M","$","M","M","E","R","?","T","M","?","E","$","M","R","BOSS","M","?","?","M","M","E"],"build_version":"2019-01-23","purchased_purges":1,"victory":false,"max_hp_per_floor":[75,75,75,75,75,75,75,75,75,75,75,75,75,75,75,75,75,75,75,75,75,75,75],"card_choices":[{"not_picked":["Conserve Battery","Gash"],"picked":"Double Energy","floor":1},{"not_picked":["Melter","Sweeping Beam"],"picked":"Conserve Battery","floor":2},{"not_picked":["Reprogram","Compile Driver"],"picked":"Cold Snap","floor":4},{"not_picked":["Redo","Beam Cell"],"picked":"Echo Form","floor":5},{"not_picked":["Gash","Redo"],"picked":"Cold Snap","floor":6},{"not_picked":["Beam Cell","Fusion"],"picked":"Skim","floor":10},{"not_picked":["FTL","Gash"],"picked":"Undo","floor":11},{"not_picked":["Undo","Go for the Eyes"],"picked":"Hologram","floor":12},{"not_picked":["Turbo","Conserve Battery"],"picked":"Sunder","floor":14},{"not_picked":["Echo Form","Creative AI"],"picked":"Seek","floor":16},{"not_picked":["Compile Driver+1","Beam Cell"],"picked":"BootSequence","floor":18},{"not_picked":["Compile Driver","Go for the Eyes","Melter"],"picked":"SKIP","floor":21},{"not_picked":["Ball Lightning","Compile Driver"],"picked":"Conserve Battery","floor":22}],"player_experience":279339,"relics_obtained":[{"floor":6,"key":"Tiny Chest"},{"floor":9,"key":"Potion Belt"},{"floor":12,"key":"Sundial"}],"event_choices":[{"damage_healed":0,"gold_gain":0,"player_choice":"Rummage","damage_taken":0,"relics_obtained":["WarpedTongs"],"max_hp_gain":0,"max_hp_loss":0,"event_name":"Accursed Blacksmith","floor":8,"gold_loss":0,"cards_obtained":["Pain"]},{"damage_healed":0,"gold_gain":0,"player_choice":"Inject Mutagens","damage_taken":0,"relics_obtained":["MutagenicStrength"],"max_hp_gain":0,"max_hp_loss":0,"event_name":"Drug Dealer","floor":19,"gold_loss":0},{"damage_healed":0,"gold_gain":0,"player_choice":"Obtained Relic","damage_taken":0,"relics_obtained":["Cables"],"max_hp_gain":0,"max_hp_loss":0,"event_name":"Addict","floor":20,"gold_loss":85}],"is_beta":false,"boss_relics":[{"not_picked":["Inserter","Orrery"],"picked":"Black Star"}],"items_purged_floors":[13],"is_endless":false,"potions_floor_spawned":[2,5,10,12,22],"killed_by":"Gremlin Leader","ascension_level":5}