{"gold_per_floor":[118,136,211,228,228,262,262,280,280,297,322,34,34],"floor_reached":13,"playtime":1248,"items_purged":[],"score":168,"play_id":"9ccb9af3-dc94-4945-b853-ad423ecf7f92","local_time":"20190510172641","is_ascension_mode":true,"campfire_choices":[{"floor":7,"key":"REST"}],"neow_cost":"NONE","seed_source_timestamp":4503439346970058,"circlet_count":0,"master_deck":["Strike_B","Strike_B","Strike_B","Strike_B","Defend_B","Defend_B","Defend_B","Defend_B","Zap+1","Dualcast","Darkness","Genetic Algorithm","Double Energy","Chill","Machine Learning","Capacitor","Hologram+1","Skim","Loop","Genetic Algorithm","Ball Lightning","Capacitor","Conserve Battery","Core Surge"],"relics":["Orrery","Potion Belt","Juzu Bracelet","Bottled Flame"],"potions_floor_usage":[6,11,13],"damage_taken":[{"damage":0,"enemies":"Small Slimes","floor":1,"turns":4},{"damage":8,"enemies":"Jaw Worm","floor":2,"turns":5},{"damage":2,"enemies":"Cultist","floor":4,"turns":5},{"damage":0,"enemies":"Lagavulin","floor":6,"turns":8},{"damage":12,"enemies":"2 Fungi Beasts","floor":8,"turns":6},{"damage":1,"enemies":"Exordium Thugs","floor":10,"turns":6},{"damage":40,"enemies":"3 Sentries","floor":11,"turns":10},{"damage":22,"enemies":"Gremlin Nob","floor":13,"turns":3}],"seed_played":"-6271910471822691261","potions_obtained":[{"floor":2,"key":"SkillPotion"},{"floor":4,"key":"AttackPotion"},{"floor":10,"key":"Ancient Potion"}],"is_trial":false,"path_per_floor":["?","?"],"character_chosen":"DEFECT","items_purchased":["Conserve Battery","Core Surge","FocusPotion","Energy Potion","Weak Potion"],"campfire_rested":1,"item_purchase_floors":[12,12,12,12,12],"current_hp_per_floor":[68,60,49,47,32,32,54,42,42,41,1,1,0],"gold":34,"neow_bonus":"BOSS_RELIC","is_prod":false,"is_daily":false,"chose_seed":false,"campfire_upgraded":0,"win_rate":0,"timestamp":1557523601,"path_taken":["M","M","?","M","?","E","R","M","T","M","E","$","E"],"build_version":"2019-01-23","purchased_purges":0,"victory":false,"max_hp_per_floor":[75,75,75,75,75,75,75,75,75,75,75,75,75],"card_choices":[{"not_picked":["Compile Driver","Hello World"],"picked":"Darkness","floor":0},{"not_picked":["Go for the Eyes","Leap"],"picked":"Genetic Algorithm","floor":0},{"not_picked":["FTL","Sweeping Beam"],"picked":"Double Energy","floor":0},{"not_picked":["Gash","Barrage"],"picked":"Chill","floor":0},{"not_picked":["Compile Driver","Ball Lightning"],"picked":"Machine Learning","floor":0},{"not_picked":["Barrage","Stack"],"picked":"Capacitor","floor":1},{"not_picked":["Streamline","Fusion"],"picked":"Hologram","floor":2},{"not_picked":["Compile Driver","Force Field"],"picked":"Skim","floor":4},{"not_picked":["Steam","Redo"],"picked":"Loop","floor":6},{"not_picked":["Scrape","Beam Cell"],"picked":"Genetic Algorithm","floor":8},{"not_picked":["Rebound","Aggregate"],"picked":"Ball Lightning","floor":10},{"not_picked":["Lockon","Doom and Gloom"],"picked":"Capacitor","floor":11}],"player_experience":370264,"relics_obtained":[{"floor":6,"key":"Potion Belt"},{"floor":9,"key":"Juzu Bracelet"},{"floor":11,"key":"Bottled Flame"}],"event_choices":[{"damage_healed":0,"gold_gain":75,"player_choice":"Gather Gold","damage_taken":11,"max_hp_gain":0,"max_hp_loss":0,"event_name":"World of Goop","floor":3,"gold_loss":0},{"damage_healed":0,"gold_gain":0,"player_choice":"Entered Light","damage_taken":15,"max_hp_gain":0,"max_hp_loss":0,"event_name":"Shining Light","floor":5,"gold_loss":0,"cards_upgraded":["Hologram","Zap"]}],"is_beta":false,"boss_relics":[],"items_purged_floors":[],"is_endless":false,"potions_floor_spawned":[2,4,10],"killed_by":"Gremlin Nob","ascension_level":8}