{"gold_per_floor":[113,288,288,301,120,120,150,164,164,192,192,216,216,231,231,326,326,346,363,263,276,287,287,316,516,592,602,622,622],"floor_reached":29,"playtime":1149,"items_purged":["Doubt","Strike_R"],"score":406,"play_id":"6b743723-c31b-4350-a3fa-0104e151fec5","local_time":"20190405134540","is_ascension_mode":true,"campfire_choices":[{"data":"Body Slam","floor":6.0,"key":"SMITH"},{"floor":13,"key":"REST"},{"data":"Flame Barrier","floor":15,"key":"SMITH"},{"data":"Entrench","floor":23,"key":"SMITH"}],"neow_cost":"NONE","seed_source_timestamp":260889398337154,"circlet_count":0,"master_deck":["Strike_R+1","Strike_R","Strike_R+1","Defend_R","Defend_R+1","Defend_R","Bash","Flame Barrier","Body Slam+1","Flame Barrier+1","Metallicize","Barricade+1","Armaments","Impervious","Entrench+1","Shrug It Off","Ghostly Armor+1","Iron Wave+1"],"special_seed":0,"relics":["Black Blood","Paper Frog","Whetstone","Dead Branch","Vajra","Pen Nib","Blue Candle"],"potions_floor_usage":[8,10,21,24,27],"damage_taken":[{"damage":18.0,"enemies":"Jaw Worm","floor":1.0,"turns":4.0},{"damage":9.0,"enemies":"Small Slimes","floor":4.0,"turns":5.0},{"damage":31,"enemies":"Gremlin Nob","floor":7,"turns":5},{"damage":0,"enemies":"Cultist","floor":8,"turns":5},{"damage":8,"enemies":"Lagavulin","floor":10,"turns":7},{"damage":0,"enemies":"Looter","floor":14,"turns":3},{"damage":15,"enemies":"Hexaghost","floor":16,"turns":9},{"damage":7,"enemies":"Spheric Guardian","floor":18,"turns":5},{"damage":9,"enemies":"Shell Parasite","floor":19,"turns":4},{"damage":26,"enemies":"Centurion and Healer","floor":21,"turns":11},{"damage":5,"enemies":"Snake Plant","floor":22,"turns":7},{"damage":26,"enemies":"Slavers","floor":24,"turns":10},{"damage":19,"enemies":"Sentry and Sphere","floor":27,"turns":9},{"damage":14,"enemies":"Centurion and Healer","floor":28,"turns":8},{"damage":41,"enemies":"Gremlin Leader","floor":29,"turns":3}],"seed_played":"-5728840795585192458","potions_obtained":[{"floor":4.0,"key":"Fruit Juice"},{"floor":7,"key":"EntropicBrew"},{"floor":14,"key":"SteroidPotion"},{"floor":21,"key":"Ancient Potion"},{"floor":24,"key":"Block Potion"},{"floor":27,"key":"EssenceOfSteel"}],"is_trial":false,"path_per_floor":["M","?","?","M","$","R","E","M","T","E","?","T","R","M","R","B",null,"M","M","$","M","M","R","E","?","T","M","M","E"],"character_chosen":"IRONCLAD","items_purchased":["Flame Barrier","Metallicize"],"campfire_rested":1,"item_purchase_floors":[5,5],"current_hp_per_floor":[60,60,60,57,57,62,37,43,43,41,24,24,49,55,55,46,75,78,79,79,63,68,68,52,52,52,43,39,0],"gold":622,"neow_bonus":"REMOVE_CARD","is_prod":false,"is_daily":false,"chose_seed":false,"campfire_upgraded":3,"win_rate":0,"timestamp":1554464740,"path_taken":["M","?","?","?","$","R","E","M","T","E","?","?","R","M","R","BOSS","M","M","$","M","?","R","E","?","T","?","M","E"],"build_version":"2019-01-23","purchased_purges":2,"victory":false,"max_hp_per_floor":[80,80,80,80,80,85,85,85,85,85,85,85,85,85,85,85,85,85,85,85,85,85,85,85,85,85,85,85,85],"card_choices":[{"not_picked":["Anger","True Grit"],"picked":"Flame Barrier","floor":1.0},{"not_picked":["Havoc","Armaments"],"picked":"Body Slam","floor":4.0},{"not_picked":["Thunderclap","Blood for Blood"],"picked":"Barricade","floor":7},{"not_picked":["Havoc","Inflame","Wild Strike"],"picked":"SKIP","floor":8},{"not_picked":["Havoc","Brutality","Flex"],"picked":"SKIP","floor":10},{"not_picked":["Twin Strike","Warcry"],"picked":"Armaments","floor":14},{"not_picked":["Demon Form","Offering"],"picked":"Impervious","floor":16},{"not_picked":["Heavy Blade","Fire Breathing+1"],"picked":"Entrench","floor":18},{"not_picked":["Havoc","Feel No Pain+1"],"picked":"Shrug It Off","floor":19},{"not_picked":["Iron Wave","Feel No Pain"],"picked":"Ghostly Armor+1","floor":21},{"not_picked":["Intimidate+1","Bludgeon"],"picked":"Iron Wave+1","floor":22},{"not_picked":["Burning Pact","Perfected Strike","Twin Strike"],"picked":"SKIP","floor":24},{"not_picked":["Dropkick","Heavy Blade","Cleave"],"picked":"SKIP","floor":27},{"not_picked":["Warcry","Feel No Pain","Armaments"],"picked":"SKIP","floor":28}],"player_experience":149423,"relics_obtained":[{"floor":7,"key":"Paper Frog"},{"floor":9,"key":"Whetstone"},{"floor":10,"key":"Dead Branch"},{"floor":12,"key":"Vajra"},{"floor":24,"key":"Pen Nib"},{"floor":26,"key":"Blue Candle"}],"event_choices":[{"damage_healed":0.0,"max_hp_gain":0.0,"max_hp_loss":0.0,"gold_gain":175.0,"event_name":"Liars Game","player_choice":"AGREE","floor":2.0,"gold_loss":0.0,"damage_taken":0.0,"cards_obtained":["Doubt"]},{"cards_removed":["Defend_R"],"damage_healed":0.0,"max_hp_gain":0.0,"max_hp_loss":0.0,"gold_gain":0.0,"event_name":"Bonfire Elementals","player_choice":"Offered Basic","floor":3.0,"gold_loss":0.0,"damage_taken":0.0},{"damage_healed":0,"gold_gain":0,"player_choice":"Entered Light","damage_taken":17,"max_hp_gain":0,"max_hp_loss":0,"event_name":"Shining Light","floor":11,"gold_loss":0,"cards_upgraded":["Defend_R","Barricade"]},{"damage_healed":0,"gold_gain":200,"player_choice":"Gold","damage_taken":0,"max_hp_gain":0,"max_hp_loss":0,"event_name":"Wheel of Change","floor":25,"gold_loss":0}],"is_beta":false,"boss_relics":[{"not_picked":["Lizard Tail","Astrolabe"],"picked":"Black Blood"}],"items_purged_floors":[5,20],"is_endless":false,"potions_floor_spawned":[4,7,8,14,21,24,27,28],"killed_by":"Gremlin Leader","ascension_level":9}