{"gold_per_floor":[112,187,207,83,103,103,132,132,202,202,213,232,232,252,252,348,348,358,96,114,39,17,51,51,85,97,184,196,218,230,242],"floor_reached":31,"playtime":676,"items_purged":["Strike_R","Searing Blow+1"],"score":287,"play_id":"2b790fa1-bc25-4d4b-8236-be165f935bfe","local_time":"20190128012146","is_ascension_mode":true,"campfire_choices":[{"data":"Anger","floor":6.0,"key":"SMITH"},{"data":"Body Slam","floor":8.0,"key":"SMITH"},{"data":"Disarm","floor":10.0,"key":"SMITH"},{"data":"True Grit","floor":13.0,"key":"SMITH"},{"data":"Iron Wave","floor":15.0,"key":"SMITH"},{"data":"True Grit","floor":24.0,"key":"SMITH"},{"data":"Juggernaut","floor":28,"key":"SMITH"},{"data":"Metallicize","floor":30,"key":"SMITH"}],"neow_cost":"NONE","seed_source_timestamp":140227857845412,"circlet_count":0,"master_deck":["Defend_R","Defend_R","Defend_R","Defend_R","Bash+1","Clash","Dropkick","Body Slam+1","Anger+1","Disarm+1","True Grit+1","Iron Wave+1","Juggernaut+1","Pommel Strike+1","Searing Blow+1","Inflame","Metallicize+1","Bandage Up","Cleave+1","Iron Wave","True Grit+1","Entrench+1","Clash"],"special_seed":0,"relics":["Burning Blood","Bronze Scales","Dodecahedron","Astrolabe","Paper Frog","MawBank","Question Card"],"potions_floor_usage":[31],"damage_taken":[{"damage":7.0,"enemies":"Small Slimes","floor":1.0,"turns":4.0},{"damage":6.0,"enemies":"Jaw Worm","floor":3.0,"turns":2.0},{"damage":1.0,"enemies":"Cultist","floor":5.0,"turns":3.0},{"damage":11.0,"enemies":"Lagavulin","floor":7.0,"turns":5.0},{"damage":7.0,"enemies":"Blue Slaver","floor":11.0,"turns":3.0},{"damage":0.0,"enemies":"3 Louse","floor":12.0,"turns":3.0},{"damage":5.0,"enemies":"Red Slaver","floor":14.0,"turns":3.0},{"damage":19.0,"enemies":"Slime Boss","floor":16.0,"turns":8.0},{"damage":1.0,"enemies":"Chosen","floor":18.0,"turns":2.0},{"damage":5.0,"enemies":"3 Byrds","floor":20.0,"turns":3.0},{"damage":16.0,"enemies":"Slavers","floor":23.0,"turns":4.0},{"damage":9.0,"enemies":"Book of Stabbing","floor":25.0,"turns":5.0},{"damage":19,"enemies":"Snecko","floor":29,"turns":7},{"damage":58,"enemies":"Slavers","floor":31,"turns":4}],"seed_played":"5324475824072079992","potions_obtained":[{"floor":3.0,"key":"GamblersBrew"},{"floor":5.0,"key":"Fire Potion"},{"floor":11.0,"key":"Dexterity Potion"},{"floor":18.0,"key":"Fire Potion"},{"floor":20.0,"key":"Explosive Potion"},{"floor":29,"key":"Ancient Potion"}],"is_trial":false,"path_per_floor":["M","?","M","$","M","R","E","R","T","R","M","M","R","M","R","B",null,"M","$","M","?","$","E","R","E","T","?","R","M","R","E"],"character_chosen":"IRONCLAD","items_purchased":["Body Slam","Metallicize","Bandage Up","Iron Wave"],"campfire_rested":0,"item_purchase_floors":[4,19,19,22],"current_hp_per_floor":[79,68,68,68,73,73,68,68,68,68,67,73,73,74,74,61,80,80,80,80,80,80,70,70,71,71,63,63,50,50,0],"gold":242,"neow_bonus":"UPGRADE_CARD","is_prod":false,"is_daily":false,"chose_seed":false,"campfire_upgraded":8,"win_rate":0,"timestamp":1548634906,"path_taken":["M","?","M","$","M","R","E","R","T","R","M","M","R","M","R","BOSS","M","$","M","?","$","E","R","E","T","?","R","?","R","E"],"build_version":"2019-01-23","purchased_purges":2,"victory":false,"max_hp_per_floor":[80,80,80,80,80,80,80,80,80,80,80,80,80,80,80,80,80,80,80,80,80,80,80,80,80,80,80,80,80,80,80],"card_choices":[{"not_picked":["Flex","Warcry"],"picked":"Clash","floor":1.0},{"not_picked":["Hemokinesis","Combust"],"picked":"Dropkick","floor":3.0},{"not_picked":["Clothesline","Whirlwind"],"picked":"Anger","floor":5.0},{"not_picked":["Sentinel","Twin Strike"],"picked":"Disarm","floor":7.0},{"not_picked":["Feel No Pain","Pommel Strike","Heavy Blade"],"picked":"SKIP","floor":11.0},{"not_picked":["Fire Breathing","Cleave"],"picked":"True Grit","floor":12.0},{"not_picked":["True Grit","Intimidate"],"picked":"Iron Wave","floor":14.0},{"not_picked":["Dark Embrace","Bludgeon"],"picked":"Juggernaut","floor":16.0},{"not_picked":["Pommel Strike+1","Entrench"],"picked":"Inflame","floor":18.0},{"not_picked":["Cleave+1","Burning Pact","Rampage"],"picked":"SKIP","floor":20.0},{"not_picked":["Burning Pact","Rampage"],"picked":"Cleave+1","floor":20.0},{"not_picked":["Bludgeon","Heavy Blade"],"picked":"True Grit","floor":23.0},{"not_picked":["Heavy Blade+1","Sword Boomerang"],"picked":"Entrench+1","floor":25.0},{"not_picked":["Havoc","Twin Strike+1","Anger"],"picked":"Clash","floor":29}],"player_experience":19941,"relics_obtained":[{"floor":7.0,"key":"Bronze Scales"},{"floor":9.0,"key":"Dodecahedron"},{"floor":23.0,"key":"Paper Frog"},{"floor":25.0,"key":"MawBank"},{"floor":26.0,"key":"Question Card"}],"event_choices":[{"damage_healed":0.0,"max_hp_gain":0.0,"max_hp_loss":0.0,"gold_gain":75.0,"event_name":"World of Goop","player_choice":"Gather Gold","floor":2.0,"gold_loss":0.0,"damage_taken":11.0},{"cards_removed":["Strike_R"],"damage_healed":0.0,"max_hp_gain":0.0,"max_hp_loss":0.0,"gold_gain":0.0,"event_name":"Beggar","player_choice":"Gave Gold","floor":21.0,"gold_loss":75.0,"damage_taken":0.0},{"damage_healed":0,"gold_gain":75,"player_choice":"Touch","damage_taken":8,"max_hp_gain":0,"max_hp_loss":0,"event_name":"FaceTrader","floor":27,"gold_loss":0}],"is_beta":false,"boss_relics":[{"not_picked":["Runic Pyramid","White Beast Statue"],"picked":"Astrolabe"}],"items_purged_floors":[4,19],"is_endless":false,"potions_floor_spawned":[3,5,11,18,20,29],"killed_by":"Slavers","ascension_level":1}