{"gold_per_floor":[210,210,485,502,520,549,115,115,115,290,313,313,332,344,344,448,448],"floor_reached":17,"playtime":2852,"items_purged":["Regret"],"score":155,"play_id":"d79a3542-8528-48fe-8a9b-fe9d647d1452","local_time":"20190529191151","is_ascension_mode":false,"campfire_choices":[{"data":"Secret Technique","floor":8.0,"key":"SMITH"},{"floor":15.0,"key":"REST"}],"neow_cost":"NONE","seed_source_timestamp":0,"circlet_count":0,"master_deck":["Defend_G","Defend_G","Defend_G","Defend_G","Defend_G","Strike_G","Strike_G","Survivor+1","Neutralize","Noxious Fumes+1","Poisoned Stab","Backflip","Burst+1","Secret Technique+1","Doubt","Leg Sweep","Catalyst","Night Terror","Outmaneuver+1","Dodge and Roll+1","Endless Agony+1"],"special_seed":0,"relics":["Ring of the Snake","Ginger","Gremlin Horn","War Paint","Astrolabe"],"potions_floor_usage":[],"damage_taken":[{"damage":0.0,"enemies":"Small Slimes","floor":1.0,"turns":4.0},{"damage":6.0,"enemies":"Jaw Worm","floor":4.0,"turns":5.0},{"damage":4.0,"enemies":"Cultist","floor":5.0,"turns":5.0},{"damage":20.0,"enemies":"Lagavulin","floor":6.0,"turns":7.0},{"damage":2.0,"enemies":"2 Fungi Beasts","floor":13.0,"turns":4.0},{"damage":2.0,"enemies":"Looter","floor":14.0,"turns":4.0},{"damage":19.0,"enemies":"Hexaghost","floor":16.0,"turns":12.0}],"seed_played":"-9144686325181343902","potions_obtained":[{"floor":1.0,"key":"Block Potion"},{"floor":4.0,"key":"GamblersBrew"},{"floor":14.0,"key":"SkillPotion"}],"is_trial":false,"path_per_floor":["M","?","?","M","M","E","$","R","T","?","T","?","M","M","R","B",null],"character_chosen":"THE_SILENT","items_purchased":["Burst","Secret Technique"],"campfire_rested":1,"item_purchase_floors":[7,7],"current_hp_per_floor":[70,70,70,64,60,40,40,40,40,40,40,15,13,11,32,13,13],"gold":448,"neow_bonus":"HUNDRED_GOLD","is_prod":false,"is_daily":false,"chose_seed":false,"campfire_upgraded":1,"win_rate":0,"timestamp":1559167911,"path_taken":["M","?","?","?","M","E","$","R","T","?","?","?","M","M","R","BOSS"],"build_version":"2019-01-23","purchased_purges":1,"victory":false,"max_hp_per_floor":[70,70,70,70,70,70,70,70,70,70,70,70,70,70,70,70,70],"card_choices":[{"not_picked":["Flechettes","Well Laid Plans"],"picked":"Noxious Fumes","floor":1.0},{"not_picked":["Acrobatics","Outmaneuver"],"picked":"Poisoned Stab","floor":4.0},{"not_picked":["Slice","Blade Dance","Bane"],"picked":"SKIP","floor":5.0},{"not_picked":["Grand Finale","Predator"],"picked":"Backflip","floor":6.0},{"not_picked":["Dodge and Roll","Masterful Stab"],"picked":"Leg Sweep","floor":13.0},{"not_picked":["All Out Attack","Underhanded Strike"],"picked":"Catalyst","floor":14.0},{"not_picked":["Adrenaline","Storm of Steel"],"picked":"Night Terror","floor":16.0}],"player_experience":161988,"relics_obtained":[{"floor":6.0,"key":"Ginger"},{"floor":9.0,"key":"Gremlin Horn"}],"event_choices":[{"damage_healed":0.0,"max_hp_gain":0.0,"max_hp_loss":0.0,"gold_gain":0.0,"event_name":"Living Wall","player_choice":"Grow","floor":2.0,"gold_loss":0.0,"damage_taken":0.0,"cards_upgraded":["Noxious Fumes"]},{"damage_healed":0.0,"max_hp_gain":0.0,"max_hp_loss":0.0,"gold_gain":275.0,"event_name":"Golden Shrine","player_choice":"Desecrate","floor":3.0,"gold_loss":0.0,"damage_taken":0.0,"cards_obtained":["Regret"]},{"damage_healed":0.0,"max_hp_gain":0.0,"max_hp_loss":0.0,"gold_gain":175.0,"event_name":"Liars Game","player_choice":"AGREE","floor":10.0,"gold_loss":0.0,"damage_taken":0.0,"cards_obtained":["Doubt"]},{"damage_healed":0.0,"max_hp_gain":0.0,"max_hp_loss":0.0,"gold_gain":0.0,"event_name":"Scrap Ooze","player_choice":"Success","floor":12.0,"gold_loss":0.0,"damage_taken":25.0,"relics_obtained":["War Paint"]}],"is_beta":false,"boss_relics":[{"not_picked":["White Beast Statue","Black Star"],"picked":"Astrolabe"}],"items_purged_floors":[7],"is_endless":false,"potions_floor_spawned":[1,4,14],"ascension_level":0}