{"gold_per_floor":[119,132,132,146,164,164,198,13,13,13,13,113,131,150,150,229,229,239,253,268,287,304,304,317,21,45,79,79,90,103,103],"floor_reached":31,"playtime":3524,"items_purged":[],"score":434,"play_id":"35891d58-45fa-43f5-ae6b-c8723405aedd","local_time":"20190519023405","is_ascension_mode":true,"campfire_choices":[{"floor":6,"key":"REST"},{"data":"Rainbow","floor":11,"key":"SMITH"},{"floor":15,"key":"REST"},{"floor":23,"key":"REST"},{"data":"Defragment","floor":28,"key":"SMITH"}],"neow_cost":"NONE","seed_source_timestamp":212214598864514,"circlet_count":0,"master_deck":["AscendersBane","Strike_B","Strike_B","Strike_B","Defend_B","Defend_B","Defend_B","Defend_B","Zap","Dualcast","Steam Power","Doom and Gloom","Defragment+1","Defragment","Hyperbeam","Rainbow+1","Cold Snap","Cold Snap","Cold Snap","Echo Form","Glacier","Go for the Eyes","White Noise","Hologram","Conserve Battery+1","Ball Lightning","Turbo","Creative AI","Conserve Battery","Glacier","Glacier+1"],"relics":["Eternal Feather","Mango","Bottled Lightning","Runic Pyramid","Bag of Marbles","Matryoshka"],"potions_floor_usage":[7,7,21,22,27,27,31],"damage_taken":[{"damage":2,"enemies":"Jaw Worm","floor":1,"turns":3},{"damage":6,"enemies":"Cultist","floor":2,"turns":3},{"damage":9,"enemies":"2 Louse","floor":4,"turns":3},{"damage":27,"enemies":"Gremlin Gang","floor":5,"turns":5},{"damage":29,"enemies":"Lagavulin","floor":7,"turns":7},{"damage":9,"enemies":"2 Fungi Beasts","floor":13,"turns":3},{"damage":10,"enemies":"Blue Slaver","floor":14,"turns":4},{"damage":44,"enemies":"Hexaghost","floor":16,"turns":11},{"damage":22,"enemies":"Shell Parasite","floor":18,"turns":5},{"damage":8,"enemies":"Chosen","floor":19,"turns":4},{"damage":13,"enemies":"Snake Plant","floor":20,"turns":6},{"damage":14,"enemies":"Centurion and Healer","floor":21,"turns":7},{"damage":13,"enemies":"3 Cultists","floor":22,"turns":5},{"damage":5,"enemies":"Sentry and Sphere","floor":24,"turns":7},{"damage":9,"enemies":"Gremlin Leader","floor":27,"turns":8},{"damage":29,"enemies":"Snecko","floor":29,"turns":6},{"damage":7,"enemies":"Centurion and Healer","floor":30,"turns":7},{"damage":9,"enemies":"Snake Plant","floor":31,"turns":1}],"seed_played":"6574953439577331088","potions_obtained":[{"floor":1,"key":"Strength Potion"},{"floor":2,"key":"LiquidBronze"},{"floor":5,"key":"Energy Potion"},{"floor":7,"key":"Explosive Potion"},{"floor":20,"key":"SkillPotion"},{"floor":22,"key":"Fire Potion"},{"floor":27,"key":"PowerPotion"},{"floor":30,"key":"SteroidPotion"}],"is_trial":false,"path_per_floor":["?","M","$","?","M"],"character_chosen":"DEFECT","items_purchased":["Rainbow","Cold Snap","Turbo","Creative AI","Block Potion","Conserve Battery"],"campfire_rested":3,"item_purchase_floors":[8,8,25,25,25,25],"current_hp_per_floor":[66,60,60,51,24,52,37,37,37,37,46,46,37,27,62,18,71,49,41,28,14,1,42,37,37,37,28,43,14,7,0],"gold":103,"neow_bonus":"BOSS_RELIC","is_prod":false,"is_daily":false,"chose_seed":false,"campfire_upgraded":2,"win_rate":0,"timestamp":1558247645,"path_taken":["M","M","?","M","?","R","E","$","T","?","R","?","M","M","R","BOSS","M","M","M","M","M","R","M","$","T","E","R","M","?","M"],"build_version":"2019-01-23","purchased_purges":0,"victory":false,"max_hp_per_floor":[75,75,75,75,75,75,89,89,89,89,89,89,89,89,89,89,89,89,89,89,89,89,89,89,89,89,89,89,89,89,89],"card_choices":[{"not_picked":["Force Field","Reprogram"],"picked":"Steam Power","floor":1},{"not_picked":["Loop","Hologram"],"picked":"Doom and Gloom","floor":2},{"not_picked":["Stack","Gash"],"picked":"Defragment","floor":4},{"not_picked":["Conserve Battery","Compile Driver"],"picked":"Defragment","floor":5},{"not_picked":["Recycle","Gash"],"picked":"Hyperbeam","floor":7},{"not_picked":["Leap","Compile Driver"],"picked":"Cold Snap","floor":13},{"not_picked":["Melter","Streamline"],"picked":"Cold Snap","floor":14},{"not_picked":["Amplify","Biased Cognition"],"picked":"Echo Form","floor":16},{"not_picked":["Cold Snap","Streamline"],"picked":"Glacier","floor":18},{"not_picked":["Ball Lightning","Turbo"],"picked":"Go for the Eyes","floor":19},{"not_picked":["Compile Driver","Rainbow"],"picked":"White Noise","floor":20},{"not_picked":["Storm","Cold Snap+1"],"picked":"Hologram","floor":21},{"not_picked":["FTL","Gash"],"picked":"Conserve Battery+1","floor":22},{"not_picked":["Leap","Coolheaded"],"picked":"Ball Lightning","floor":24},{"not_picked":["Fusion","Rip and Tear","Steam Power"],"picked":"SKIP","floor":27},{"not_picked":["Hologram+1","Sunder"],"picked":"Glacier","floor":29},{"not_picked":["Coolheaded","Streamline"],"picked":"Glacier+1","floor":30}],"player_experience":560626,"relics_obtained":[{"floor":7,"key":"Mango"},{"floor":9,"key":"Bottled Lightning"},{"floor":26,"key":"Bag of Marbles"},{"floor":27,"key":"Matryoshka"}],"event_choices":[{"cards_removed":["Strike_B"],"damage_healed":0,"gold_gain":0,"player_choice":"Purged","damage_taken":0,"max_hp_gain":0,"max_hp_loss":0,"event_name":"Purifier","floor":3,"gold_loss":0},{"damage_healed":0,"gold_gain":100,"player_choice":"Pray","damage_taken":0,"max_hp_gain":0,"max_hp_loss":0,"event_name":"Golden Shrine","floor":12,"gold_loss":0}],"is_beta":false,"boss_relics":[{"not_picked":["Empty Cage","Tiny House"],"picked":"Runic Pyramid"}],"items_purged_floors":[],"is_endless":false,"potions_floor_spawned":[1,2,5,7,20,22,27,30],"killed_by":"Snake Plant","ascension_level":13}