{"gold_per_floor":[114,131,131,4,18,52,52,81,81,110,110,110,127,139,139,243,243,261,272,289,136,136,136,170,188,214,214,233,233,29,62,62,163,163,181,19,36,55,55],"floor_reached":39,"playtime":1237,"items_purged":["Strike_G","Strike_G"],"score":774,"play_id":"7a86d40b-f39c-4f1b-9855-947fabac21c2","local_time":"20190408225342","is_ascension_mode":true,"campfire_choices":[{"data":"Neutralize","floor":7.0,"key":"SMITH"},{"floor":12.0,"key":"REST"},{"data":"Poisoned Stab","floor":15.0,"key":"SMITH"},{"data":"Catalyst","floor":23.0,"key":"SMITH"},{"floor":27.0,"key":"REST"},{"data":"Deadly Poison","floor":32.0,"key":"SMITH"}],"neow_cost":"TEN_PERCENT_HP_LOSS","seed_source_timestamp":8830016302192,"circlet_count":0,"master_deck":["AscendersBane","Defend_G","Defend_G","Defend_G","Defend_G","Strike_G","Strike_G","Survivor","Neutralize+1","Blade Dance","Noxious Fumes+1","Noxious Fumes+1","Poisoned Stab+1","Crippling Poison","Adrenaline","Catalyst+1","Deadly Poison+1","Corpse Explosion","Bouncing Flask+1","Catalyst+1"],"special_seed":0,"relics":["Ring of the Snake","Gremlin Horn","Thread and Needle","Calipers","Ginger","Black Star","Smiling Mask","The Courier","Bronze Scales","ClockworkSouvenir","Ancient Tea Set","Potion Belt","Sozu","DollysMirror"],"potions_floor_usage":[39],"damage_taken":[{"damage":4.0,"enemies":"Jaw Worm","floor":1.0,"turns":5.0},{"damage":0.0,"enemies":"Cultist","floor":2.0,"turns":4.0},{"damage":9.0,"enemies":"2 Louse","floor":5.0,"turns":3.0},{"damage":21.0,"enemies":"Lagavulin","floor":6.0,"turns":7.0},{"damage":26.0,"enemies":"3 Sentries","floor":8.0,"turns":8.0},{"damage":1.0,"enemies":"Lagavulin","floor":10.0,"turns":7.0},{"damage":0.0,"enemies":"Exordium Wildlife","floor":13.0,"turns":3.0},{"damage":14.0,"enemies":"Large Slime","floor":14.0,"turns":6.0},{"damage":0.0,"enemies":"Hexaghost","floor":16.0,"turns":8.0},{"damage":0.0,"enemies":"3 Byrds","floor":18.0,"turns":5.0},{"damage":0.0,"enemies":"Chosen","floor":19.0,"turns":4.0},{"damage":21.0,"enemies":"Shelled Parasite and Fungi","floor":20.0,"turns":6.0},{"damage":21.0,"enemies":"Slavers","floor":24.0,"turns":5.0},{"damage":22.0,"enemies":"Snake Plant","floor":25.0,"turns":5.0},{"damage":3.0,"enemies":"Centurion and Healer","floor":28.0,"turns":3.0},{"damage":5.0,"enemies":"Gremlin Leader","floor":31.0,"turns":5.0},{"damage":34.0,"enemies":"Collector","floor":33.0,"turns":4.0},{"damage":34.0,"enemies":"3 Darklings","floor":35.0,"turns":3.0},{"damage":0.0,"enemies":"3 Shapes","floor":37.0,"turns":3.0},{"damage":0.0,"enemies":"Maw","floor":38.0,"turns":3.0},{"damage":19,"enemies":"Sphere and 2 Shapes","floor":39,"turns":3}],"seed_played":"5921133132912815881","potions_obtained":[{"floor":2.0,"key":"Regen Potion"},{"floor":5.0,"key":"SpeedPotion"},{"floor":13.0,"key":"Ancient Potion"},{"floor":16.0,"key":"Regen Potion"},{"floor":20.0,"key":"AttackPotion"},{"floor":24.0,"key":"Dexterity Potion"},{"floor":31.0,"key":"Regen Potion"},{"floor":33.0,"key":"FearPotion"}],"is_trial":false,"path_per_floor":["M","M","?","$","M","E","R","E","T","E","?","R","M","M","R","B",null,"M","M","M","$","?","R","E","M","T","R","M","?","$","E","R","B",null,"M","$","M","M","M"],"character_chosen":"THE_SILENT","items_purchased":["Noxious Fumes","Poisoned Stab","Corpse Explosion","ClockworkSouvenir","DollysMirror"],"campfire_rested":2,"item_purchase_floors":[4,4,21,30,36],"current_hp_per_floor":[59,59,59,59,50,44,44,18,18,17,17,35,35,21,21,21,53,53,53,32,32,32,32,26,4,4,22,19,40,40,35,35,15,51,17,17,17,17,0],"gold":55,"neow_bonus":"REMOVE_TWO","is_prod":false,"is_daily":false,"chose_seed":false,"campfire_upgraded":4,"win_rate":0,"timestamp":1554756822,"path_taken":["M","M","?","$","M","E","R","E","T","E","?","R","M","M","R","BOSS","M","?","M","$","?","R","E","M","T","R","M","?","?","E","R","BOSS","M","$","M","M","M"],"build_version":"2019-01-23","purchased_purges":2,"victory":false,"max_hp_per_floor":[63,63,63,63,63,63,63,63,63,63,63,63,63,63,63,63,63,63,63,63,63,63,63,63,63,63,63,63,63,63,63,63,63,63,63,63,63,63,63],"card_choices":[{"not_picked":["Dodge and Roll","Underhanded Strike"],"picked":"Blade Dance","floor":1.0},{"not_picked":["Deflect","Sucker Punch"],"picked":"Noxious Fumes","floor":2.0},{"not_picked":["PiercingWail","Underhanded Strike","Eviscerate"],"picked":"SKIP","floor":5.0},{"not_picked":["Sucker Punch","Skewer","Slice"],"picked":"SKIP","floor":6.0},{"not_picked":["PiercingWail","Dagger Throw","All Out Attack"],"picked":"SKIP","floor":8.0},{"not_picked":["Sucker Punch","Concentrate"],"picked":"Crippling Poison","floor":10.0},{"not_picked":["Tactician","Terror","Finisher"],"picked":"SKIP","floor":13.0},{"not_picked":["Bane","Escape Plan"],"picked":"Adrenaline","floor":14.0},{"not_picked":["Prepared+1","Reflex+1"],"picked":"Catalyst","floor":18.0},{"not_picked":["Sucker Punch","Slice"],"picked":"Deadly Poison","floor":19.0},{"not_picked":["Dodge and Roll","Leg Sweep","Finisher+1"],"picked":"SKIP","floor":20.0},{"not_picked":["Expertise","Underhanded Strike","Outmaneuver"],"picked":"SKIP","floor":24.0},{"not_picked":["Dagger Throw","Blade Dance","Prepared"],"picked":"SKIP","floor":25.0},{"not_picked":["Outmaneuver","Poisoned Stab"],"picked":"Bouncing Flask+1","floor":28.0},{"not_picked":["Phantasmal Killer","Poisoned Stab+1","Blade Dance"],"picked":"SKIP","floor":31.0},{"not_picked":["Flechettes","Endless Agony+1","Flying Knee+1"],"picked":"SKIP","floor":35.0},{"not_picked":["PiercingWail+1","Endless Agony+1","Cloak And Dagger"],"picked":"SKIP","floor":37.0},{"not_picked":["Cloak And Dagger+1","Acrobatics","Dash"],"picked":"SKIP","floor":38.0}],"player_experience":159888,"relics_obtained":[{"floor":6.0,"key":"Gremlin Horn"},{"floor":8.0,"key":"Thread and Needle"},{"floor":9.0,"key":"Calipers"},{"floor":10.0,"key":"Ginger"},{"floor":24.0,"key":"Smiling Mask"},{"floor":24.0,"key":"The Courier"},{"floor":26.0,"key":"Bronze Scales"},{"floor":31.0,"key":"Ancient Tea Set"},{"floor":31.0,"key":"Potion Belt"}],"event_choices":[{"damage_healed":0.0,"max_hp_gain":0.0,"max_hp_loss":0.0,"gold_gain":0.0,"event_name":"Living Wall","player_choice":"Grow","floor":3.0,"gold_loss":0.0,"damage_taken":0.0,"cards_upgraded":["Noxious Fumes"]},{"damage_healed":0.0,"max_hp_gain":0.0,"max_hp_loss":0.0,"gold_gain":0.0,"event_name":"Accursed Blacksmith","player_choice":"Forge","floor":11.0,"gold_loss":0.0,"damage_taken":0.0,"cards_upgraded":["Noxious Fumes"]},{"damage_healed":0.0,"max_hp_gain":0.0,"max_hp_loss":0.0,"gold_gain":0.0,"event_name":"Vampires","player_choice":"Ignored","floor":22.0,"gold_loss":0.0,"damage_taken":0.0},{"damage_healed":21.0,"max_hp_gain":0.0,"max_hp_loss":0.0,"gold_gain":0.0,"event_name":"The Library","player_choice":"Heal","floor":29.0,"gold_loss":0.0,"damage_taken":0.0}],"is_beta":false,"boss_relics":[{"not_picked":["Astrolabe","Orrery"],"picked":"Black Star"},{"not_picked":["Snecko Eye","HoveringKite"],"picked":"Sozu"}],"items_purged_floors":[21,30],"is_endless":false,"potions_floor_spawned":[2,5,13,16,20,24,31,33,35],"killed_by":"Sphere and 2 Shapes","ascension_level":10}