{"gold_per_floor":[112,112,130,55,70,70,397,54,54,54,65,65,98,98,98,200,200,210,260,273,122,135,168,168,179,226,101,101,200,213,227,227,324,324,344,344,49,49,49,49,59,59,86,119,119,131,28,28,28,28],"floor_reached":51,"playtime":1635,"items_purged":["Strike_B","Defend_B","Strike_B","Zap+1"],"score":776,"play_id":"838985a1-ede8-492e-97ae-c80d084721ec","local_time":"20190202070714","is_ascension_mode":false,"campfire_choices":[{"data":"Streamline","floor":6.0,"key":"SMITH"},{"data":"Coolheaded","floor":10.0,"key":"SMITH"},{"data":"Dualcast","floor":12.0,"key":"SMITH"},{"data":"Coolheaded","floor":15.0,"key":"SMITH"},{"floor":24.0,"key":"REST"},{"data":"Gash","floor":32.0,"key":"SMITH"},{"floor":40.0,"key":"REST"},{"floor":45.0,"key":"REST"},{"data":"Gash","floor":49,"key":"SMITH"}],"neow_cost":"NONE","seed_source_timestamp":368021861009621,"circlet_count":0,"master_deck":["Defend_B+1","Defend_B+1","Dualcast+1","Coolheaded+1","Streamline+1","Coolheaded+1","Coolheaded+1","Gash+1","Gash+1"],"special_seed":0,"relics":["Cracked Core","Old Coin","Runic Capacitor","Gambling Chip","Blood Vial","Empty Cage","War Paint","Bird Faced Urn","Orichalcum","Ornamental Fan","Sozu","Emotion Chip","Matryoshka","Anchor","Smiling Mask","Pen Nib"],"potions_floor_usage":[50],"damage_taken":[{"damage":1.0,"enemies":"Jaw Worm","floor":1.0,"turns":2.0},{"damage":1.0,"enemies":"2 Louse","floor":3.0,"turns":2.0},{"damage":0.0,"enemies":"Cultist","floor":5.0,"turns":3.0},{"damage":14.0,"enemies":"Gremlin Nob","floor":7.0,"turns":3.0},{"damage":5.0,"enemies":"Looter","floor":11.0,"turns":2.0},{"damage":8.0,"enemies":"Lagavulin","floor":13.0,"turns":4.0},{"damage":21.0,"enemies":"Hexaghost","floor":16.0,"turns":12.0},{"damage":10.0,"enemies":"Shell Parasite","floor":18.0,"turns":4.0},{"damage":9.0,"enemies":"3 Byrds","floor":20.0,"turns":4.0},{"damage":0.0,"enemies":"Snecko","floor":22.0,"turns":5.0},{"damage":14.0,"enemies":"Book of Stabbing","floor":23.0,"turns":8.0},{"damage":0.0,"enemies":"Centurion and Healer","floor":25.0,"turns":7.0},{"damage":3.0,"enemies":"Cultist and Chosen","floor":30.0,"turns":7.0},{"damage":7.0,"enemies":"Snake Plant","floor":31.0,"turns":5.0},{"damage":4.0,"enemies":"Automaton","floor":33.0,"turns":10.0},{"damage":0.0,"enemies":"Orb Walker","floor":35.0,"turns":3.0},{"damage":5.0,"enemies":"3 Shapes","floor":41.0,"turns":4.0},{"damage":23.0,"enemies":"Nemesis","floor":44.0,"turns":9.0},{"damage":0.0,"enemies":"3 Darklings","floor":46.0,"turns":4.0},{"damage":4,"enemies":"Donu and Deca","floor":50,"turns":7}],"seed_played":"-280412626158004499","potions_obtained":[{"floor":5.0,"key":"PowerPotion"},{"floor":11.0,"key":"Dexterity Potion"},{"floor":13.0,"key":"Swift Potion"},{"floor":20.0,"key":"PowerPotion"},{"floor":25.0,"key":"Block Potion"},{"floor":31.0,"key":"Regen Potion"}],"is_trial":false,"path_per_floor":["M","?","M","$","M","R","E","$","T","R","M","R","E","$","R","B",null,"M","?","M","$","M","E","R","M","T","$","?","?","M","M","R","B",null,"M","?","$","T","?","R","M","?","T","E","R","M","$","$","R","B",null],"character_chosen":"DEFECT","items_purchased":["Runic Capacitor","Coolheaded","War Paint","Emotion Chip","Gash"],"campfire_rested":3,"item_purchase_floors":[8,8,21,37,47],"current_hp_per_floor":[74,74,73,73,73,73,59,59,59,59,54,54,46,46,46,27,75,65,65,58,58,60,48,70,74,74,74,74,74,72,68,68,68,75,75,75,75,75,75,75,70,70,70,51,73,75,75,75,75,71],"gold":28,"neow_bonus":"UPGRADE_CARD","is_prod":false,"is_daily":false,"chose_seed":false,"campfire_upgraded":6,"win_rate":0,"timestamp":1549087634,"path_taken":["M","?","M","?","M","R","E","$","T","R","M","R","E","$","R","BOSS","M","?","?","$","M","E","R","M","T","$","?","?","M","M","R","BOSS","M","?","$","?","?","R","M","?","T","E","R","M","$","?","R","BOSS"],"build_version":"2019-01-23","purchased_purges":4,"victory":true,"max_hp_per_floor":[75,75,75,75,75,75,75,75,75,75,75,75,75,75,75,75,75,75,75,75,75,75,75,75,75,75,75,75,75,75,75,75,75,75,75,75,75,75,75,75,75,75,75,75,75,75,75,75,75,75],"card_choices":[{"not_picked":["Streamline","Skim"],"picked":"Coolheaded","floor":1.0},{"not_picked":["Sunder","Barrage"],"picked":"Streamline","floor":3.0},{"not_picked":["Compile Driver","Melter","Reprogram"],"picked":"SKIP","floor":5.0},{"not_picked":["Barrage","Rebound","Ball Lightning"],"picked":"SKIP","floor":7.0},{"not_picked":["Redo","Tempest","Auto Shields"],"picked":"SKIP","floor":11.0},{"not_picked":["Conserve Battery","Redo","Compile Driver"],"picked":"SKIP","floor":13.0},{"not_picked":["Conserve Battery","Compile Driver"],"picked":"Coolheaded+1","floor":18.0},{"not_picked":["Loop+1","Genetic Algorithm"],"picked":"Defragment+1","floor":20.0},{"not_picked":["Storm","Go for the Eyes"],"picked":"Gash","floor":22.0},{"not_picked":["Go for the Eyes+1","Thunder Strike","Cold Snap+1"],"picked":"SKIP","floor":23.0},{"not_picked":["Double Energy","Ball Lightning","Go for the Eyes+1"],"picked":"SKIP","floor":25.0},{"not_picked":["Leap","Skim","Hologram"],"picked":"SKIP","floor":30.0},{"not_picked":["Self Repair+1","Consume","Storm+1"],"picked":"SKIP","floor":31.0},{"not_picked":["Hologram","Steam","Cold Snap+1"],"picked":"SKIP","floor":35.0},{"not_picked":["Reprogram","Sweeping Beam","Barrage"],"picked":"SKIP","floor":41.0},{"not_picked":["Defragment+1","Darkness+1","Turbo"],"picked":"SKIP","floor":44.0},{"not_picked":["Self Repair+1","Stack+1","Scrape+1"],"picked":"SKIP","floor":46.0}],"player_experience":59356,"relics_obtained":[{"floor":7.0,"key":"Old Coin"},{"floor":9.0,"key":"Gambling Chip"},{"floor":13.0,"key":"Blood Vial"},{"floor":23.0,"key":"Bird Faced Urn"},{"floor":26.0,"key":"Orichalcum"},{"floor":38.0,"key":"Matryoshka"},{"floor":43.0,"key":"Anchor"},{"floor":43.0,"key":"Smiling Mask"},{"floor":44.0,"key":"Pen Nib"}],"event_choices":[{"cards_removed":["Strike_B"],"damage_healed":0.0,"max_hp_gain":0.0,"max_hp_loss":0.0,"gold_gain":0.0,"event_name":"Living Wall","player_choice":"Forget","floor":2.0,"gold_loss":0.0,"damage_taken":0.0},{"damage_healed":0.0,"max_hp_gain":0.0,"max_hp_loss":0.0,"gold_gain":100.0,"event_name":"The Joust","player_choice":"Bet on Murderer","floor":19.0,"gold_loss":50.0,"damage_taken":0.0},{"damage_healed":0.0,"max_hp_gain":0.0,"max_hp_loss":0.0,"gold_gain":0.0,"event_name":"The Mausoleum","player_choice":"Opened","floor":28.0,"gold_loss":0.0,"damage_taken":0.0,"relics_obtained":["Ornamental Fan"]},{"damage_healed":0.0,"max_hp_gain":0.0,"max_hp_loss":0.0,"gold_gain":99.0,"event_name":"Nest","player_choice":"Stole From Cult","floor":29.0,"gold_loss":0.0,"damage_taken":0.0},{"damage_healed":0.0,"max_hp_gain":0.0,"max_hp_loss":0.0,"gold_gain":0.0,"event_name":"Tomb of Lord Red Mask","player_choice":"Ignored","floor":36.0,"gold_loss":0.0,"damage_taken":0.0},{"damage_healed":0.0,"max_hp_gain":0.0,"max_hp_loss":0.0,"gold_gain":0.0,"event_name":"Mysterious Sphere","player_choice":"Ignored","floor":39.0,"gold_loss":0.0,"damage_taken":0.0},{"cards_removed":["Defragment"],"damage_healed":0.0,"max_hp_gain":0.0,"max_hp_loss":0.0,"gold_gain":0.0,"event_name":"Falling","player_choice":"Removed Power","floor":42.0,"gold_loss":0.0,"damage_taken":0.0}],"is_beta":false,"boss_relics":[{"not_picked":["Astrolabe","Coffee Dripper"],"picked":"Empty Cage"},{"not_picked":["Runic Dome","Snecko Eye"],"picked":"Sozu"}],"items_purged_floors":[4,8,27,47],"is_endless":false,"potions_floor_spawned":[5,11,13,18,20,25,31,46],"ascension_level":0}