{"gold_per_floor":[119,133,153,328,14,14,27,27,27,46,78,78,110,138,138,214,214,233,246,246,19,38,38,71,89,114,130,130,130,158,183,183,261,261,280,280,380,380,399,428,428,460,460,3,18,68,95,95,95,95],"floor_reached":51,"playtime":4976,"items_purged":["Doubt"],"score":1509,"play_id":"661a0742-e144-462b-80a9-fbe52b29dc2c","local_time":"20190519170618","is_ascension_mode":true,"campfire_choices":[{"data":"Armaments","floor":6,"key":"SMITH"},{"data":"Havoc","floor":12,"key":"SMITH"},{"data":"Limit Break","floor":15,"key":"SMITH"},{"floor":23,"key":"REST"},{"floor":29,"key":"REST"},{"floor":32,"key":"REST"},{"floor":49,"key":"DIG"}],"neow_cost":"PERCENT_DAMAGE","seed_source_timestamp":38558664392821,"circlet_count":0,"master_deck":["AscendersBane","Strike_R","Strike_R","Strike_R","Defend_R","Defend_R","Defend_R","Defend_R","Bash","Heavy Blade","Armaments+1","Havoc+1","Spot Weakness","Headbutt","Heavy Blade","Limit Break+1","Ghostly Armor","Sentinel","Armaments","Impervious","Corruption","Inflame","Metallicize","Heavy Blade","Limit Break","Shrug It Off","Armaments","Reaper","Shrug It Off","Dual Wield","Uppercut","True Grit+1","Pummel","Barricade","Transmutation","Entrench","Infernal Blade+1"],"relics":["Burning Blood","Vajra","Blue Candle","Gremlin Horn","Art of War","Odd Mushroom","Fusion Hammer","Brimstone","Bottled Flame","Potion Belt","Anchor","Orichalcum","Oddly Smooth Stone","Coffee Dripper","Gambling Chip","Bag of Marbles","FossilizedHelix","Prayer Wheel","Incense Burner","Shovel","PreservedInsect","Pear","Mummified Hand"],"potions_floor_usage":[13,16,41,50,50,50],"damage_taken":[{"damage":3,"enemies":"Jaw Worm","floor":1,"turns":5},{"damage":0,"enemies":"2 Louse","floor":2,"turns":2},{"damage":6,"enemies":"Cultist","floor":3,"turns":4},{"damage":9,"enemies":"Blue Slaver","floor":7,"turns":4},{"damage":1,"enemies":"2 Fungi Beasts","floor":10,"turns":4},{"damage":35,"enemies":"Lagavulin","floor":11,"turns":6},{"damage":0,"enemies":"Gremlin Nob","floor":13,"turns":3},{"damage":4,"enemies":"The Mushroom Lair","floor":14,"turns":2},{"damage":51,"enemies":"Hexaghost","floor":16,"turns":8},{"damage":4,"enemies":"Spheric Guardian","floor":18,"turns":5},{"damage":24,"enemies":"3 Byrds","floor":19,"turns":6},{"damage":27,"enemies":"Sentry and Sphere","floor":22,"turns":5},{"damage":17,"enemies":"Slavers","floor":24,"turns":5},{"damage":28,"enemies":"Centurion and Healer","floor":25,"turns":4},{"damage":8,"enemies":"3 Cultists","floor":27,"turns":4},{"damage":1,"enemies":"Gremlin Leader","floor":30,"turns":4},{"damage":0,"enemies":"Champ","floor":33,"turns":6},{"damage":21,"enemies":"3 Darklings","floor":35,"turns":4},{"damage":0,"enemies":"Mind Bloom Boss Battle","floor":37,"turns":4},{"damage":0,"enemies":"Orb Walker","floor":39,"turns":3},{"damage":0,"enemies":"Nemesis","floor":40,"turns":5},{"damage":0,"enemies":"Transient","floor":41,"turns":5},{"damage":6,"enemies":"Giant Head","floor":42,"turns":4},{"damage":0,"enemies":"Spire Growth","floor":45,"turns":4},{"damage":4,"enemies":"2 Orb Walkers","floor":46,"turns":4},{"damage":47,"enemies":"Nemesis","floor":47,"turns":7},{"damage":7,"enemies":"Awakened One","floor":50,"turns":8}],"seed_played":"7924850638796342467","potions_obtained":[{"floor":1,"key":"SmokeBomb"},{"floor":3,"key":"Fire Potion"},{"floor":13,"key":"Regen Potion"},{"floor":22,"key":"LiquidBronze"},{"floor":25,"key":"SteroidPotion"},{"floor":27,"key":"EssenceOfSteel"},{"floor":30,"key":"Ancient Potion"},{"floor":35,"key":"Weak Potion"},{"floor":42,"key":"Swift Potion"},{"floor":45,"key":"EssenceOfSteel"}],"is_trial":false,"path_per_floor":["?","?","M","?","?","?","T","?","?","?","M","?","T"],"character_chosen":"IRONCLAD","items_purchased":["Spot Weakness","Vajra","Headbutt","Brimstone","Metallicize","Incense Burner","Transmutation"],"campfire_rested":3,"item_purchase_floors":[5,5,5,21,21,44,44],"current_hp_per_floor":[67,73,73,73,73,73,70,70,70,75,46,46,52,54,54,21,72,74,56,56,56,35,61,50,28,28,26,26,52,57,57,83,89,89,89,89,89,89,89,89,89,89,89,89,89,89,70,80,80,79],"gold":95,"neow_bonus":"TWENTY_PERCENT_HP_BONUS","is_prod":false,"is_daily":false,"chose_seed":false,"campfire_upgraded":3,"win_rate":0,"timestamp":1558299978,"path_taken":["M","M","M","?","$","R","M","?","T","?","E","R","E","?","R","BOSS","M","M","?","$","M","R","E","M","T","M","?","R","E","?","R","BOSS","M","?","?","?","M","E","M","E","T","$","?","?","E","?","R","BOSS"],"build_version":"2019-01-23","purchased_purges":1,"victory":true,"max_hp_per_floor":[89,89,89,89,89,89,89,89,89,89,89,89,89,89,89,89,89,89,89,89,89,89,89,89,89,89,89,89,89,89,89,89,89,89,89,89,89,89,89,89,89,89,89,89,89,89,89,99,99,99],"card_choices":[{"not_picked":["Perfected Strike","Body Slam"],"picked":"Heavy Blade","floor":1},{"not_picked":["Combust","Thunderclap"],"picked":"Armaments","floor":2},{"not_picked":["Clash","Bloodletting"],"picked":"Havoc","floor":3},{"not_picked":["Iron Wave","Perfected Strike"],"picked":"Heavy Blade","floor":7},{"not_picked":["Infernal Blade","Perfected Strike"],"picked":"Limit Break","floor":10},{"not_picked":["Thunderclap","Heavy Blade"],"picked":"Ghostly Armor","floor":11},{"not_picked":["Cleave","Clash"],"picked":"Sentinel","floor":13},{"not_picked":["Clash","Perfected Strike"],"picked":"Armaments","floor":14},{"not_picked":["Immolate","Juggernaut"],"picked":"Impervious","floor":16},{"not_picked":["Iron Wave","Armaments"],"picked":"Corruption","floor":18},{"not_picked":["Carnage","Intimidate"],"picked":"Inflame","floor":19},{"not_picked":["Searing Blow","Thunderclap"],"picked":"Heavy Blade","floor":22},{"not_picked":["Sword Boomerang","Rupture"],"picked":"Limit Break","floor":24},{"not_picked":["Flex","Anger"],"picked":"Shrug It Off","floor":25},{"not_picked":["Combust","Inflame","Anger"],"picked":"SKIP","floor":27},{"not_picked":["Anger","Sentinel"],"picked":"Armaments","floor":30},{"not_picked":["Fiend Fire","Exhume"],"picked":"Reaper","floor":33},{"not_picked":["Twin Strike","Pummel"],"picked":"Shrug It Off","floor":35},{"not_picked":["Armaments+1","Spot Weakness"],"picked":"Dual Wield","floor":37},{"not_picked":["Spot Weakness","Searing Blow"],"picked":"True Grit+1","floor":39},{"not_picked":["Thunderclap","Anger"],"picked":"Pummel","floor":40},{"not_picked":["Havoc","Pummel"],"picked":"Barricade","floor":42},{"not_picked":["Spot Weakness","Flex+1"],"picked":"Entrench","floor":45},{"not_picked":["Thunderclap+1","Clash","Perfected Strike"],"picked":"SKIP","floor":45},{"not_picked":["Twin Strike","Clash"],"picked":"Infernal Blade+1","floor":46},{"not_picked":["Pommel Strike","Cleave","Twin Strike+1"],"picked":"SKIP","floor":47}],"player_experience":573177,"relics_obtained":[{"floor":9,"key":"Blue Candle"},{"floor":11,"key":"Gremlin Horn"},{"floor":13,"key":"Art of War"},{"floor":14,"key":"Odd Mushroom"},{"floor":24,"key":"Bottled Flame"},{"floor":26,"key":"Potion Belt"},{"floor":30,"key":"Orichalcum"},{"floor":31,"key":"Oddly Smooth Stone"},{"floor":37,"key":"Gambling Chip"},{"floor":40,"key":"Bag of Marbles"},{"floor":42,"key":"FossilizedHelix"},{"floor":43,"key":"Prayer Wheel"},{"floor":46,"key":"Shovel"},{"floor":47,"key":"PreservedInsect"},{"floor":48,"key":"Pear"},{"floor":49,"key":"Mummified Hand"}],"event_choices":[{"damage_healed":0,"gold_gain":175,"player_choice":"AGREE","damage_taken":0,"max_hp_gain":0,"max_hp_loss":0,"event_name":"Liars Game","floor":4,"gold_loss":0,"cards_obtained":["Doubt"]},{"cards_removed":["Strike_R"],"damage_healed":0,"gold_gain":0,"player_choice":"Purged","damage_taken":0,"max_hp_gain":0,"max_hp_loss":0,"event_name":"Purifier","floor":8,"gold_loss":0},{"damage_healed":0,"gold_gain":0,"player_choice":"Fought Mushrooms","damage_taken":0,"max_hp_gain":0,"max_hp_loss":0,"event_name":"Mushrooms","floor":14,"gold_loss":0},{"damage_healed":0,"gold_gain":0,"player_choice":"Ignored","damage_taken":0,"max_hp_gain":0,"max_hp_loss":0,"event_name":"Ghosts","floor":20,"gold_loss":0},{"damage_healed":0,"gold_gain":0,"player_choice":"Opened","damage_taken":0,"relics_obtained":["Anchor"],"max_hp_gain":0,"max_hp_loss":0,"event_name":"The Mausoleum","floor":28,"gold_loss":0},{"damage_healed":0,"gold_gain":0,"player_choice":"Ignored","damage_taken":0,"max_hp_gain":0,"max_hp_loss":0,"event_name":"Tomb of Lord Red Mask","floor":36,"gold_loss":0},{"damage_healed":0,"gold_gain":0,"player_choice":"Fight","damage_taken":0,"max_hp_gain":0,"max_hp_loss":0,"event_name":"MindBloom","floor":37,"gold_loss":0},{"damage_healed":0,"gold_gain":0,"cards_transformed":["Strike_R"],"player_choice":"Transformed","damage_taken":0,"max_hp_gain":0,"max_hp_loss":0,"event_name":"Transmorgrifier","floor":38,"gold_loss":0,"cards_obtained":["Uppercut"]},{"damage_healed":0,"gold_gain":0,"player_choice":"Fight","damage_taken":0,"max_hp_gain":0,"max_hp_loss":0,"event_name":"Mysterious Sphere","floor":46,"gold_loss":0}],"is_beta":false,"boss_relics":[{"not_picked":["Runic Pyramid","Tiny House"],"picked":"Fusion Hammer"},{"not_picked":["Astrolabe","Busted Crown"],"picked":"Coffee Dripper"}],"items_purged_floors":[5],"is_endless":false,"potions_floor_spawned":[1,3,7,13,22,25,27,30,35,37,41,42,45],"ascension_level":14}