{"gold_per_floor":[114,45,91,106,106,135,135,162,462,432,432,458,473,493,493,565,565,578,205,205,219,236,236,236],"floor_reached":24,"playtime":1190,"items_purged":["Strike_R"],"score":375,"play_id":"359469d7-c853-4d86-be51-81b0969c43ae","local_time":"20180821101535","is_ascension_mode":true,"campfire_choices":[{"data":"Bash","floor":7,"key":"SMITH"},{"data":"Wild Strike","floor":11,"key":"SMITH"},{"data":"Strike_R","floor":15,"key":"PURGE"},{"data":"Flame Barrier","floor":23,"key":"SMITH"}],"neow_cost":"NONE","seed_source_timestamp":263125637171275,"circlet_count":0,"master_deck":["Strike_R","Strike_R","Strike_R","Defend_R","Defend_R","Defend_R","Defend_R","Bash+1","AscendersBane","Wild Strike+1","Rampage","ReplayTheSpireMod:Strike From Hell","Amnesia","Headbutt","Shrug It Off","Exhume+1","Disarm","Shrug It Off+1","Flame Barrier+1"],"relics":["Burning Blood","Oddly Smooth Stone","Ring of Searing","Golden Egg","ReplayFunnel","Old Coin","Letter Opener","Ring of Chaos","Gremlin Horn"],"potions_floor_usage":[6,12,14,16,16,22,24],"damage_taken":[{"damage":1,"enemies":"Cultist","floor":1,"turns":3},{"damage":0,"enemies":"Small Slimes","floor":4,"turns":3},{"damage":33,"enemies":"Lagavulin","floor":6,"turns":5},{"damage":10,"enemies":"Erikyupuro","floor":8,"turns":8},{"damage":16,"enemies":"3 Sentries","floor":12,"turns":8},{"damage":0,"enemies":"Jaw Worm","floor":13,"turns":3},{"damage":16,"enemies":"Lots of Slimes","floor":14,"turns":4},{"damage":17,"enemies":"Hexaghost","floor":16,"turns":7},{"damage":41,"enemies":"2 Thieves","floor":18,"turns":4},{"damage":6,"enemies":"Chosen","floor":21,"turns":5},{"damage":26,"enemies":"Snecko","floor":22,"turns":7},{"damage":19,"enemies":"Centurion and Healer","floor":24,"turns":2}],"seed_played":"-121928995905019327","potions_obtained":[{"floor":4,"key":"Adrenaline Potion"},{"floor":10,"key":"Regen Potion"},{"floor":10,"key":"EntropicBrew"},{"floor":14,"key":"Block Potion"},{"floor":16,"key":"Reflective Coating"},{"floor":21,"key":"Swift Potion"},{"floor":22,"key":"Swift Potion"}],"is_trial":false,"path_per_floor":["M","$","T","M","?","E","R","E","T","?","R","E","M","M","R","B",null,"M","$","?","M","M","R"],"character_chosen":"IRONCLAD","items_purchased":["Rampage","Shrug It Off","Gremlin Horn"],"campfire_rested":0,"item_purchase_floors":[2,19,19],"current_hp_per_floor":[80,80,80,82,82,55,55,51,51,51,51,56,62,52,52,41,72,37,37,37,37,17,17,0],"gold":236,"neow_bonus":"TEN_PERCENT_HP_BONUS","is_prod":false,"is_daily":false,"chose_seed":false,"campfire_upgraded":3,"win_rate":0,"timestamp":1534839335,"path_taken":["M","$","?","M","?","E","R","E","T","?","R","E","M","M","R","BOSS","M","$","?","M","M","R","?"],"build_version":"2018-08-16","purchased_purges":1,"victory":false,"max_hp_per_floor":[82,82,82,82,82,82,82,82,82,82,82,82,82,82,82,82,82,82,82,82,82,82,82,82],"card_choices":[{"not_picked":["Burning Pact","Massacre"],"picked":"Wild Strike","floor":1},{"not_picked":["Spot Weakness","Dual Wield"],"picked":"ReplayTheSpireMod:Strike From Hell","floor":4},{"not_picked":["Carnage","Pommel Strike"],"picked":"Headbutt","floor":13},{"not_picked":["Defy Death","Anger"],"picked":"Shrug It Off","floor":14},{"not_picked":["Berserk","Hemogenesis"],"picked":"Exhume","floor":16},{"not_picked":["Flex+1","Armaments"],"picked":"Disarm","floor":18},{"not_picked":["Defy Death+1","Massacre"],"picked":"Flame Barrier","floor":22}],"player_experience":999162,"relics_obtained":[{"floor":3,"key":"Oddly Smooth Stone"},{"floor":5,"key":"Ring of Searing"},{"floor":6,"key":"Golden Egg"},{"floor":8,"key":"ReplayFunnel"},{"floor":9,"key":"Old Coin"},{"floor":12,"key":"Letter Opener"}],"event_choices":[{"event_name":"The Woman in Blue","player_choice":"Bought 2 Potions","floor":10,"damage_taken":0},{"event_name":"Vampires","player_choice":"Ignored","floor":20,"damage_taken":0}],"is_beta":false,"boss_relics":[{"not_picked":["Lizard Tail","Black Blood"],"picked":"Ring of Chaos"}],"items_purged_floors":[19],"is_endless":false,"potions_floor_spawned":[4,14,16,21,22],"killed_by":"Centurion and Healer","ascension_level":15}