{"gold_per_floor":[112,38,38,53,73,108,108,138,138,155,155,155,170,15,15,119,119,136,156,56,56,56,56,56],"floor_reached":24,"playtime":1426,"items_purged":["Strike_B"],"score":316,"play_id":"b2c4a56e-eb94-41f9-83f5-d90e9882781a","local_time":"20180731205706","is_ascension_mode":true,"campfire_choices":[{"data":"Go for the Eyes","floor":7,"key":"SMITH"},{"data":"Zap","floor":12,"key":"SMITH"},{"data":"Darkness","floor":15,"key":"SMITH"},{"data":"Defragment","floor":23,"key":"SMITH"}],"neow_cost":"NONE","seed_source_timestamp":1686948914782699,"circlet_count":0,"master_deck":["Strike_B+1","Strike_B+1","Defend_B+1","Defend_B+1","Defend_B+1","Defend_B+1","Zap+1","Dualcast","AscendersBane","Auto Shields","Go for the Eyes+1","Sweeping Beam","Turbo","Reinforced Body","FTL","Core Surge","Darkness+1","Compile Driver","Loop","Reboot","Defragment","Stack","Defragment+1","Stack"],"relics":["Eternal Feather","Regal Pillow","Du-Vu Doll","Dodecahedron","Inserter","Happy Flower"],"potions_floor_usage":[6,8,16,19],"damage_taken":[{"damage":6,"enemies":"Cultist","floor":1,"turns":4},{"damage":1,"enemies":"2 Louse","floor":4,"turns":3},{"damage":1,"enemies":"Small Slimes","floor":5,"turns":5},{"damage":17,"enemies":"3 Sentries","floor":6,"turns":10},{"damage":38,"enemies":"Gremlin Nob","floor":8,"turns":6},{"damage":1,"enemies":"Looter","floor":10,"turns":4},{"damage":0,"enemies":"Large Slime","floor":13,"turns":5},{"damage":3,"enemies":"Hexaghost","floor":16,"turns":9},{"damage":13,"enemies":"Shell Parasite","floor":18,"turns":11},{"damage":5,"enemies":"Spheric Guardian","floor":19,"turns":4},{"damage":76,"enemies":"Slavers","floor":24,"turns":4}],"seed_played":"-1352716946538884564","potions_obtained":[{"floor":4,"key":"Swift Potion"},{"floor":6,"key":"SteroidPotion"},{"floor":8,"key":"Block Potion"},{"floor":10,"key":"SkillPotion"}],"is_trial":false,"path_per_floor":["M","$","?","M","M","E","R","E","T","M","?","R","M","$","R","B",null,"M","M","$","?","?","R"],"character_chosen":"DEFECT","items_purchased":["Go for the Eyes","Sweeping Beam","Loop","Defragment","Stack"],"campfire_rested":0,"item_purchase_floors":[2,2,14,20,20],"current_hp_per_floor":[62,62,62,61,60,43,52,14,14,13,18,27,27,27,36,33,68,55,50,50,50,50,62,0],"gold":56,"neow_bonus":"BOSS_RELIC","is_prod":false,"is_daily":false,"chose_seed":false,"campfire_upgraded":4,"win_rate":0,"timestamp":1533063426,"path_taken":["M","$","?","M","M","E","R","E","T","M","?","R","M","$","R","BOSS","M","?","$","?","?","R","E"],"build_version":"2018-07-26","purchased_purges":1,"victory":false,"max_hp_per_floor":[75,75,75,75,75,75,75,75,75,75,80,80,80,80,80,80,80,80,80,80,80,80,80,80],"card_choices":[{"not_picked":["Hologram","Blizzard"],"picked":"Auto Shields","floor":1},{"not_picked":["Fusion","Heatsinks"],"picked":"Reinforced Body","floor":4},{"not_picked":["Go for the Eyes","Sweeping Beam"],"picked":"FTL","floor":5},{"not_picked":["Conserve Battery","Leap"],"picked":"Core Surge","floor":6},{"not_picked":["Go for the Eyes","Turbo"],"picked":"Darkness","floor":8},{"not_picked":["Go for the Eyes","Sweeping Beam"],"picked":"Compile Driver","floor":13},{"not_picked":["Hyperbeam","Fission"],"picked":"Reboot","floor":16},{"not_picked":["Undo","Hologram"],"picked":"Defragment","floor":18},{"not_picked":["Hologram","Streamline"],"picked":"Stack","floor":19}],"player_experience":905968,"relics_obtained":[{"floor":6,"key":"Regal Pillow"},{"floor":8,"key":"Du-Vu Doll"},{"floor":9,"key":"Dodecahedron"}],"event_choices":[{"event_name":"Living Wall","player_choice":"Change","floor":3,"damage_taken":0},{"event_name":"Big Fish","player_choice":"Donut","floor":11,"damage_taken":0},{"event_name":"The Mausoleum","player_choice":"Yes","floor":21,"damage_taken":0},{"event_name":"Back to Basics","player_choice":"Simplicity","floor":22,"damage_taken":0}],"is_beta":false,"boss_relics":[{"not_picked":["Tiny House","Philosopher\u0027s Stone"],"picked":"Inserter"}],"items_purged_floors":[14],"is_endless":false,"potions_floor_spawned":[4,6,8,10],"killed_by":"Slavers","ascension_level":11}