{"gold_per_floor":[114,389,403,403,29,62,62,62,116,145,145,13,13,27,27,106,156,170,170,190,190,12,44,54,54,54,80,19,19,19,36,36,111,111,125,137,137,22,0,0,18,30,30,30,49,68,68,87,87,87],"floor_reached":51,"playtime":1906,"items_purged":["Defend_G","Decay"],"score":1227,"play_id":"1c88ad6c-c972-420d-8c9f-ffde98351107","local_time":"20190520210818","is_ascension_mode":true,"campfire_choices":[{"data":"Cloak And Dagger","floor":8.0,"key":"SMITH"},{"data":"Blade Dance","floor":11.0,"key":"SMITH"},{"data":"Cloak And Dagger","floor":13.0,"key":"SMITH"},{"data":"Neutralize","floor":15.0,"key":"SMITH"},{"floor":25.0,"key":"REST"},{"data":"Footwork","floor":30.0,"key":"SMITH"},{"data":"Leg Sweep","floor":32.0,"key":"SMITH"},{"data":"Malaise","floor":40.0,"key":"SMITH"},{"data":"Noxious Fumes","floor":44,"key":"SMITH"},{"floor":49,"key":"REST"}],"neow_cost":"NONE","seed_source_timestamp":0,"circlet_count":0,"master_deck":["AscendersBane","Defend_G+1","Defend_G+1","Defend_G+1","Defend_G+1","Survivor","Neutralize+1","Cloak And Dagger+1","Blade Dance+1","Noxious Fumes+1","Dagger Spray","Footwork+1","Blade Dance","Cloak And Dagger+1","Corpse Explosion","Malaise+1","Blade Dance","Infinite Blades","Dodge and Roll+1","Blade Dance+1","Leg Sweep+1","Bite","Bite","Bite","Bite","Bite","Blur","Tools of the Trade","Flash of Steel","Madness","Madness","Riddle With Holes+1"],"special_seed":0,"relics":["Ring of the Snake","NeowsBlessing","Shuriken","Regal Pillow","Ninja Scroll","Tiny House","The Courier","Sundial","Singing Bowl","Busted Crown","Oddly Smooth Stone","Red Mask","Potion Belt"],"potions_floor_usage":[42,42,46],"damage_taken":[{"damage":0.0,"enemies":"Small Slimes","floor":1.0,"turns":1.0},{"damage":0.0,"enemies":"Cultist","floor":3.0,"turns":1.0},{"damage":0.0,"enemies":"Lagavulin","floor":6.0,"turns":1.0},{"damage":24.0,"enemies":"Gremlin Nob","floor":10.0,"turns":4.0},{"damage":0.0,"enemies":"2 Louse","floor":14.0,"turns":1.0},{"damage":34.0,"enemies":"The Guardian","floor":16.0,"turns":9.0},{"damage":16.0,"enemies":"Spheric Guardian","floor":18.0,"turns":4.0},{"damage":5.0,"enemies":"2 Thieves","floor":20.0,"turns":3.0},{"damage":9.0,"enemies":"Slavers","floor":23.0,"turns":3.0},{"damage":11.0,"enemies":"Snake Plant","floor":24.0,"turns":7.0},{"damage":9.0,"enemies":"Gremlin Leader","floor":27.0,"turns":7.0},{"damage":0.0,"enemies":"3 Cultists","floor":31.0,"turns":2.0},{"damage":39.0,"enemies":"Champ","floor":33.0,"turns":12.0},{"damage":6.0,"enemies":"3 Darklings","floor":35.0,"turns":3.0},{"damage":9.0,"enemies":"3 Shapes","floor":36.0,"turns":6.0},{"damage":8,"enemies":"Maw","floor":41,"turns":7},{"damage":9,"enemies":"Sphere and 2 Shapes","floor":42,"turns":3},{"damage":8,"enemies":"Writhing Mass","floor":45,"turns":11},{"damage":15,"enemies":"Spire Growth","floor":46,"turns":6},{"damage":25,"enemies":"Transient","floor":48,"turns":5},{"damage":46,"enemies":"Awakened One","floor":50,"turns":12}],"seed_played":"-3554387307087197323","potions_obtained":[{"floor":3.0,"key":"Poison Potion"},{"floor":10.0,"key":"Regen Potion"},{"floor":17.0,"key":"SkillPotion"},{"floor":18.0,"key":"SkillPotion"},{"floor":24.0,"key":"GhostInAJar"},{"floor":27.0,"key":"Strength Potion"},{"floor":31.0,"key":"Explosive Potion"},{"floor":35.0,"key":"Explosive Potion"},{"floor":45,"key":"Swift Potion"}],"is_trial":false,"path_per_floor":["M","?","M","?","$","E","?","R","T","E","R","$","R","M","R","B",null,"M","?","M","?","$","E","M","R","T","E","$","?","R","M","R","B",null,"M","M","?","$","?","R","M","M","T","R","M","M","?","M","R","B",null],"character_chosen":"THE_SILENT","items_purchased":["Shuriken","Noxious Fumes","Footwork","Blade Dance","Cloak And Dagger","Infinite Blades","Leg Sweep","Oddly Smooth Stone"],"campfire_rested":2,"item_purchase_floors":[5,5,12,12,12,22,28,38],"current_hp_per_floor":[63,63,63,63,63,63,56,56,56,34,34,34,34,36,36,19,62,48,48,45,45,45,38,29,66,66,61,61,61,61,67,67,42,68,68,67,64,64,64,64,70,67,67,67,79,76,65,50,91,69],"gold":87,"neow_bonus":"THREE_ENEMY_KILL","is_prod":false,"is_daily":false,"chose_seed":false,"campfire_upgraded":8,"win_rate":0,"timestamp":1558379298,"path_taken":["M","?","?","?","?","E","?","R","T","E","R","$","R","M","R","BOSS","M","?","M","?","$","E","M","R","T","E","$","?","R","M","R","BOSS","M","M","?","$","?","R","M","M","T","R","M","M","?","M","R","BOSS"],"build_version":"2019-01-23","purchased_purges":2,"victory":true,"max_hp_per_floor":[70,70,70,70,70,70,70,70,70,70,70,70,70,70,70,70,75,75,75,75,75,75,75,75,75,75,77,77,77,77,77,77,77,77,79,81,83,83,83,83,85,87,87,87,89,91,91,91,91,91],"card_choices":[{"not_picked":["Underhanded Strike","Flechettes"],"picked":"Cloak And Dagger","floor":1.0},{"not_picked":["PiercingWail","Flying Knee"],"picked":"Blade Dance","floor":3.0},{"not_picked":["Flying Knee","Bouncing Flask"],"picked":"Dagger Spray","floor":6.0},{"not_picked":["Bane","Concentrate","Outmaneuver"],"picked":"SKIP","floor":10.0},{"not_picked":["Dodge and Roll","Deadly Poison"],"picked":"Corpse Explosion","floor":14.0},{"not_picked":["Corpse Explosion","Unload"],"picked":"Malaise","floor":16.0},{"not_picked":["PiercingWail","Calculated Gamble","Quick Slash"],"picked":"SKIP","floor":18.0},{"not_picked":["Poisoned Stab","Prepared+1"],"picked":"Blade Dance","floor":20.0},{"not_picked":["Cloak And Dagger","Caltrops+1"],"picked":"Dodge and Roll+1","floor":23.0},{"not_picked":["Acrobatics","Sucker Punch"],"picked":"Blade Dance+1","floor":24.0},{"not_picked":["Acrobatics","Blade Dance","Underhanded Strike+1"],"picked":"Singing Bowl","floor":27.0},{"not_picked":["Deadly Poison","Crippling Poison"],"picked":"Blur","floor":31.0},{"not_picked":["Unload","Bullet Time"],"picked":"Tools of the Trade","floor":33.0},{"not_picked":["Expertise+1"],"picked":"Singing Bowl","floor":35.0},{"not_picked":["Slice"],"picked":"Singing Bowl","floor":36.0},{"not_picked":["Dramatic Entrance"],"picked":"Singing Bowl","floor":37.0},{"not_picked":[],"picked":"Flash of Steel","floor":37.0},{"not_picked":["Deflect"],"picked":"Singing Bowl","floor":41},{"not_picked":["Masterful Stab"],"picked":"Singing Bowl","floor":42},{"not_picked":["Flying Knee"],"picked":"Singing Bowl","floor":45},{"not_picked":["Flying Knee"],"picked":"Singing Bowl","floor":46},{"not_picked":[],"picked":"Riddle With Holes+1","floor":48}],"player_experience":225210,"relics_obtained":[{"floor":6.0,"key":"Regal Pillow"},{"floor":9.0,"key":"Blood Vial"},{"floor":10.0,"key":"Ninja Scroll"},{"floor":23.0,"key":"The Courier"},{"floor":26.0,"key":"Sundial"},{"floor":27.0,"key":"Singing Bowl"},{"floor":43,"key":"Potion Belt"}],"event_choices":[{"damage_healed":0.0,"max_hp_gain":0.0,"max_hp_loss":0.0,"gold_gain":275.0,"event_name":"Golden Shrine","player_choice":"Desecrate","floor":2.0,"gold_loss":0.0,"damage_taken":0.0,"cards_obtained":["Regret"]},{"cards_removed":["Regret"],"damage_healed":0.0,"max_hp_gain":0.0,"max_hp_loss":0.0,"gold_gain":0.0,"event_name":"Wheel of Change","player_choice":"Card Removal","floor":4.0,"gold_loss":0.0,"damage_taken":0.0},{"cards_removed":["Strike_G"],"damage_healed":0.0,"max_hp_gain":0.0,"max_hp_loss":0.0,"gold_gain":0.0,"event_name":"Golden Wing","player_choice":"Card Removal","floor":7.0,"gold_loss":0.0,"damage_taken":7.0},{"damage_healed":0.0,"max_hp_gain":0.0,"max_hp_loss":0.0,"gold_gain":0.0,"event_name":"Back to Basics","player_choice":"Simplicity","floor":19.0,"gold_loss":0.0,"damage_taken":0.0,"cards_upgraded":["Defend_G","Defend_G","Defend_G","Strike_G","Strike_G","Strike_G","Strike_G"]},{"damage_healed":0.0,"max_hp_gain":0.0,"max_hp_loss":0.0,"gold_gain":0.0,"event_name":"Forgotten Altar","player_choice":"Smashed Altar","floor":21.0,"gold_loss":0.0,"damage_taken":0.0,"cards_obtained":["Decay"]},{"damage_healed":0.0,"max_hp_gain":0.0,"max_hp_loss":0.0,"gold_gain":0.0,"event_name":"Vampires","player_choice":"Became a vampire (Vial)","floor":29.0,"relics_lost":["Blood Vial"],"gold_loss":0.0,"damage_taken":0.0,"cards_obtained":["Bite","Bite","Bite","Bite","Bite"]},{"damage_healed":0.0,"max_hp_gain":0.0,"max_hp_loss":0.0,"gold_gain":0.0,"event_name":"SensoryStone","player_choice":"Memory 2","floor":37.0,"gold_loss":0.0,"damage_taken":5.0},{"damage_healed":0.0,"max_hp_gain":0.0,"max_hp_loss":0.0,"gold_gain":0.0,"event_name":"Tomb of Lord Red Mask","player_choice":"Paid","floor":39.0,"gold_loss":22.0,"damage_taken":0.0,"relics_obtained":["Red Mask"]},{"damage_healed":0,"gold_gain":0,"player_choice":"Embrace Madness","damage_taken":11,"max_hp_gain":0,"max_hp_loss":0,"event_name":"Winding Halls","floor":47,"gold_loss":0,"cards_obtained":["Madness","Madness"]}],"is_beta":false,"boss_relics":[{"not_picked":["Orrery","Runic Pyramid"],"picked":"Tiny House"},{"not_picked":["Calling Bell","Pandora\u0027s Box"],"picked":"Busted Crown"}],"items_purged_floors":[5,22],"is_endless":false,"potions_floor_spawned":[3,10,18,24,27,31,35,45],"ascension_level":13}