{"gold_per_floor":[109,109,121,121,121,121,132,132,132,144,163,163,163,174,174,278,278,294,306,306,338,355,355,210,210,234,234,246,256,256,60,60,162,162,173,191,21,33,33,33,33,50,76,76,95,95,107,124,124,124],"floor_reached":51,"playtime":2348,"items_purged":["Strike_R","Strike_R","Strike_R"],"score":791,"play_id":"b41bd0a4-eae5-486d-afe3-88fb085ed300","local_time":"20181018210829","is_ascension_mode":false,"campfire_choices":[{"data":"Body Slam","floor":6.0,"key":"SMITH"},{"data":"True Grit","floor":8.0,"key":"SMITH"},{"data":"Shrug It Off","floor":13.0,"key":"SMITH"},{"data":"Shockwave","floor":15.0,"key":"SMITH"},{"data":"Barricade","floor":23,"key":"SMITH"},{"data":"Rampage","floor":25,"key":"SMITH"},{"data":"Sword Boomerang","floor":32,"key":"SMITH"},{"data":"Limit Break","floor":40,"key":"SMITH"},{"data":"Shrug It Off","floor":44,"key":"SMITH"},{"data":"Finesse","floor":49,"key":"SMITH"}],"neow_cost":"NONE","seed_source_timestamp":19827679234232,"circlet_count":0,"master_deck":["Strike_R","Strike_R","Defend_R","Defend_R","Defend_R","Defend_R","Bash+1","True Grit+1","Body Slam+1","Shrug It Off+1","Ghostly Armor","Shockwave+1","Barricade+1","Spot Weakness+1","RitualDagger","Rampage+1","Sword Boomerang+1","Ghostly","Ghostly","Ghostly","Ghostly","Ghostly","Finesse+1","Limit Break+1","Entrench+1","Shrug It Off+1","Disarm+1","Writhe","Iron Wave+1","True Grit+1"],"special_seed":0,"relics":["Coffee Dripper"],"potions_floor_usage":[22,28,28,47,47,50],"damage_taken":[{"damage":0.0,"enemies":"Cultist","floor":1.0,"turns":4.0},{"damage":1.0,"enemies":"Jaw Worm","floor":3.0,"turns":3.0},{"damage":0.0,"enemies":"2 Louse","floor":7.0,"turns":3.0},{"damage":1.0,"enemies":"Looter","floor":10.0,"turns":2.0},{"damage":0.0,"enemies":"2 Fungi Beasts","floor":11.0,"turns":3.0},{"damage":2.0,"enemies":"Blue Slaver","floor":14.0,"turns":3.0},{"damage":8.0,"enemies":"Hexaghost","floor":16.0,"turns":8.0},{"damage":0.0,"enemies":"Shell Parasite","floor":18.0,"turns":7.0},{"damage":0.0,"enemies":"Chosen","floor":19.0,"turns":7.0},{"damage":22.0,"enemies":"Masked Bandits","floor":21.0,"turns":8.0},{"damage":3,"enemies":"Sentry and Sphere","floor":22,"turns":6},{"damage":1,"enemies":"Chosen and Byrds","floor":28,"turns":5},{"damage":12,"enemies":"Centurion and Healer","floor":29,"turns":8},{"damage":0,"enemies":"Champ","floor":33,"turns":15},{"damage":21,"enemies":"3 Darklings","floor":35,"turns":8},{"damage":0,"enemies":"3 Shapes","floor":36,"turns":10},{"damage":0,"enemies":"3 Darklings","floor":38,"turns":8},{"damage":1,"enemies":"Reptomancer","floor":42,"turns":9},{"damage":1,"enemies":"Spire Growth","floor":45,"turns":8},{"damage":0,"enemies":"Sphere and 2 Shapes","floor":47,"turns":10},{"damage":0,"enemies":"Reptomancer","floor":48,"turns":8},{"damage":0,"enemies":"Awakened One","floor":50,"turns":13}],"seed_played":"7593669915962107439","potions_obtained":[{"floor":7.0,"key":"Dexterity Potion"},{"floor":14.0,"key":"Block Potion"},{"floor":16.0,"key":"Fire Potion"},{"floor":18.0,"key":"Swift Potion"},{"floor":21,"key":"Fire Potion"},{"floor":22,"key":"Swift Potion"},{"floor":42,"key":"Poison Potion"},{"floor":45,"key":"GamblersBrew"},{"floor":48,"key":"SteroidPotion"}],"is_trial":false,"path_per_floor":["M","?","M","?","?","R","M","R","T","M","M","?","R","M","R","B",null,"M","M","?","?","M","R","$","R","T","?","M","M","?","$","R","B",null,"M","M","$","M","?","R","?","M","T","R","M","$","M","M","R","B"],"character_chosen":"IRONCLAD","items_purchased":["Rampage","Finesse","Shrug It Off"],"campfire_rested":0,"item_purchase_floors":[24,31,37],"current_hp_per_floor":[80,85,84,84,84,84,84,84,84,83,83,83,83,81,81,73,85,85,85,79,57,54,54,54,54,54,54,53,41,41,41,41,41,42,21,21,21,21,21,21,32,31,31,31,30,30,30,30,30,30],"gold":124,"neow_bonus":"BOSS_RELIC","is_prod":false,"is_daily":false,"chose_seed":false,"campfire_upgraded":10,"win_rate":0,"timestamp":1539889709,"path_taken":["M","?","M","?","?","R","M","R","T","M","?","?","R","M","R","BOSS","M","M","?","?","M","R","$","R","T","?","M","?","?","$","R","BOSS","M","M","$","M","?","R","?","M","T","R","M","$","M","?","R","BOSS"],"build_version":"2018-10-11","purchased_purges":3,"victory":true,"max_hp_per_floor":[80,85,85,85,85,85,85,85,85,85,85,85,85,85,85,85,85,85,85,85,85,85,85,85,85,85,85,85,85,42,42,42,42,42,42,42,42,42,42,42,42,42,42,42,42,42,42,42,42,42],"card_choices":[{"not_picked":["Wild Strike","Heavy Blade"],"picked":"True Grit","floor":1.0},{"not_picked":["Dropkick","Infernal Blade"],"picked":"Body Slam","floor":3.0},{"not_picked":["Spot Weakness","Wild Strike"],"picked":"Shrug It Off","floor":10.0},{"not_picked":["Sentinel","Pommel Strike"],"picked":"Ghostly Armor","floor":11.0},{"not_picked":["Clash","Rupture"],"picked":"Shockwave","floor":14.0},{"not_picked":["Feed","Immolate"],"picked":"Barricade","floor":16.0},{"not_picked":["Heavy Blade+1","Flex"],"picked":"Spot Weakness+1","floor":19.0},{"not_picked":["Rage","Headbutt"],"picked":"Sword Boomerang","floor":29},{"not_picked":["Fiend Fire","Barricade"],"picked":"Limit Break","floor":33},{"not_picked":["Twin Strike+1","True Grit"],"picked":"Entrench+1","floor":35},{"not_picked":["Sentinel+1","Inflame"],"picked":"Disarm+1","floor":38},{"not_picked":["Flex+1","Wild Strike"],"picked":"Iron Wave+1","floor":45},{"not_picked":["Reckless Charge","Seeing Red"],"picked":"True Grit+1","floor":48}],"player_experience":1249979,"relics_obtained":[],"event_choices":[{"event_name":"Big Fish","player_choice":"Donut","floor":2.0,"damage_taken":0.0},{"event_name":"Golden Idol","player_choice":"Ignored","floor":4.0,"damage_taken":0.0},{"event_name":"Liars Game","player_choice":"disagreed","floor":5.0,"damage_taken":0.0},{"event_name":"Upgrade Shrine","player_choice":"Upgraded","floor":12.0,"damage_taken":0.0},{"event_name":"Nest","player_choice":"Joined the Cult","floor":20.0,"damage_taken":0.0},{"event_name":"Masked Bandits","player_choice":"Fought Bandits","floor":21.0,"damage_taken":0.0},{"event_name":"The Woman in Blue","player_choice":"Bought 0 Potions","floor":27,"damage_taken":0},{"event_name":"Ghosts","player_choice":"Became a Ghost","floor":30,"damage_taken":0},{"event_name":"Tomb of Lord Red Mask","player_choice":"Ignored","floor":39,"damage_taken":0},{"event_name":"Winding Halls","player_choice":"Writhe","floor":41,"damage_taken":0}],"is_beta":false,"boss_relics":[{"not_picked":["Orrery","Sozu","Philosopher\u0027s Stone"]},{"not_picked":["Black Star","Busted Crown","Eternal Feather"]}],"items_purged_floors":[24,31,37],"is_endless":false,"potions_floor_spawned":[7,14,16,18,21,22,42,45,48],"ascension_level":0}