{"gold_per_floor":[109,125,139,156,170,170,201,201,201,230,249,60,60,13,13,88,88,70,70,88,13,13,39,39,65,65,65,90,110,126,138,138,215,215,234,509,61,81,81,110,210,245,245,272,31,0,0,12,12,12,12,12,12,42,42],"floor_reached":56,"playtime":4475,"items_purged":["Strike_R","Regret","Strike_R"],"score":2184,"play_id":"3284482e-a990-45f2-9284-0c7550b001be","local_time":"20190521192516","is_ascension_mode":true,"campfire_choices":[{"data":"Clothesline","floor":6,"key":"SMITH"},{"floor":15,"key":"REST"},{"data":"Bash","floor":24,"key":"SMITH"},{"data":"Carnage","floor":32,"key":"SMITH"},{"floor":47,"key":"RECALL"},{"data":"Whirlwind","floor":49,"key":"SMITH"},{"data":"Inflame","floor":52,"key":"SMITH"}],"neow_cost":"NONE","seed_source_timestamp":220179384080501,"circlet_count":0,"master_deck":["AscendersBane","Defend_R","Defend_R","Defend_R","Defend_R","Bash+1","Ghostly Armor","Inflame","Shrug It Off","Carnage+1","Clothesline+1","Disarm","Dark Embrace","Shrug It Off","Dropkick","Entrench","Inflame+1","Shrug It Off","Reaper","Fire Breathing+1","Corruption","Barricade","Impervious","Whirlwind+1","Exhume","True Grit","Metallicize","Sentinel+1","Disarm","Body Slam","Body Slam","Limit Break","Entrench+1","Dark Shackles","Disarm","Madness","Madness","Flame Barrier","Clothesline","Disarm","Panache","Headbutt+1","Infernal Blade"],"relics":["Burning Blood","Anchor","Prayer Wheel","Unceasing Top","Snecko Eye","MutagenicStrength","Letter Opener","Dodecahedron","WingedGreaves","Sundial","Philosopher\u0027s Stone","Kunai","Potion Belt","Mango","Smiling Mask","Juzu Bracelet","Red Mask","Pen Nib"],"potions_floor_usage":[4,7,33,55,55,55,55],"damage_taken":[{"damage":9,"enemies":"Cultist","floor":1,"turns":5},{"damage":6,"enemies":"Jaw Worm","floor":2,"turns":5},{"damage":3,"enemies":"2 Louse","floor":3,"turns":3},{"damage":11,"enemies":"Blue Slaver","floor":4,"turns":6},{"damage":4,"enemies":"Large Slime","floor":5,"turns":7},{"damage":25,"enemies":"3 Sentries","floor":7,"turns":10},{"damage":33,"enemies":"Lagavulin","floor":10,"turns":6},{"damage":0,"enemies":"Looter","floor":11,"turns":4},{"damage":44,"enemies":"The Guardian","floor":16,"turns":17},{"damage":18,"enemies":"2 Thieves","floor":18,"turns":4},{"damage":0,"enemies":"3 Byrds","floor":20,"turns":6},{"damage":28,"enemies":"Book of Stabbing","floor":23,"turns":5},{"damage":0,"enemies":"Gremlin Leader","floor":25,"turns":4},{"damage":2,"enemies":"Slavers","floor":28,"turns":5},{"damage":0,"enemies":"Snake Plant","floor":29,"turns":4},{"damage":0,"enemies":"Shelled Parasite and Fungi","floor":30,"turns":4},{"damage":2,"enemies":"Centurion and Healer","floor":31,"turns":5},{"damage":22,"enemies":"Collector","floor":33,"turns":5},{"damage":0,"enemies":"3 Shapes","floor":35,"turns":4},{"damage":1,"enemies":"Orb Walker","floor":38,"turns":5},{"damage":2,"enemies":"Reptomancer","floor":40,"turns":3},{"damage":13,"enemies":"Mind Bloom Boss Battle","floor":41,"turns":5},{"damage":0,"enemies":"Giant Head","floor":42,"turns":5},{"damage":18,"enemies":"Transient","floor":48,"turns":5},{"damage":7,"enemies":"Time Eater","floor":50,"turns":6},{"damage":12,"enemies":"Shield and Spear","floor":54,"turns":4},{"damage":67,"enemies":"The Heart","floor":55,"turns":7}],"seed_played":"-3020993325109434830","potions_obtained":[{"floor":1,"key":"Ancient Potion"},{"floor":3,"key":"Fruit Juice"},{"floor":4,"key":"SkillPotion"},{"floor":25,"key":"Regen Potion"},{"floor":28,"key":"PowerPotion"},{"floor":35,"key":"AttackPotion"},{"floor":41,"key":"Strength Potion"},{"floor":48,"key":"LiquidBronze"}],"is_trial":false,"path_per_floor":["M","?","?","$","?","?","?","?","M","?","?","T","?"],"character_chosen":"IRONCLAD","items_purchased":["Entrench","Inflame","Shrug It Off","Kunai","Dark Shackles","Panache"],"campfire_rested":1,"item_purchase_floors":[12,12,14,37,37,45],"current_hp_per_floor":[72,72,75,75,77,77,58,58,58,31,37,37,30,30,56,18,70,66,66,86,86,86,76,76,82,82,82,87,87,87,87,87,82,86,87,87,87,87,71,87,94,100,100,100,100,100,100,101,101,100,101,101,101,95,48],"gold":42,"neow_bonus":"TEN_PERCENT_HP_BONUS","is_prod":false,"is_daily":false,"chose_seed":false,"campfire_upgraded":5,"win_rate":0,"timestamp":1558481116,"path_taken":["M","M","?","M","M","R","E","?","T","E","M","$","?","?","R","BOSS","M","?","M","?","?","E","R","E","T","$","E","M","M","M","R","BOSS","M","?","$","?","?","E","?","E","T","?","$","?","R","M","R","BOSS","R","$","E","BOSS"],"build_version":"2019-01-23","purchased_purges":3,"victory":true,"max_hp_per_floor":[82,82,82,87,87,87,87,87,87,87,87,87,87,87,87,87,87,87,87,87,87,87,87,87,87,87,87,87,87,87,87,87,87,87,87,87,87,87,87,87,101,101,101,101,101,101,101,101,101,101,101,101,101,101,101],"card_choices":[{"not_picked":["Bloodletting","Heavy Blade"],"picked":"Ghostly Armor","floor":1},{"not_picked":["True Grit","Sword Boomerang"],"picked":"Inflame","floor":2},{"not_picked":["Perfected Strike","Twin Strike"],"picked":"Shrug It Off","floor":3},{"not_picked":["Rampage","Rupture"],"picked":"Carnage","floor":4},{"not_picked":["Cleave","Fire Breathing"],"picked":"Clothesline","floor":5},{"not_picked":["Dropkick","Cleave"],"picked":"Disarm","floor":7},{"not_picked":["Headbutt","Blood for Blood"],"picked":"Dark Embrace","floor":10},{"not_picked":["Pummel","Armaments"],"picked":"Shrug It Off","floor":11},{"not_picked":["Wild Strike","Second Wind"],"picked":"Dropkick","floor":11},{"not_picked":["Brutality","Double Tap"],"picked":"Reaper","floor":16},{"not_picked":["Iron Wave","Warcry"],"picked":"Fire Breathing+1","floor":18},{"not_picked":["Sever Soul","Warcry"],"picked":"Corruption","floor":18},{"not_picked":["Thunderclap","Cleave"],"picked":"Impervious","floor":20},{"not_picked":["Dropkick","Anger","Warcry"],"picked":"SKIP","floor":20},{"not_picked":["Hemokinesis","Pommel Strike"],"picked":"Whirlwind","floor":23},{"not_picked":["Heavy Blade","Iron Wave"],"picked":"Exhume","floor":25},{"not_picked":["Pummel","Reckless Charge+1"],"picked":"True Grit","floor":28},{"not_picked":["Dual Wield","Shrug It Off"],"picked":"Metallicize","floor":29},{"not_picked":["Havoc","Clash"],"picked":"Sentinel+1","floor":29},{"not_picked":["Thunderclap","Cleave"],"picked":"Disarm","floor":30},{"not_picked":["Dropkick","Clash+1"],"picked":"Body Slam","floor":30},{"not_picked":["Perfected Strike","Twin Strike"],"picked":"Body Slam","floor":31},{"not_picked":["Clash","Flex","Body Slam"],"picked":"SKIP","floor":31},{"not_picked":["Berserk","Brutality"],"picked":"Limit Break","floor":33},{"not_picked":["Anger","Heavy Blade"],"picked":"Entrench+1","floor":35},{"not_picked":["Seeing Red","Intimidate","Cleave"],"picked":"SKIP","floor":35},{"not_picked":["Sword Boomerang","Juggernaut"],"picked":"Disarm","floor":38},{"not_picked":["Twin Strike","Clash+1","Thunderclap"],"picked":"SKIP","floor":38},{"not_picked":["Limit Break","Sever Soul+1"],"picked":"Flame Barrier","floor":40},{"not_picked":["Cleave","Sword Boomerang+1"],"picked":"Clothesline","floor":41},{"not_picked":["Thunderclap","Corruption"],"picked":"Disarm","floor":42},{"not_picked":["Clothesline","Carnage"],"picked":"Headbutt+1","floor":48},{"not_picked":["Headbutt","Wild Strike+1","Clothesline"],"picked":"SKIP","floor":48},{"not_picked":["Iron Wave+1","Shrug It Off"],"picked":"Infernal Blade","floor":54}],"player_experience":615654,"relics_obtained":[{"floor":7,"key":"Anchor"},{"floor":9,"key":"Prayer Wheel"},{"floor":10,"key":"Unceasing Top"},{"floor":23,"key":"Letter Opener"},{"floor":25,"key":"Dodecahedron"},{"floor":26,"key":"WingedGreaves"},{"floor":28,"key":"Sundial"},{"floor":40,"key":"Potion Belt"},{"floor":41,"key":"Mango"},{"floor":42,"key":"Smiling Mask"},{"floor":44,"key":"Juzu Bracelet"},{"floor":54,"key":"Pen Nib"}],"event_choices":[{"cards_removed":["Strike_R"],"damage_healed":0,"gold_gain":0,"player_choice":"Forget","damage_taken":0,"max_hp_gain":0,"max_hp_loss":0,"event_name":"Living Wall","floor":8,"gold_loss":0},{"cards_removed":["Strike_R"],"damage_healed":0,"gold_gain":0,"player_choice":"Card Removal","damage_taken":7,"max_hp_gain":0,"max_hp_loss":0,"event_name":"Golden Wing","floor":13,"gold_loss":0},{"damage_healed":0,"gold_gain":0,"player_choice":"Read","damage_taken":0,"max_hp_gain":0,"max_hp_loss":0,"event_name":"The Library","floor":19,"gold_loss":0,"cards_obtained":["Barricade"]},{"cards_removed":["Strike_R"],"damage_healed":0,"gold_gain":0,"player_choice":"Gave Gold","damage_taken":0,"max_hp_gain":0,"max_hp_loss":0,"event_name":"Beggar","floor":21,"gold_loss":75},{"damage_healed":0,"gold_gain":0,"player_choice":"Inject Mutagens","damage_taken":0,"relics_obtained":["MutagenicStrength"],"max_hp_gain":0,"max_hp_loss":0,"event_name":"Drug Dealer","floor":22,"gold_loss":0},{"damage_healed":0,"gold_gain":275,"player_choice":"Desecrate","damage_taken":0,"max_hp_gain":0,"max_hp_loss":0,"event_name":"Golden Shrine","floor":36,"gold_loss":0,"cards_obtained":["Regret"]},{"damage_healed":0,"gold_gain":0,"player_choice":"Embrace Madness","damage_taken":16,"max_hp_gain":0,"max_hp_loss":0,"event_name":"Winding Halls","floor":39,"gold_loss":0,"cards_obtained":["Madness","Madness"]},{"damage_healed":0,"gold_gain":0,"player_choice":"Fight","damage_taken":0,"max_hp_gain":0,"max_hp_loss":0,"event_name":"MindBloom","floor":41,"gold_loss":0},{"damage_healed":0,"gold_gain":0,"player_choice":"Paid","damage_taken":0,"relics_obtained":["Red Mask"],"max_hp_gain":0,"max_hp_loss":0,"event_name":"Tomb of Lord Red Mask","floor":46,"gold_loss":31}],"is_beta":false,"boss_relics":[{"not_picked":["Velvet Choker","Lizard Tail"],"picked":"Snecko Eye"},{"not_picked":["Runic Dome","Runic Cube"],"picked":"Philosopher\u0027s Stone"}],"items_purged_floors":[12,37,45],"is_endless":false,"potions_floor_spawned":[1,3,4,25,28,29,35,41,48,54],"ascension_level":15}