{"gold_per_floor":[117,117,117,41,5,5,5,36,62,62,62,87,120,120,120,239,239,257,257,272,148,161,161,196,196,271,311,336,336,336,257,257,388,388,411,183,183,183,202,202,202,238,316,316,347,347,0,25,25,25],"floor_reached":51,"playtime":18220,"items_purged":["Strike_B"],"score":1302,"play_id":"837052d6-c120-46bb-b145-840add453dd4","local_time":"20180728185407","is_ascension_mode":true,"campfire_choices":[{"floor":6,"key":"REST"},{"data":"Conserve Battery","floor":11,"key":"SMITH"},{"data":"Hologram","floor":15,"key":"SMITH"},{"data":"Echo Form","floor":23,"key":"SMITH"},{"data":"Fusion","floor":30,"key":"SMITH"},{"floor":32,"key":"DIG"},{"floor":40,"key":"DIG"},{"data":"Hologram","floor":44,"key":"SMITH"},{"floor":46,"key":"DIG"},{"floor":49,"key":"DIG"}],"neow_cost":"NONE","seed_source_timestamp":1403525245181996,"circlet_count":0,"master_deck":["Strike_B+1","Defend_B","Defend_B","Defend_B","Zap+1","Dualcast","AscendersBane","Steam","Gash","Conserve Battery+1","Reboot","Hologram+1","Hologram+1","Echo Form+1","Sunder+1","Leap+1","Streamline+1","Beam Cell+1","Glacier","Fusion+1","Conserve Battery","BootSequence","Creative AI","Blizzard+1","Leap+1","Glacier","Double Energy+1"],"relics":["Runic Pyramid","Blood Vial","Meat on the Bone","Bag of Preparation","Lantern","Golden Idol","Molten Egg 2","DataDisk","Coffee Dripper","Shovel","Shuriken","Omamori","Dodecahedron","Busted Crown","Happy Flower","Mummified Hand","The Courier","Torii","Matryoshka","Dream Catcher","Gremlin Horn","Cables","Vajra","Blue Candle"],"potions_floor_usage":[20,22,33,33,50,50,50],"damage_taken":[{"damage":8,"enemies":"2 Louse","floor":1,"turns":2},{"damage":41,"enemies":"Gremlin Nob","floor":8,"turns":5},{"damage":0,"enemies":"Small Slimes","floor":12,"turns":3},{"damage":0,"enemies":"Lagavulin","floor":13,"turns":8},{"damage":0,"enemies":"The Guardian","floor":16,"turns":10},{"damage":0,"enemies":"Shell Parasite","floor":18,"turns":6},{"damage":16,"enemies":"2 Thieves","floor":20,"turns":4},{"damage":7,"enemies":"Chosen and Byrds","floor":22,"turns":5},{"damage":19,"enemies":"Slavers","floor":24,"turns":5},{"damage":13,"enemies":"Book of Stabbing","floor":27,"turns":5},{"damage":0,"enemies":"Centurion and Healer","floor":28,"turns":5},{"damage":0,"enemies":"Collector","floor":33,"turns":11},{"damage":14,"enemies":"Flame Bruiser 1 Orb","floor":35,"turns":7},{"damage":0,"enemies":"3 Darklings","floor":39,"turns":5},{"damage":0,"enemies":"Giant Head","floor":42,"turns":7},{"damage":24,"enemies":"2 Orb Walkers","floor":45,"turns":5},{"damage":0,"enemies":"4 Shapes","floor":48,"turns":4},{"damage":6,"enemies":"Donu and Deca","floor":50,"turns":10}],"seed_played":"2431243147889462051","potions_obtained":[{"floor":1,"key":"Ancient Potion"},{"floor":13,"key":"Block Potion"},{"floor":16,"key":"LiquidBronze"},{"floor":18,"key":"PowerPotion"},{"floor":22,"key":"EssenceOfSteel"},{"floor":28,"key":"Poison Potion"},{"floor":39,"key":"EssenceOfSteel"},{"floor":48,"key":"SkillPotion"}],"is_trial":false,"path_per_floor":["M","?","?","$","?","R","?","E","T","?","R","M","E","T","R","B",null,"M","?","M","$","M","R","E","?","T","E","M","?","R","$","R","B",null,"M","$","T","?","M","R","?","E","T","R","E","R","$","M","R","B"],"character_chosen":"DEFECT","items_purchased":["Gash","Conserve Battery","Streamline+1","BootSequence","Blizzard+1","Happy Flower","Cables","Vajra"],"campfire_rested":1,"item_purchase_floors":[4,4,21,31,36,36,47,47],"current_hp_per_floor":[60,45,33,33,33,55,55,28,28,28,28,42,44,44,44,46,63,65,65,58,58,53,53,36,36,36,37,39,39,39,39,39,41,62,50,50,50,50,52,52,52,54,54,54,44,44,44,46,46,42],"gold":25,"neow_bonus":"BOSS_RELIC","is_prod":false,"is_daily":false,"chose_seed":false,"campfire_upgraded":5,"win_rate":0,"timestamp":1532796847,"path_taken":["M","?","?","$","?","R","?","E","T","?","R","?","E","?","R","BOSS","M","?","M","$","M","R","E","?","T","E","M","?","R","$","R","BOSS","M","$","?","?","M","R","?","E","T","R","E","R","$","?","R","BOSS"],"build_version":"2018-07-26","purchased_purges":1,"victory":true,"max_hp_per_floor":[75,75,75,75,75,75,75,75,75,69,69,69,69,69,69,69,69,69,69,69,69,69,69,69,69,69,69,69,69,69,69,69,69,69,69,69,69,69,69,69,69,69,69,69,69,69,69,69,69,69],"card_choices":[{"not_picked":["Steam Power","Barrage"],"picked":"Steam","floor":1},{"not_picked":["Conserve Battery","Rebound"],"picked":"Reboot","floor":8},{"not_picked":["Melter","Coolheaded"],"picked":"Hologram","floor":12},{"not_picked":["Rebound","Compile Driver"],"picked":"Hologram","floor":13},{"not_picked":["Electrodynamics","Biased Cognition"],"picked":"Echo Form","floor":16},{"not_picked":["Hello World","Steam Power"],"picked":"Sunder+1","floor":18},{"not_picked":["Undo","FTL+1"],"picked":"Leap+1","floor":20},{"not_picked":["Conserve Battery","Compile Driver+1"],"picked":"Beam Cell+1","floor":22},{"not_picked":["Darkness","Steam Power"],"picked":"Glacier","floor":27},{"not_picked":["FTL+1","Reinforced Body"],"picked":"Fusion","floor":28},{"not_picked":["Amplify","Multi-Cast"],"picked":"Creative AI","floor":33},{"not_picked":[],"picked":"Leap+1","floor":39},{"not_picked":[],"picked":"Glacier","floor":45},{"not_picked":[],"picked":"Double Energy+1","floor":48}],"player_experience":885100,"relics_obtained":[{"floor":8,"key":"Bag of Preparation"},{"floor":9,"key":"Lantern"},{"floor":13,"key":"Molten Egg 2"},{"floor":14,"key":"DataDisk"},{"floor":24,"key":"Shovel"},{"floor":26,"key":"Shuriken"},{"floor":27,"key":"Omamori"},{"floor":32,"key":"Dodecahedron"},{"floor":37,"key":"Mummified Hand"},{"floor":40,"key":"The Courier"},{"floor":42,"key":"Torii"},{"floor":43,"key":"Matryoshka"},{"floor":45,"key":"Dream Catcher"},{"floor":46,"key":"Gremlin Horn"},{"floor":49,"key":"Blue Candle"}],"event_choices":[{"event_name":"Shining Light","player_choice":"Entered Light","floor":2,"damage_taken":0},{"event_name":"Scrap Ooze","player_choice":"success","floor":3,"damage_taken":12},{"event_name":"World of Goop","player_choice":"Left","floor":5,"damage_taken":0},{"event_name":"Dead Adventurer","player_choice":"Searched \u00271\u0027 times","floor":7,"damage_taken":0},{"event_name":"Golden Idol","player_choice":"Lose Max HP","floor":10,"damage_taken":0},{"event_name":"N\u0027loth","player_choice":"Ignored","floor":19,"damage_taken":0},{"event_name":"Back to Basics","player_choice":"Elegance","floor":25,"damage_taken":0},{"event_name":"Transmorgrifier","player_choice":"Transform","floor":29,"damage_taken":0},{"event_name":"Falling","player_choice":"Removed Skill","floor":38,"damage_taken":0},{"event_name":"Tomb of Lord Red Mask","player_choice":"Ignored","floor":41,"damage_taken":0}],"is_beta":false,"boss_relics":[{"not_picked":["Nuclear Battery","Philosopher\u0027s Stone"],"picked":"Coffee Dripper"},{"not_picked":["Snecko Eye","Eternal Feather"],"picked":"Busted Crown"}],"items_purged_floors":[21],"is_endless":false,"potions_floor_spawned":[1,13,16,18,22,28,39,48],"ascension_level":10}