{"gold_per_floor":[110,120,42,60,77,108,108,138,207,241,254,270,270,282,282,359,359,370,50,62,161,179,206,206,233,233,264,279,279,293,293,293,364,364,375,73,73,92,92,119,119,119,119,148,167,167,202,222,222,222],"floor_reached":51,"playtime":7296,"items_purged":[],"score":1396,"play_id":"68835b90-df21-48b8-8e0f-70e8f92edb27","local_time":"20180808191124","is_ascension_mode":true,"campfire_choices":[{"data":"Clothesline","floor":7.0,"key":"SMITH"},{"data":"True Grit","floor":13.0,"key":"SMITH"},{"data":"Flex","floor":15.0,"key":"SMITH"},{"floor":24.0,"key":"REST"},{"floor":29.0,"key":"REST"},{"floor":32.0,"key":"REST"},{"floor":41.0,"key":"REST"},{"floor":46.0,"key":"REST"},{"floor":49,"key":"REST"}],"neow_cost":"PERCENT_DAMAGE","seed_source_timestamp":2365533802453174,"circlet_count":0,"master_deck":["Strike_R","Strike_R","Strike_R","Strike_R","Defend_R","Defend_R","Defend_R","Defend_R","Bash","AscendersBane","Heavy Blade","Pummel","Shrug It Off","Rampage+1","Metallicize","Shrug It Off","Clothesline+1","Flame Barrier","True Grit+1","Flex+1","Metallicize","Demon Form","Metallicize+1","Disarm","Shockwave","Shrug It Off","Feed","Ghostly Armor","Offering","Flash of Steel+1","Evolve","Shrug It Off+1","Trip","Metamorphosis","Madness","Madness","Pommel Strike+1","Pummel+1","Thunderclap+1"],"special_seed":0,"relics":["Burning Blood","Magic Flower","Nunchaku","Prayer Wheel","Bottled Tornado","Strawberry","Fusion Hammer","Pantograph","Shuriken","Centennial Puzzle","Kunai","Pen Nib","Cursed Key","Tiny Chest","Ice Cream","Whetstone","Anchor","Oddly Smooth Stone"],"potions_floor_usage":[50,50],"damage_taken":[{"damage":1.0,"enemies":"Cultist","floor":1.0,"turns":3.0},{"damage":2.0,"enemies":"2 Louse","floor":2.0,"turns":4.0},{"damage":10.0,"enemies":"Jaw Worm","floor":4.0,"turns":4.0},{"damage":12.0,"enemies":"Gremlin Gang","floor":5.0,"turns":7.0},{"damage":14.0,"enemies":"3 Sentries","floor":6.0,"turns":8.0},{"damage":34.0,"enemies":"Lagavulin","floor":8.0,"turns":10.0},{"damage":14.0,"enemies":"3 Sentries","floor":10.0,"turns":12.0},{"damage":24.0,"enemies":"Large Slime","floor":11.0,"turns":8.0},{"damage":8.0,"enemies":"Lots of Slimes","floor":12.0,"turns":5.0},{"damage":6.0,"enemies":"Red Slaver","floor":14.0,"turns":4.0},{"damage":4.0,"enemies":"Hexaghost","floor":16.0,"turns":12.0},{"damage":9.0,"enemies":"Chosen","floor":18.0,"turns":4.0},{"damage":5.0,"enemies":"Shell Parasite","floor":20.0,"turns":5.0},{"damage":9.0,"enemies":"Centurion and Healer","floor":22.0,"turns":5.0},{"damage":36.0,"enemies":"Gremlin Leader","floor":23.0,"turns":10.0},{"damage":45.0,"enemies":"Slavers","floor":25.0,"turns":8.0},{"damage":10.0,"enemies":"Book of Stabbing","floor":27.0,"turns":6.0},{"damage":4.0,"enemies":"Snecko","floor":28.0,"turns":6.0},{"damage":0.0,"enemies":"Cultist and Chosen","floor":30.0,"turns":11.0},{"damage":29.0,"enemies":"Champ","floor":33.0,"turns":16.0},{"damage":6.0,"enemies":"Flame Bruiser 1 Orb","floor":35.0,"turns":8.0},{"damage":6.0,"floor":37.0,"turns":6.0},{"damage":6.0,"enemies":"Orb Walker","floor":38.0,"turns":2.0},{"damage":43.0,"enemies":"2 Orb Walkers","floor":40.0,"turns":6.0},{"damage":9.0,"enemies":"Giant Head","floor":44.0,"turns":6.0},{"damage":24.0,"enemies":"3 Darklings","floor":45.0,"turns":12.0},{"damage":36.0,"enemies":"Nemesis","floor":47.0,"turns":7.0},{"damage":36,"enemies":"Snecko and Mystics","floor":48,"turns":6},{"damage":34,"enemies":"Donu and Deca","floor":50,"turns":8}],"seed_played":"-232182363444798956","potions_obtained":[{"floor":5.0,"key":"SteroidPotion"},{"floor":6.0,"key":"PowerPotion"},{"floor":10.0,"key":"SneckoOil"},{"floor":12.0,"key":"Dexterity Potion"},{"floor":16.0,"key":"GamblersBrew"},{"floor":18.0,"key":"FearPotion"},{"floor":25.0,"key":"Ancient Potion"},{"floor":27.0,"key":"Dexterity Potion"},{"floor":30.0,"key":"GamblersBrew"},{"floor":33.0,"key":"FearPotion"},{"floor":44.0,"key":"Strength Potion"}],"is_trial":false,"path_per_floor":["M","M","$","M","M","E","R","E","T","E","M","M","R","M","R","B",null,"M","$","M","?","M","E","R","E","T","E","M","R","M","?","R","B",null,"M","$","?","M","?","E","R","?","T","E","M","R","E","M","R","B"],"character_chosen":"IRONCLAD","items_purchased":["Shrug It Off","Rampage","Pantograph","Disarm","Flash of Steel","Evolve","Tiny Chest"],"campfire_rested":6,"item_purchase_floors":[3,3,19,19,36,36,36],"current_hp_per_floor":[58,65,65,64,61,56,56,31,31,33,18,19,19,22,22,27,68,68,68,72,72,72,45,69,33,33,32,37,61,75,75,85,65,80,83,83,85,85,75,41,66,55,55,55,45,71,44,22,49,62],"gold":222,"neow_bonus":"ONE_RARE_RELIC","is_prod":false,"is_daily":false,"chose_seed":false,"campfire_upgraded":3,"win_rate":0,"timestamp":1533748284,"path_taken":["M","M","$","?","?","E","R","E","T","E","M","M","R","?","R","BOSS","M","$","?","?","M","E","R","E","T","E","M","R","M","?","R","BOSS","M","$","?","M","?","E","R","?","T","E","?","R","E","M","R","BOSS"],"build_version":"2018-08-07v3","purchased_purges":0,"victory":true,"max_hp_per_floor":[75,75,75,75,75,75,75,75,75,82,82,82,82,82,82,82,82,82,82,82,82,82,82,82,82,82,82,82,82,85,85,85,85,85,85,85,85,85,85,85,85,85,85,85,88,88,88,91,91,91],"card_choices":[{"not_picked":["True Grit","Shrug It Off"],"picked":"Heavy Blade","floor":1.0},{"not_picked":["Seeing Red","Body Slam"],"picked":"Pummel","floor":2.0},{"not_picked":["Flex","Whirlwind"],"picked":"Metallicize","floor":4.0},{"not_picked":["Whirlwind","Perfected Strike"],"picked":"Shrug It Off","floor":5.0},{"not_picked":["Thunderclap","True Grit"],"picked":"Clothesline","floor":6.0},{"not_picked":["Battle Trance","Clothesline"],"picked":"Flame Barrier","floor":11.0},{"not_picked":["Warcry","Wild Strike"],"picked":"True Grit","floor":12.0},{"not_picked":["Clothesline","Blood for Blood"],"picked":"Flex","floor":12.0},{"not_picked":["Intimidate","Clothesline"],"picked":"Metallicize","floor":14.0},{"not_picked":["Limit Break","Exhume"],"picked":"Demon Form","floor":16.0},{"not_picked":["Flex","Heavy Blade"],"picked":"Metallicize+1","floor":18.0},{"not_picked":["Feel No Pain","Pommel Strike+1"],"picked":"Shockwave","floor":20.0},{"not_picked":["Pommel Strike","Iron Wave+1"],"picked":"Shrug It Off","floor":22.0},{"not_picked":["Searing Blow","Armaments"],"picked":"Feed","floor":23.0},{"not_picked":["Bloodletting","Impervious"],"picked":"Ghostly Armor","floor":27.0},{"not_picked":["Reaper","Impervious"],"picked":"Offering","floor":33.0},{"not_picked":["Impervious","Wild Strike"],"picked":"Shrug It Off+1","floor":37.0},{"not_picked":["Madness","Panacea"],"picked":"Trip","floor":39.0},{"not_picked":["Dramatic Entrance","Finesse"],"picked":"Metamorphosis","floor":39.0},{"not_picked":["Blood for Blood+1","Heavy Blade"],"picked":"Pommel Strike+1","floor":45.0},{"not_picked":["Iron Wave+1","Dropkick+1"],"picked":"Pummel+1","floor":47.0},{"not_picked":["Power Through","Anger"],"picked":"Thunderclap+1","floor":48}],"player_experience":1104660,"relics_obtained":[{"floor":6.0,"key":"Nunchaku"},{"floor":8.0,"key":"Prayer Wheel"},{"floor":9.0,"key":"Bottled Tornado"},{"floor":10.0,"key":"Strawberry"},{"floor":23.0,"key":"Shuriken"},{"floor":25.0,"key":"Centennial Puzzle"},{"floor":26.0,"key":"Kunai"},{"floor":27.0,"key":"Pen Nib"},{"floor":37.0,"key":"Ice Cream"},{"floor":40.0,"key":"Whetstone"},{"floor":44.0,"key":"Anchor"},{"floor":47.0,"key":"Oddly Smooth Stone"}],"event_choices":[{"event_name":"Nest","player_choice":"Stole From Cult","floor":21.0,"damage_taken":0.0},{"event_name":"Bonfire Elementals","player_choice":"BASIC","floor":31.0,"damage_taken":0.0},{"event_name":"MindBloom","player_choice":"Fight","floor":37.0,"damage_taken":0.0},{"event_name":"SensoryStone","player_choice":"Memory 3","floor":39.0,"damage_taken":0.0},{"event_name":"Winding Halls","player_choice":"Embrace Madness","floor":42.0,"damage_taken":0.0}],"is_beta":true,"boss_relics":[{"not_picked":["White Beast Statue","Runic Dome"],"picked":"Fusion Hammer"},{"not_picked":["Orrery","Runic Cube"],"picked":"Cursed Key"}],"items_purged_floors":[],"is_endless":false,"potions_floor_spawned":[5,6,10,11,12,16,18,20,25,27,30,33,40,44,45,48],"ascension_level":14}