{"gold_per_floor":[111,36,36,51,69,69,102,102,102,102,62,78,106,6,6,108,108,122,122,108,33,433,433,457,482,482,482,500,500,525,542,542,641,641,655,655,670,670,74,102,113,113,113,123,141,141,180,191,191,191],"floor_reached":50,"playtime":2261,"items_purged":["Strike_R","Strike_R","Strike_R+1"],"score":675,"play_id":"867ab71c-b3e7-4d68-87f5-82593bcdfd42","local_time":"20190128041748","is_ascension_mode":true,"campfire_choices":[{"data":"Metallicize","floor":6.0,"key":"SMITH"},{"data":"Bash","floor":8.0,"key":"SMITH"},{"data":"Metallicize","floor":15.0,"key":"SMITH"},{"data":"True Grit","floor":23.0,"key":"SMITH"},{"data":"Ghostly","floor":29.0,"key":"SMITH"},{"data":"Ghostly","floor":32.0,"key":"SMITH"},{"data":"1","floor":46,"key":"LIFT"},{"data":"2","floor":49,"key":"LIFT"}],"neow_cost":"NONE","seed_source_timestamp":149213354014880,"circlet_count":0,"master_deck":["Defend_R+1","Defend_R+1","Bash+1","Clothesline+1","Metallicize+1","Metallicize+1","Rampage+1","Offering+1","Clash+1","Berserk+1","Clash+1","True Grit+1","Ghostly+1","Ghostly+1","Ghostly+1","Ghostly+1","Ghostly+1","Evolve+1","Chrysalis","Magnetism","Parasite","Battle Trance+1"],"special_seed":0,"relics":["Burning Blood","Ornamental Fan","Kunai","Champion Belt","Astrolabe","Potion Belt","Old Coin","Molten Egg 2","Anchor","Lantern","Pear","Girya","Busted Crown","Mark of the Bloom","Mango","Whetstone","Smiling Mask"],"potions_floor_usage":[48,48,48],"damage_taken":[{"damage":0.0,"enemies":"Small Slimes","floor":1.0,"turns":3.0},{"damage":7.0,"enemies":"2 Louse","floor":4.0,"turns":3.0},{"damage":1.0,"enemies":"Cultist","floor":5.0,"turns":5.0},{"damage":18.0,"enemies":"Lagavulin","floor":7.0,"turns":6.0},{"damage":3.0,"enemies":"2 Fungi Beasts","floor":12.0,"turns":4.0},{"damage":2.0,"enemies":"3 Sentries","floor":13.0,"turns":12.0},{"damage":36.0,"enemies":"Slime Boss","floor":16.0,"turns":13.0},{"damage":8.0,"enemies":"Chosen","floor":18.0,"turns":6.0},{"damage":15.0,"enemies":"2 Thieves","floor":20.0,"turns":4.0},{"damage":11.0,"enemies":"Colosseum Slavers","floor":22.0,"turns":3.0},{"damage":22.0,"enemies":"Colosseum Nobs","floor":22.0,"turns":5.0},{"damage":6.0,"enemies":"Gremlin Leader","floor":25.0,"turns":7.0},{"damage":1.0,"enemies":"Snecko","floor":28.0,"turns":5.0},{"damage":1.0,"enemies":"Slavers","floor":30.0,"turns":9.0},{"damage":1.0,"enemies":"Centurion and Healer","floor":31.0,"turns":6.0},{"damage":35.0,"enemies":"Champ","floor":33.0,"turns":17.0},{"damage":11.0,"enemies":"3 Shapes","floor":35.0,"turns":8.0},{"damage":0.0,"enemies":"2 Orb Walkers","floor":36.0,"turns":1.0},{"damage":4,"enemies":"Orb Walker","floor":37,"turns":5},{"damage":7,"enemies":"Reptomancer","floor":40,"turns":6},{"damage":4,"enemies":"4 Shapes","floor":41,"turns":7},{"damage":1,"enemies":"3 Darklings","floor":44,"turns":5},{"damage":1,"enemies":"Jaw Worm Horde","floor":45,"turns":5},{"damage":2,"enemies":"Writhing Mass","floor":47,"turns":6},{"damage":2,"enemies":"4 Shapes","floor":48,"turns":6},{"damage":33,"enemies":"Donu and Deca","floor":50,"turns":11}],"seed_played":"-2418108911560032208","potions_obtained":[{"floor":4.0,"key":"Strength Potion"},{"floor":7.0,"key":"EssenceOfSteel"},{"floor":12.0,"key":"Swift Potion"},{"floor":22.0,"key":"EntropicBrew"},{"floor":25.0,"key":"Fire Potion"},{"floor":30.0,"key":"SpeedPotion"},{"floor":33.0,"key":"Block Potion"},{"floor":37,"key":"Block Potion"}],"is_trial":false,"path_per_floor":["M","$","?","M","M","R","E","R","T","?","$","M","E","$","R","B",null,"M","?","M","?","?","R","T","E","T","?","M","R","E","M","R","B",null,"M","?","M","?","$","E","M","?","T","M","M","R","M","M","R","B"],"character_chosen":"IRONCLAD","items_purchased":["Metallicize","Chrysalis","Mango"],"campfire_rested":0,"item_purchase_floors":[11,39,39],"current_hp_per_floor":[88,88,93,92,93,93,81,81,81,81,81,84,88,88,88,58,93,91,91,82,82,61,61,61,61,71,51,51,51,51,51,51,22,51,46,51,51,51,51,44,40,35,35,34,33,33,31,29,29,0],"gold":191,"neow_bonus":"TEN_PERCENT_HP_BONUS","is_prod":false,"is_daily":false,"chose_seed":false,"campfire_upgraded":6,"win_rate":0,"timestamp":1548645468,"path_taken":["M","$","?","M","M","R","E","R","T","?","$","?","E","$","R","BOSS","M","?","?","?","?","R","?","E","T","?","M","R","E","M","R","BOSS","M","?","M","?","$","E","M","?","T","M","M","R","?","M","R","BOSS"],"build_version":"2019-01-23","purchased_purges":3,"victory":false,"max_hp_per_floor":[88,88,93,93,93,93,93,93,93,93,93,93,93,93,93,93,93,93,93,93,93,93,93,93,93,103,51,51,51,51,51,51,51,51,51,51,51,51,65,65,65,65,65,65,65,65,65,65,65,65],"card_choices":[{"not_picked":["Sword Boomerang","Disarm"],"picked":"Clothesline","floor":1.0},{"not_picked":["Shrug It Off","Warcry"],"picked":"Metallicize","floor":4.0},{"not_picked":["Heavy Blade","Infernal Blade","Thunderclap"],"picked":"SKIP","floor":5.0},{"not_picked":["Warcry","Twin Strike","Brutality"],"picked":"SKIP","floor":7.0},{"not_picked":["Thunderclap","Heavy Blade","Seeing Red"],"picked":"SKIP","floor":12.0},{"not_picked":["Clothesline","Searing Blow"],"picked":"Rampage","floor":13.0},{"not_picked":["Demon Form","Dark Embrace"],"picked":"Offering","floor":16.0},{"not_picked":["Perfected Strike","Shockwave+1","Seeing Red"],"picked":"SKIP","floor":18.0},{"not_picked":["Feel No Pain+1","Havoc+1"],"picked":"Clash","floor":20.0},{"not_picked":["Hemokinesis+1","Warcry"],"picked":"True Grit","floor":22.0},{"not_picked":["Clothesline+1","Twin Strike+1","Perfected Strike+1"],"picked":"SKIP","floor":25.0},{"not_picked":["Twin Strike+1","Armaments","Body Slam+1"],"picked":"SKIP","floor":28.0},{"not_picked":["Body Slam+1","Armaments","Spot Weakness"],"picked":"SKIP","floor":30.0},{"not_picked":["Cleave+1","Havoc","Warcry"],"picked":"SKIP","floor":31.0},{"not_picked":["Clash+1"],"picked":"SKIP","floor":35.0},{"not_picked":[],"picked":"Evolve","floor":37},{"not_picked":["Body Slam+1"],"picked":"SKIP","floor":40},{"not_picked":["Clash+1"],"picked":"SKIP","floor":41},{"not_picked":[],"picked":"Magnetism","floor":42},{"not_picked":["Body Slam+1"],"picked":"SKIP","floor":44},{"not_picked":["Rupture"],"picked":"SKIP","floor":45},{"not_picked":["Pommel Strike+1"],"picked":"SKIP","floor":47},{"not_picked":[],"picked":"Battle Trance+1","floor":48}],"player_experience":23010,"relics_obtained":[{"floor":7.0,"key":"Ornamental Fan"},{"floor":9.0,"key":"Kunai"},{"floor":13.0,"key":"Champion Belt"},{"floor":22.0,"key":"Old Coin"},{"floor":22.0,"key":"Molten Egg 2"},{"floor":24.0,"key":"Anchor"},{"floor":25.0,"key":"Lantern"},{"floor":26.0,"key":"Pear"},{"floor":30.0,"key":"Girya"},{"floor":40,"key":"Whetstone"},{"floor":43,"key":"Smiling Mask"}],"event_choices":[{"damage_healed":0.0,"max_hp_gain":5.0,"max_hp_loss":0.0,"gold_gain":0.0,"event_name":"Big Fish","player_choice":"Donut","floor":3.0,"gold_loss":0.0,"damage_taken":0.0},{"damage_healed":0.0,"max_hp_gain":0.0,"max_hp_loss":0.0,"gold_gain":0.0,"event_name":"The Woman in Blue","player_choice":"Bought 0 Potions","floor":10.0,"gold_loss":0.0,"damage_taken":0.0},{"cards_removed":["Entrench"],"damage_healed":0.0,"max_hp_gain":0.0,"max_hp_loss":0.0,"gold_gain":0.0,"event_name":"WeMeetAgain","player_choice":"Gave Card","floor":19.0,"gold_loss":0.0,"damage_taken":0.0,"relics_obtained":["Potion Belt"]},{"cards_removed":["Defend_R"],"damage_healed":0.0,"max_hp_gain":0.0,"max_hp_loss":0.0,"gold_gain":0.0,"event_name":"Beggar","player_choice":"Gave Gold","floor":21.0,"gold_loss":75.0,"damage_taken":0.0},{"damage_healed":0.0,"max_hp_gain":0.0,"max_hp_loss":0.0,"gold_gain":0.0,"event_name":"Colosseum","player_choice":"Fight","floor":22.0,"gold_loss":0.0,"damage_taken":0.0},{"damage_healed":0.0,"max_hp_gain":0.0,"max_hp_loss":0.0,"gold_gain":0.0,"event_name":"Colosseum","player_choice":"Fought Nobs","floor":22.0,"gold_loss":0.0,"damage_taken":0.0},{"damage_healed":0.0,"max_hp_gain":0.0,"max_hp_loss":52.0,"gold_gain":0.0,"event_name":"Ghosts","player_choice":"Became a Ghost","floor":27.0,"gold_loss":0.0,"damage_taken":0.0,"cards_obtained":["Ghostly","Ghostly","Ghostly","Ghostly","Ghostly"]},{"damage_healed":0.0,"max_hp_gain":0.0,"max_hp_loss":0.0,"gold_gain":0.0,"event_name":"Mysterious Sphere","player_choice":"Fight","floor":36.0,"gold_loss":0.0,"damage_taken":0.0},{"damage_healed":0,"gold_gain":0,"player_choice":"Upgrade","damage_taken":0,"relics_obtained":["Mark of the Bloom"],"max_hp_gain":0,"max_hp_loss":0,"event_name":"MindBloom","floor":38,"gold_loss":0,"cards_upgraded":["Strike_R","Defend_R","Defend_R","Clothesline","Rampage","Offering","Clash","Ghostly","Ghostly","Ghostly","Evolve"]},{"damage_healed":0,"gold_gain":0,"player_choice":"Memory 2","damage_taken":5,"max_hp_gain":0,"max_hp_loss":0,"event_name":"SensoryStone","floor":42,"gold_loss":0}],"is_beta":false,"boss_relics":[{"not_picked":["Ectoplasm","Eternal Feather"],"picked":"Astrolabe"},{"not_picked":["Cursed Key","Philosopher\u0027s Stone"],"picked":"Busted Crown"}],"items_purged_floors":[2,14,39],"is_endless":false,"potions_floor_spawned":[4,7,12,22,22,25,30,33,36,37],"killed_by":"Donu and Deca","ascension_level":1}