{"gold_per_floor":[118,138,148,5,180,205,280,280,307,337,356,356,356,370,370,468,468,488,194,224,224,240,240],"floor_reached":23,"playtime":1658,"items_purged":["Doubt"],"score":265,"play_id":"40590dca-88e1-46a4-a5d9-b1bc1b83b74b","local_time":"20190509172630","is_ascension_mode":true,"campfire_choices":[{"floor":8,"key":"REST"},{"floor":15,"key":"REST"}],"neow_cost":"NONE","seed_source_timestamp":4416616492640601,"circlet_count":0,"master_deck":["Strike_R","Strike_R","Strike_R","Strike_R","Strike_R","Defend_R","Defend_R","Defend_R","Defend_R","Bash","Entrench","Burning Pact","Metallicize","Shrug It Off","Blind","True Grit","Pommel Strike","Feel No Pain","Demon Form","Battle Trance","Shrug It Off","Heavy Blade","Writhe","Mind Blast","Flash of Steel","Shrug It Off"],"relics":["Burning Blood","Boot","Regal Pillow","Blood Vial","Bronze Scales","Velvet Choker","Pen Nib","Tiny Chest"],"potions_floor_usage":[6,6,16,16],"damage_taken":[{"damage":0,"enemies":"Small Slimes","floor":1,"turns":4},{"damage":1,"enemies":"2 Louse","floor":2,"turns":3},{"damage":24,"enemies":"Jaw Worm","floor":3,"turns":5},{"damage":47,"enemies":"Gremlin Nob","floor":6,"turns":6},{"damage":6,"enemies":"Exordium Wildlife","floor":11,"turns":9},{"damage":2,"enemies":"Looter","floor":14,"turns":4},{"damage":59,"enemies":"Slime Boss","floor":16,"turns":29},{"damage":16,"enemies":"Shell Parasite","floor":18,"turns":12},{"damage":18,"enemies":"Chosen","floor":22,"turns":5},{"damage":43,"enemies":"Slavers","floor":23,"turns":3}],"seed_played":"5524981455909588020","potions_obtained":[{"floor":2,"key":"Swift Potion"},{"floor":3,"key":"SkillPotion"},{"floor":6,"key":"Swift Potion"},{"floor":11,"key":"PowerPotion"}],"is_trial":false,"path_per_floor":["?","?","?","M","?","?","?","?"],"character_chosen":"IRONCLAD","items_purchased":["Shrug It Off","Blind","Shrug It Off","Heavy Blade","Pen Nib"],"campfire_rested":2,"item_purchase_floors":[4,4,19,19,19],"current_hp_per_floor":[86,88,70,70,70,29,18,44,44,44,46,39,39,45,86,35,75,67,67,67,43,33,0],"gold":240,"neow_bonus":"TEN_PERCENT_HP_BONUS","is_prod":false,"is_daily":false,"chose_seed":false,"campfire_upgraded":0,"win_rate":0,"timestamp":1557437190,"path_taken":["M","M","M","$","?","E","?","R","T","?","?","?","?","M","R","BOSS","M","$","?","?","M","E"],"build_version":"2019-01-23","purchased_purges":1,"victory":false,"max_hp_per_floor":[88,88,88,88,88,88,88,88,88,88,88,88,88,88,88,88,88,88,88,88,88,88,88],"card_choices":[{"not_picked":["Pommel Strike","Body Slam"],"picked":"Entrench","floor":1},{"not_picked":["Headbutt","Perfected Strike"],"picked":"Burning Pact","floor":2},{"not_picked":["Hemokinesis","Armaments"],"picked":"Metallicize","floor":3},{"not_picked":["Rage","Sever Soul"],"picked":"True Grit","floor":6},{"not_picked":["Warcry","Anger"],"picked":"Pommel Strike","floor":11},{"not_picked":["Pummel","Burning Pact"],"picked":"Feel No Pain","floor":14},{"not_picked":["Offering","Double Tap"],"picked":"Demon Form","floor":16},{"not_picked":["Rage+1","Headbutt"],"picked":"Battle Trance","floor":18},{"not_picked":["Sentinel","Evolve"],"picked":"Shrug It Off","floor":22}],"player_experience":340986,"relics_obtained":[{"floor":6,"key":"Boot"},{"floor":9,"key":"Regal Pillow"}],"event_choices":[{"damage_healed":0,"gold_gain":175,"player_choice":"AGREE","damage_taken":0,"max_hp_gain":0,"max_hp_loss":0,"event_name":"Liars Game","floor":5,"gold_loss":0,"cards_obtained":["Doubt"]},{"damage_healed":0,"gold_gain":75,"player_choice":"Gather Gold","damage_taken":11,"max_hp_gain":0,"max_hp_loss":0,"event_name":"World of Goop","floor":7,"gold_loss":0},{"damage_healed":0,"gold_gain":30,"player_choice":"Searched \u00272\u0027 times","damage_taken":0,"relics_obtained":["Blood Vial"],"max_hp_gain":0,"max_hp_loss":0,"event_name":"Dead Adventurer","floor":10,"gold_loss":0},{"damage_healed":0,"gold_gain":0,"player_choice":"Success","damage_taken":7,"relics_obtained":["Bronze Scales"],"max_hp_gain":0,"max_hp_loss":0,"event_name":"Scrap Ooze","floor":12,"gold_loss":0},{"damage_healed":0,"gold_gain":0,"player_choice":"Ignored","damage_taken":0,"max_hp_gain":0,"max_hp_loss":0,"event_name":"Shining Light","floor":13,"gold_loss":0},{"damage_healed":0,"gold_gain":0,"player_choice":"Opened","damage_taken":0,"relics_obtained":["Tiny Chest"],"max_hp_gain":0,"max_hp_loss":0,"event_name":"The Mausoleum","floor":20,"gold_loss":0,"cards_obtained":["Writhe"]},{"damage_healed":0,"gold_gain":0,"player_choice":"CARD CARD ","damage_taken":24,"max_hp_gain":0,"max_hp_loss":0,"event_name":"Knowing Skull","floor":21,"potions_obtained":[],"gold_loss":0,"cards_obtained":["Mind Blast","Flash of Steel"]}],"is_beta":false,"boss_relics":[{"not_picked":["Pandora\u0027s Box","White Beast Statue"],"picked":"Velvet Choker"}],"items_purged_floors":[19],"is_endless":false,"potions_floor_spawned":[2,3,6,11],"killed_by":"Slavers","ascension_level":8}