{"gold_per_floor":[109,109,10,20,20,20,51,51,131,131,143,143,177,193,193,291,341,358,190,105,130,30,44,44],"floor_reached":24,"playtime":588,"items_purged":["Strike_G","Strike_G"],"score":313,"play_id":"b1483483-8615-4106-ab77-8f3962d058fa","local_time":"20190430012053","is_ascension_mode":true,"campfire_choices":[{"data":"Noxious Fumes","floor":6,"key":"SMITH"},{"floor":8,"key":"REST"},{"data":"Deadly Poison","floor":10,"key":"SMITH"},{"data":"Neutralize","floor":12,"key":"SMITH"},{"data":"Poisoned Stab","floor":15,"key":"SMITH"}],"neow_cost":"TEN_PERCENT_HP_LOSS","seed_source_timestamp":1658423833109467,"circlet_count":0,"master_deck":["AscendersBane","Defend_G","Defend_G+1","Defend_G+1","Defend_G","Strike_G","Strike_G","Survivor","Neutralize+1","Dash+1","Deadly Poison+1","Noxious Fumes+1","Footwork","Poisoned Stab+1","Sucker Punch","Deadly Poison","Catalyst"],"relics":["Ring of the Snake","Bird Faced Urn","Darkstone Periapt","Ancient Tea Set","Tiny House","Regal Pillow","Red Mask"],"potions_floor_usage":[7,13,16,21],"damage_taken":[{"damage":7,"enemies":"Jaw Worm","floor":1,"turns":5},{"damage":0,"enemies":"Cultist","floor":4,"turns":4},{"damage":17,"enemies":"3 Sentries","floor":7,"turns":6},{"damage":0,"enemies":"2 Louse","floor":11,"turns":3},{"damage":4,"enemies":"Lagavulin","floor":13,"turns":6},{"damage":2,"enemies":"2 Fungi Beasts","floor":14,"turns":4},{"damage":19,"enemies":"Hexaghost","floor":16,"turns":9},{"damage":11,"enemies":"Shell Parasite","floor":18,"turns":6},{"damage":41,"enemies":"Masked Bandits","floor":21,"turns":6},{"damage":16,"enemies":"2 Thieves","floor":23,"turns":5},{"damage":6,"enemies":"Snake Plant","floor":24,"turns":2}],"seed_played":"-1771809325183632285","potions_obtained":[{"floor":1,"key":"Explosive Potion"},{"floor":5,"key":"SkillPotion"},{"floor":13,"key":"LiquidBronze"},{"floor":17,"key":"Fire Potion"},{"floor":23,"key":"SteroidPotion"}],"is_trial":false,"path_per_floor":["M","?","$","M","?","R","E","R","T","R","M","R","E","M","R","B",null,"M","$","?","?","$","M","M"],"character_chosen":"THE_SILENT","items_purchased":["Deadly Poison","Noxious Fumes","Deadly Poison","Catalyst"],"campfire_rested":1,"item_purchase_floors":[3,3,19,19],"current_hp_per_floor":[56,43,43,43,43,43,26,44,44,44,48,48,48,50,50,35,61,54,54,54,15,15,3,0],"gold":44,"neow_bonus":"REMOVE_TWO","is_prod":false,"is_daily":false,"chose_seed":false,"campfire_upgraded":4,"win_rate":0,"timestamp":1556580053,"path_taken":["M","?","$","M","?","R","E","R","T","R","M","R","E","?","R","BOSS","M","$","?","?","$","M","M"],"build_version":"2019-01-23","purchased_purges":2,"victory":false,"max_hp_per_floor":[63,63,63,63,63,63,63,63,63,63,63,63,63,63,63,63,68,68,68,68,68,68,68,68],"card_choices":[{"not_picked":["Endless Agony","Concentrate"],"picked":"Dash","floor":1},{"not_picked":["Terror","Masterful Stab","Dash"],"picked":"SKIP","floor":4},{"not_picked":["Blade Dance","Tactician"],"picked":"Footwork","floor":7},{"not_picked":["Dodge and Roll","Setup"],"picked":"Poisoned Stab","floor":11},{"not_picked":["Slice","Flying Knee","Setup"],"picked":"SKIP","floor":13},{"not_picked":["Prepared","Outmaneuver","Distraction"],"picked":"SKIP","floor":14},{"not_picked":["Outmaneuver","Dash"],"picked":"Sucker Punch","floor":17},{"not_picked":["Dagger Throw+1","Slice+1","All Out Attack+1"],"picked":"SKIP","floor":18},{"not_picked":["Accuracy+1","Deflect","Finisher"],"picked":"SKIP","floor":23}],"player_experience":186095,"relics_obtained":[{"floor":7,"key":"Bird Faced Urn"},{"floor":9,"key":"Darkstone Periapt"},{"floor":13,"key":"Ancient Tea Set"},{"floor":21,"key":"Red Mask"}],"event_choices":[{"damage_healed":0,"gold_gain":0,"player_choice":"Entered Light","damage_taken":13,"max_hp_gain":0,"max_hp_loss":0,"event_name":"Shining Light","floor":2,"gold_loss":0,"cards_upgraded":["Defend_G","Defend_G"]},{"damage_healed":0,"gold_gain":0,"player_choice":"Got Potions","damage_taken":0,"max_hp_gain":0,"max_hp_loss":0,"event_name":"Lab","floor":5,"gold_loss":0},{"damage_healed":0,"gold_gain":0,"player_choice":"Obtained Relic","damage_taken":0,"relics_obtained":["Regal Pillow"],"max_hp_gain":0,"max_hp_loss":0,"event_name":"Addict","floor":20,"gold_loss":85},{"damage_healed":0,"gold_gain":0,"player_choice":"Fought Bandits","damage_taken":0,"max_hp_gain":0,"max_hp_loss":0,"event_name":"Masked Bandits","floor":21,"gold_loss":0}],"is_beta":false,"boss_relics":[{"not_picked":["WristBlade","Pandora\u0027s Box"],"picked":"Tiny House"}],"items_purged_floors":[19,22],"is_endless":false,"potions_floor_spawned":[1,13,23],"killed_by":"Snake Plant","ascension_level":11}