{"gold_per_floor":[109,284,300,375,393,393,404,153,153,72,92,92,125,142,142,142],"floor_reached":16,"playtime":417,"items_purged":["Doubt"],"score":153,"play_id":"ebd4a95c-fbd5-4ba0-a1fe-bb952dc2e79a","local_time":"20190407184342","is_ascension_mode":true,"campfire_choices":[{"data":"Catalyst","floor":6,"key":"SMITH"},{"floor":15,"key":"REST"}],"neow_cost":"TEN_PERCENT_HP_LOSS","seed_source_timestamp":26726985844288,"circlet_count":0,"master_deck":["AscendersBane","Defend_G","Defend_G","Defend_G","Defend_G","Defend_G","Strike_G","Strike_G","Strike_G","Strike_G","Strike_G","Survivor","Neutralize","Unload","Deadly Poison","Catalyst+1","Noxious Fumes","Catalyst"],"relics":["Ring of the Snake","PreservedInsect","Regal Pillow","The Courier"],"potions_floor_usage":[11,11,11,11,13,14,16],"damage_taken":[{"damage":2,"enemies":"2 Louse","floor":1,"turns":3},{"damage":3,"enemies":"Jaw Worm","floor":3,"turns":3},{"damage":0,"enemies":"Cultist","floor":5,"turns":3},{"damage":21,"enemies":"Blue Slaver","floor":7,"turns":4},{"damage":0,"enemies":"3 Louse","floor":11,"turns":5},{"damage":14,"enemies":"3 Sentries","floor":13,"turns":7},{"damage":14,"enemies":"Large Slime","floor":14,"turns":6},{"damage":47,"enemies":"Slime Boss","floor":16,"turns":12}],"seed_played":"3993048133705399120","potions_obtained":[{"floor":5,"key":"EssenceOfSteel"},{"floor":7,"key":"EntropicBrew"},{"floor":11,"key":"Dexterity Potion"},{"floor":13,"key":"LiquidBronze"}],"is_trial":false,"path_per_floor":["M","?","M","?","M","R","M","$","T","$","M","?","E","M","R","B"],"character_chosen":"THE_SILENT","items_purchased":["Noxious Fumes","PreservedInsect","Catalyst"],"campfire_rested":1,"item_purchase_floors":[8,8,10],"current_hp_per_floor":[61,61,58,47,47,47,26,26,26,26,41,41,27,13,46,0],"gold":142,"neow_bonus":"THREE_RARE_CARDS","is_prod":false,"is_daily":false,"chose_seed":false,"campfire_upgraded":1,"win_rate":0,"timestamp":1554655422,"path_taken":["M","?","M","?","M","R","?","$","T","$","M","?","E","M","R","BOSS"],"build_version":"2019-01-23","purchased_purges":1,"victory":false,"max_hp_per_floor":[63,63,63,63,63,63,63,63,63,63,63,63,63,63,63,63],"card_choices":[{"not_picked":["Night Terror","Storm of Steel"],"picked":"Unload","floor":0},{"not_picked":["Cloak And Dagger","Skewer"],"picked":"Deadly Poison","floor":1},{"not_picked":["Heel Hook","Distraction"],"picked":"Catalyst","floor":3},{"not_picked":["Finisher","Prepared","Bane"],"picked":"SKIP","floor":5},{"not_picked":["PiercingWail","Cloak And Dagger","Phantasmal Killer"],"picked":"SKIP","floor":7},{"not_picked":["PiercingWail","Blade Dance","Dagger Throw"],"picked":"SKIP","floor":11},{"not_picked":["Expertise","All Out Attack","Night Terror"],"picked":"SKIP","floor":13},{"not_picked":["Flechettes","Acrobatics","Cloak And Dagger"],"picked":"SKIP","floor":14}],"player_experience":157431,"relics_obtained":[{"floor":9,"key":"Regal Pillow"},{"floor":13,"key":"The Courier"}],"event_choices":[{"damage_healed":0,"gold_gain":175,"player_choice":"AGREE","damage_taken":0,"max_hp_gain":0,"max_hp_loss":0,"event_name":"Liars Game","floor":2,"gold_loss":0,"cards_obtained":["Doubt"]},{"damage_healed":0,"gold_gain":75,"player_choice":"Gather Gold","damage_taken":11,"max_hp_gain":0,"max_hp_loss":0,"event_name":"World of Goop","floor":4,"gold_loss":0},{"damage_healed":0,"gold_gain":0,"player_choice":"Bought 0 Potions","damage_taken":0,"max_hp_gain":0,"max_hp_loss":0,"event_name":"The Woman in Blue","floor":12,"gold_loss":0}],"is_beta":false,"boss_relics":[],"items_purged_floors":[8],"is_endless":false,"potions_floor_spawned":[5,7,11,13],"killed_by":"Slime Boss","ascension_level":10}