{"gold_per_floor":[110,29,0,0,16,16,48,58,58,75,95,95,111,121,121,194,194,208,223,223,223],"floor_reached":21,"playtime":979,"items_purged":[],"score":366,"play_id":"22c54dbf-b672-4a3e-9cd9-3a601c95ed66","local_time":"20190212162913","is_ascension_mode":true,"campfire_choices":[{"data":"Sunder","floor":6.0,"key":"SMITH"},{"floor":12.0,"key":"REST"},{"data":"Defragment","floor":15.0,"key":"SMITH"}],"neow_cost":"NONE","seed_source_timestamp":2876826340679494,"circlet_count":0,"master_deck":["AscendersBane","Strike_B","Strike_B","Strike_B","Defend_B","Defend_B","Defend_B","Defend_B","Zap","Dualcast","Seek","Sunder+1","Defragment+1","Melter","Hologram","Ball Lightning","Coolheaded","Conserve Battery","Cold Snap","Go for the Eyes","Creative AI","Loop","Coolheaded"],"special_seed":0,"relics":["Cracked Core","Du-Vu Doll","Sundial","Fusion Hammer"],"potions_floor_usage":[],"damage_taken":[{"damage":1.0,"enemies":"2 Louse","floor":1.0,"turns":2.0},{"damage":11.0,"enemies":"Jaw Worm","floor":5.0,"turns":5.0},{"damage":8.0,"enemies":"Gremlin Nob","floor":7.0,"turns":3.0},{"damage":7.0,"enemies":"Small Slimes","floor":8.0,"turns":3.0},{"damage":16.0,"enemies":"Blue Slaver","floor":10.0,"turns":3.0},{"damage":3.0,"enemies":"3 Louse","floor":11.0,"turns":3.0},{"damage":0.0,"enemies":"Large Slime","floor":13.0,"turns":7.0},{"damage":2.0,"enemies":"2 Fungi Beasts","floor":14.0,"turns":2.0},{"damage":2.0,"enemies":"Hexaghost","floor":16.0,"turns":7.0},{"damage":35.0,"enemies":"3 Byrds","floor":18.0,"turns":5.0},{"damage":3.0,"enemies":"Chosen","floor":19.0,"turns":7.0},{"damage":22,"enemies":"Shelled Parasite and Fungi","floor":21,"turns":3}],"seed_played":"3251009221629782478","potions_obtained":[{"floor":1.0,"key":"SkillPotion"},{"floor":7.0,"key":"SkillPotion"},{"floor":11.0,"key":"PowerPotion"}],"is_trial":false,"path_per_floor":["M","$","?","?","M","R","E","M","T","M","M","R","M","M","R","B",null,"M","M","?","M"],"character_chosen":"DEFECT","items_purchased":["Defragment"],"campfire_rested":1,"item_purchase_floors":[2],"current_hp_per_floor":[63,63,63,56,45,45,37,30,30,14,11,32,32,30,30,28,60,25,22,22,0],"gold":223,"neow_bonus":"ONE_RANDOM_RARE_CARD","is_prod":false,"is_daily":false,"chose_seed":false,"campfire_upgraded":2,"win_rate":0,"timestamp":1549985353,"path_taken":["M","$","?","?","M","R","E","M","T","M","M","R","M","M","R","BOSS","M","M","?","M"],"build_version":"2019-01-23","purchased_purges":0,"victory":false,"max_hp_per_floor":[71,71,71,71,71,71,71,71,71,71,71,71,71,71,71,71,71,71,71,71,71],"card_choices":[{"not_picked":["Hologram","Reprogram"],"picked":"Sunder","floor":1.0},{"not_picked":["Rebound","Fusion"],"picked":"Melter","floor":5.0},{"not_picked":["Recycle","Fusion"],"picked":"Hologram","floor":7.0},{"not_picked":["Heatsinks","Beam Cell"],"picked":"Ball Lightning","floor":8.0},{"not_picked":["Streamline","Ball Lightning"],"picked":"Coolheaded","floor":10.0},{"not_picked":["White Noise","Sweeping Beam"],"picked":"Conserve Battery","floor":11.0},{"not_picked":["Hologram","Leap"],"picked":"Cold Snap","floor":13.0},{"not_picked":["Double Energy","Rebound"],"picked":"Go for the Eyes","floor":14.0},{"not_picked":["Seek","Electrodynamics"],"picked":"Creative AI","floor":16.0},{"not_picked":["Cold Snap","Go for the Eyes"],"picked":"Loop","floor":18.0},{"not_picked":["Steam","Leap+1"],"picked":"Coolheaded","floor":19.0}],"player_experience":1332159,"relics_obtained":[{"floor":7.0,"key":"Du-Vu Doll"},{"floor":9.0,"key":"Sundial"}],"event_choices":[{"damage_healed":0.0,"max_hp_gain":0.0,"max_hp_loss":0.0,"gold_gain":0.0,"event_name":"World of Goop","player_choice":"Left Gold","floor":3.0,"gold_loss":29.0,"damage_taken":0.0},{"cards_removed":["Strike_B"],"damage_healed":0.0,"max_hp_gain":0.0,"max_hp_loss":0.0,"gold_gain":0.0,"event_name":"Golden Wing","player_choice":"Card Removal","floor":4.0,"gold_loss":0.0,"damage_taken":7.0},{"damage_healed":0.0,"max_hp_gain":0.0,"max_hp_loss":0.0,"gold_gain":0.0,"event_name":"The Mausoleum","player_choice":"Ignored","floor":20.0,"gold_loss":0.0,"damage_taken":0.0}],"is_beta":false,"boss_relics":[{"not_picked":["Velvet Choker","FrozenCore"],"picked":"Fusion Hammer"}],"items_purged_floors":[],"is_endless":false,"potions_floor_spawned":[1,7,10,11],"killed_by":"Shelled Parasite and Fungi","ascension_level":20}