{"gold_per_floor":[116,41,41,53,53,53,53,53,109,109,9,9,38,48,48,153,153,171,184,184,59,73,73,73,73,73,173,192,226,239,154,154,255,255,271,285,285,297,147,147,160,180,259,269,283,283,108,122,122,122],"floor_reached":51,"playtime":1077,"items_purged":["Strike_R","Strike_R","Bash+1","Defend_R+1","Defend_R+1"],"score":717,"play_id":"ab6783d2-f4e5-4d1b-a0e6-f324d9de1ecc","local_time":"20190416202644","is_ascension_mode":false,"campfire_choices":[{"data":"Rampage","floor":6.0,"key":"SMITH"},{"data":"Bash","floor":8.0,"key":"SMITH"},{"data":"Defend_R","floor":15,"key":"SMITH"},{"data":"Defend_R","floor":23,"key":"SMITH"},{"data":"Defend_R","floor":25,"key":"SMITH"},{"floor":32,"key":"REST"},{"data":"Shrug It Off","floor":40,"key":"SMITH"},{"data":"Shrug It Off","floor":46,"key":"SMITH"},{"data":"Double Tap","floor":49,"key":"SMITH"}],"neow_cost":"TEN_PERCENT_HP_LOSS","seed_source_timestamp":517008337595081,"circlet_count":0,"master_deck":["Defend_R+1","Rampage+1","Double Tap+1","Shrug It Off+1","Shrug It Off+1"],"special_seed":0,"relics":["Burning Blood","Tiny Chest","Mercury Hourglass","Potion Belt","Philosopher\u0027s Stone","Du-Vu Doll","Ginger","Torii","Blue Candle","Bag of Marbles","Kunai","Velvet Choker","Dodecahedron"],"potions_floor_usage":[27,27,50],"damage_taken":[{"damage":10.0,"enemies":"Jaw Worm","floor":1.0,"turns":4.0},{"damage":7.0,"enemies":"Small Slimes","floor":4.0,"turns":5.0},{"damage":16.0,"enemies":"Lagavulin","floor":13.0,"turns":4.0},{"damage":6,"enemies":"2 Louse","floor":14,"turns":2},{"damage":0,"enemies":"The Guardian","floor":16,"turns":7},{"damage":4,"enemies":"2 Thieves","floor":18,"turns":4},{"damage":14,"enemies":"Shell Parasite","floor":19,"turns":2},{"damage":18,"enemies":"Shelled Parasite and Fungi","floor":22,"turns":4},{"damage":11,"enemies":"Colosseum Slavers","floor":27,"turns":3},{"damage":3,"enemies":"Colosseum Nobs","floor":27,"turns":3},{"damage":8,"enemies":"Snake Plant","floor":28,"turns":2},{"damage":33,"enemies":"Gremlin Leader","floor":29,"turns":4},{"damage":0,"enemies":"Centurion and Healer","floor":30,"turns":3},{"damage":14,"enemies":"Champ","floor":33,"turns":5},{"damage":0,"enemies":"Orb Walker","floor":35,"turns":2},{"damage":0,"enemies":"3 Shapes","floor":36,"turns":3},{"damage":0,"enemies":"Spire Growth","floor":38,"turns":3},{"damage":0,"enemies":"Jaw Worm Horde","floor":41,"turns":3},{"damage":0,"enemies":"3 Darklings","floor":42,"turns":3},{"damage":0,"enemies":"Sphere and 2 Shapes","floor":44,"turns":3},{"damage":10,"enemies":"Maw","floor":45,"turns":3},{"damage":0,"enemies":"Spire Growth","floor":48,"turns":2},{"damage":23,"enemies":"Time Eater","floor":50,"turns":5}],"seed_played":"-6683790689124195465","potions_obtained":[{"floor":13.0,"key":"Swift Potion"},{"floor":18,"key":"BloodPotion"},{"floor":28,"key":"LiquidBronze"},{"floor":33,"key":"Energy Potion"},{"floor":35,"key":"GamblersBrew"},{"floor":38,"key":"SteroidPotion"}],"is_trial":false,"path_per_floor":["M","$","?","M","?","R","$","R","T","?","$","T","E","M","R","B",null,"M","M","?","$","M","R","?","R","T","?","M","E","M","?","R","B",null,"M","M","?","M","$","R","M","M","T","M","M","R","$","M","R","B",null],"character_chosen":"IRONCLAD","items_purchased":[],"campfire_rested":1,"item_purchase_floors":[],"current_hp_per_floor":[68,68,61,60,60,60,60,60,60,60,60,60,50,50,50,56,72,72,64,64,64,52,52,52,52,52,57,55,28,34,34,55,47,72,72,72,72,72,72,72,72,72,72,72,68,68,68,72,72,55],"gold":122,"neow_bonus":"REMOVE_TWO","is_prod":false,"is_daily":false,"chose_seed":false,"campfire_upgraded":8,"win_rate":0,"timestamp":1555439204,"path_taken":["M","$","?","M","?","R","$","R","T","?","?","?","E","?","R","BOSS","M","M","?","$","M","R","?","R","T","?","M","E","M","?","R","BOSS","M","M","?","M","$","R","M","M","T","M","?","R","$","M","R","BOSS"],"build_version":"2019-01-23","purchased_purges":5,"victory":true,"max_hp_per_floor":[72,72,72,72,72,72,72,72,72,72,72,72,72,72,72,72,72,72,72,72,72,72,72,72,72,72,72,72,72,72,72,72,72,72,72,72,72,72,72,72,72,72,72,72,72,72,72,72,72,72],"card_choices":[{"not_picked":["Body Slam","Spot Weakness","Fire Breathing"],"picked":"SKIP","floor":1.0},{"not_picked":["Carnage","Uppercut"],"picked":"Rampage","floor":4.0},{"not_picked":["Pommel Strike","Burning Pact","Warcry"],"picked":"SKIP","floor":13.0},{"not_picked":["Metallicize","Sword Boomerang","True Grit"],"picked":"SKIP","floor":14},{"not_picked":["Bludgeon","Offering"],"picked":"Double Tap","floor":16},{"not_picked":["Bloodletting","Pommel Strike+1","Anger"],"picked":"SKIP","floor":18},{"not_picked":["Pommel Strike","Anger","Twin Strike"],"picked":"SKIP","floor":19},{"not_picked":["Headbutt","Inflame","Clash+1"],"picked":"SKIP","floor":22},{"not_picked":["Double Tap","Warcry"],"picked":"Shrug It Off","floor":28},{"not_picked":["Rampage","Rage+1","Headbutt+1"],"picked":"SKIP","floor":29},{"not_picked":["Feel No Pain","Corruption","Clash"],"picked":"SKIP","floor":30},{"not_picked":["Anger+1","Twin Strike","Pommel Strike+1"],"picked":"SKIP","floor":35},{"not_picked":["Twin Strike+1","Fire Breathing","Rupture+1"],"picked":"SKIP","floor":36},{"not_picked":["Clothesline","Headbutt","Wild Strike"],"picked":"SKIP","floor":38},{"not_picked":["Corruption","Havoc","Pommel Strike+1"],"picked":"SKIP","floor":41},{"not_picked":["Pummel+1","Clothesline","Warcry+1"],"picked":"SKIP","floor":42},{"not_picked":["Dark Embrace","Iron Wave","Pommel Strike"],"picked":"SKIP","floor":44},{"not_picked":["Armaments+1","Rupture"],"picked":"Shrug It Off","floor":45},{"not_picked":["Sword Boomerang","Blood for Blood+1","Flex+1"],"picked":"SKIP","floor":48}],"player_experience":181970,"relics_obtained":[{"floor":9.0,"key":"Tiny Chest"},{"floor":12.0,"key":"Mercury Hourglass"},{"floor":13.0,"key":"Potion Belt"},{"floor":26,"key":"Ginger"},{"floor":27,"key":"Torii"},{"floor":27,"key":"Blue Candle"},{"floor":29,"key":"Bag of Marbles"},{"floor":43,"key":"Dodecahedron"}],"event_choices":[{"cards_removed":["Strike_R"],"damage_healed":0.0,"max_hp_gain":0.0,"max_hp_loss":0.0,"gold_gain":0.0,"event_name":"Golden Wing","player_choice":"Card Removal","floor":3.0,"gold_loss":0.0,"damage_taken":7.0},{"damage_healed":0.0,"max_hp_gain":0.0,"max_hp_loss":0.0,"gold_gain":0.0,"event_name":"Liars Game","player_choice":"Ignored","floor":5.0,"gold_loss":0.0,"damage_taken":0.0},{"cards_removed":["Strike_R"],"damage_healed":0.0,"max_hp_gain":0.0,"max_hp_loss":0.0,"gold_gain":0.0,"event_name":"Living Wall","player_choice":"Forget","floor":10.0,"gold_loss":0.0,"damage_taken":0.0},{"damage_healed":0,"gold_gain":0,"player_choice":"Ignored","damage_taken":0,"max_hp_gain":0,"max_hp_loss":0,"event_name":"Vampires","floor":20,"gold_loss":0},{"damage_healed":0,"gold_gain":0,"player_choice":"Opened","damage_taken":0,"relics_obtained":["Du-Vu Doll"],"max_hp_gain":0,"max_hp_loss":0,"event_name":"The Mausoleum","floor":24,"gold_loss":0},{"damage_healed":0,"gold_gain":0,"player_choice":"Fight","damage_taken":0,"max_hp_gain":0,"max_hp_loss":0,"event_name":"Colosseum","floor":27,"gold_loss":0},{"damage_healed":0,"gold_gain":0,"player_choice":"Fought Nobs","damage_taken":0,"max_hp_gain":0,"max_hp_loss":0,"event_name":"Colosseum","floor":27,"gold_loss":0},{"damage_healed":0,"gold_gain":0,"player_choice":"Obtained Relic","damage_taken":0,"relics_obtained":["Kunai"],"max_hp_gain":0,"max_hp_loss":0,"event_name":"Addict","floor":31,"gold_loss":85},{"damage_healed":0,"gold_gain":0,"player_choice":"Ignored","damage_taken":0,"max_hp_gain":0,"max_hp_loss":0,"event_name":"NoteForYourself","floor":37,"gold_loss":0}],"is_beta":false,"boss_relics":[{"not_picked":["Calling Bell","Black Star"],"picked":"Philosopher\u0027s Stone"},{"not_picked":["White Beast Statue","Fusion Hammer"],"picked":"Velvet Choker"}],"items_purged_floors":[2,11,21,39,47],"is_endless":false,"potions_floor_spawned":[13,18,28,33,35,38],"ascension_level":0}