{"gold_per_floor":[118,43,43,125,135,135,166,166,166,191,211,229,262,277,277,351,351,371,296,312,312,330,330,330,330,330,330],"floor_reached":27,"playtime":3755,"items_purged":["Strike_R"],"score":427,"play_id":"a0bd7539-fa01-4170-adea-2bcdeb027575","local_time":"20180917194655","is_ascension_mode":true,"campfire_choices":[{"data":"Bash","floor":6.0,"key":"SMITH"},{"floor":8.0,"key":"REST"},{"floor":15,"key":"REST"},{"floor":25,"key":"REST"}],"neow_cost":"","seed_source_timestamp":385602507709576,"circlet_count":0,"master_deck":["Strike_R+1","Strike_R+1","Defend_R+1","Defend_R+1","Defend_R+1","Defend_R+1","Bash+1","AscendersBane","Twin Strike","Clash","Cleave","Shrug It Off","Flame Barrier","Anger","Shrug It Off","Ghostly Armor","Feed","Clash"],"special_seed":0,"relics":["Burning Blood","Tiny Chest","Pear","ReplayTheSpireMod:Bottled Flurry","ReplayTheSpireMod:Ninjato","Potion Belt","White Beast Statue","Gremlin Horn"],"potions_floor_usage":[],"damage_taken":[{"damage":5.0,"enemies":"2 Louse","floor":1.0,"turns":5.0},{"damage":14.0,"enemies":"Jaw Worm","floor":5.0,"turns":5.0},{"damage":45.0,"enemies":"3 Sentries","floor":7.0,"turns":12.0},{"damage":37.0,"enemies":"Lagavulin","floor":10.0,"turns":6.0},{"damage":10.0,"enemies":"Small Slimes","floor":11.0,"turns":3.0},{"damage":7.0,"enemies":"2 Fungi Beasts","floor":12.0,"turns":4.0},{"damage":18,"enemies":"Gremlin Nob","floor":13,"turns":4},{"damage":9,"enemies":"Exordium Thugs","floor":14,"turns":6},{"damage":27,"enemies":"Hexaghost","floor":16,"turns":10},{"damage":18,"enemies":"Chosen","floor":18,"turns":4},{"damage":25,"enemies":"Spheric Guardian","floor":20,"turns":6},{"damage":37,"enemies":"Centurion and Healer","floor":22,"turns":10},{"damage":38,"enemies":"Gremlin Leader","floor":27,"turns":6}],"seed_played":"4046446010476984417","potions_obtained":[{"floor":7.0,"key":"Adrenaline Potion"},{"floor":11.0,"key":"BloodPotion"},{"floor":12.0,"key":"Strength Potion"},{"floor":18,"key":"Strength Potion"},{"floor":20,"key":"Elixir"},{"floor":22,"key":"Strength Potion"},{"floor":23,"key":"Venom Potion"},{"floor":23,"key":"EntropicBrew"}],"is_trial":false,"path_per_floor":["M","?","?","T","M","R","E","R","T","E","M","M","E","M","R","B",null,"M","$","M","?","M","?","?","R","T"],"character_chosen":"IRONCLAD","items_purchased":[],"campfire_rested":3,"item_purchase_floors":[],"current_hp_per_floor":[69,69,62,62,54,54,25,50,50,19,15,22,10,7,32,11,67,58,58,39,39,11,11,11,38,38,0],"gold":330,"neow_bonus":"","is_prod":false,"is_daily":false,"chose_seed":false,"campfire_upgraded":1,"win_rate":0,"timestamp":1537206415,"path_taken":["M","?","?","?","M","R","E","R","T","E","M","M","E","M","R","BOSS","M","$","M","?","M","?","?","R","T","E"],"build_version":"2018-09-06","purchased_purges":1,"victory":false,"max_hp_per_floor":[75,75,75,75,75,75,85,85,85,85,85,85,85,85,85,85,85,88,88,88,88,91,91,91,91,91,91],"card_choices":[{"not_picked":["Sever Soul","Sentinel"],"picked":"Twin Strike","floor":1.0},{"not_picked":["Twin Strike","Sever Soul"],"picked":"Clash","floor":5.0},{"not_picked":["Pommel Strike","Defy Death"],"picked":"Cleave","floor":7.0},{"not_picked":["Headbutt","Blood for Blood"],"picked":"Shrug It Off","floor":10.0},{"not_picked":["Intimidate","Power Through"],"picked":"Flame Barrier","floor":11.0},{"not_picked":["Pommel Strike","Immolate"],"picked":"Anger","floor":12.0},{"not_picked":["Dual Wield","Warcry"],"picked":"Shrug It Off","floor":13},{"not_picked":["Sword Boomerang","Spot Weakness"],"picked":"Ghostly Armor","floor":14},{"not_picked":["Exhume","Immolate"],"picked":"Feed","floor":16},{"not_picked":["True Grit","Exhume"],"picked":"Clash","floor":20}],"player_experience":1095544,"relics_obtained":[{"floor":4.0,"key":"Tiny Chest"},{"floor":7.0,"key":"Pear"},{"floor":9.0,"key":"ReplayTheSpireMod:Bottled Flurry"},{"floor":10.0,"key":"ReplayTheSpireMod:Ninjato"},{"floor":13,"key":"Potion Belt"},{"floor":26,"key":"Gremlin Horn"}],"event_choices":[{"event_name":"The Cleric","player_choice":"Card Removal","floor":2.0,"damage_taken":0.0},{"event_name":"Golden Wing","player_choice":"Card Removal","floor":3.0,"damage_taken":0.0},{"event_name":"Back to Basics","player_choice":"Simplicity","floor":21,"damage_taken":0},{"event_name":"The Lab","player_choice":"Got Potions","floor":23,"damage_taken":0},{"event_name":"Cursed Tome","player_choice":"Ignored","floor":24,"damage_taken":0}],"is_beta":false,"boss_relics":[{"not_picked":["Black Star","Kintsugi"],"picked":"White Beast Statue"}],"items_purged_floors":[19],"is_endless":false,"potions_floor_spawned":[7,11,12,18,20,22],"killed_by":"Gremlin Leader","ascension_level":17}