{"gold_per_floor":[109,109,59,76,86,117,117,117,117,129,142,154,154,154,154,255,585,598,598,372,372],"floor_reached":21,"playtime":2183,"items_purged":["Decay"],"score":179,"play_id":"2c0c2570-0c3a-4ace-9f29-6cbae2669734","local_time":"20190516112626","is_ascension_mode":false,"campfire_choices":[{"floor":8,"key":"RECALL"},{"floor":13,"key":"REST"},{"floor":15,"key":"REST"}],"neow_cost":"NONE","seed_source_timestamp":1318937245390,"circlet_count":0,"master_deck":["Strike_R","Strike_R","Strike_R","Strike_R+1","Strike_R","Defend_R","Defend_R","Defend_R","Defend_R","Bash","Shrug It Off","Body Slam","Armaments+1","Body Slam","Berserk","Parasite","Injury","Flame Barrier","Flame Barrier"],"relics":["Burning Blood","NeowsBlessing","Matryoshka","Meat on the Bone","Ornamental Fan","Bag of Preparation","Calling Bell","Tiny Chest","Letter Opener","Old Coin","Oddly Smooth Stone"],"potions_floor_usage":[6,16,21],"damage_taken":[{"damage":0,"enemies":"2 Louse","floor":1,"turns":1},{"damage":0,"enemies":"Cultist","floor":4,"turns":1},{"damage":0,"enemies":"Small Slimes","floor":5,"turns":1},{"damage":30,"enemies":"Gremlin Nob","floor":6,"turns":5},{"damage":7,"enemies":"3 Louse","floor":10,"turns":5},{"damage":11,"enemies":"Exordium Wildlife","floor":11,"turns":8},{"damage":8,"enemies":"Red Slaver","floor":12,"turns":4},{"damage":74,"enemies":"Hexaghost","floor":16,"turns":13},{"damage":70,"enemies":"3 Byrds","floor":18,"turns":12},{"damage":41,"enemies":"Spheric Guardian","floor":21,"turns":7}],"seed_played":"6089970998218102921","potions_obtained":[{"floor":1,"key":"PowerPotion"},{"floor":10,"key":"FearPotion"},{"floor":16,"key":"BloodPotion"}],"is_trial":false,"path_per_floor":["M","?","$","M","M","E","?","R","T","M","M","M","R","?","R","B",null,"M","?","$","M"],"character_chosen":"IRONCLAD","items_purchased":["Body Slam","Oddly Smooth Stone"],"campfire_rested":2,"item_purchase_floors":[3,20],"current_hp_per_floor":[80,80,80,80,80,56,40,40,40,51,58,56,80,62,80,24,80,28,28,28,0],"gold":372,"neow_bonus":"THREE_ENEMY_KILL","is_prod":false,"is_daily":false,"chose_seed":false,"campfire_upgraded":0,"win_rate":0,"timestamp":1558016786,"path_taken":["M","?","$","?","M","E","?","R","T","M","M","M","R","?","R","BOSS","M","?","$","M"],"build_version":"2019-01-23","purchased_purges":1,"victory":false,"max_hp_per_floor":[80,80,80,80,80,80,80,80,80,80,80,80,80,80,80,80,80,80,80,80,80],"card_choices":[{"not_picked":["Flex","Sword Boomerang"],"picked":"Shrug It Off","floor":1},{"not_picked":["Clash","Headbutt"],"picked":"Armaments","floor":4},{"not_picked":["Dropkick","Second Wind"],"picked":"Body Slam","floor":5},{"not_picked":["Whirlwind","Twin Strike","Bludgeon"],"picked":"SKIP","floor":6},{"not_picked":["Cleave","Hemokinesis","Clothesline"],"picked":"SKIP","floor":10},{"not_picked":["Searing Blow","Bloodletting","Clothesline"],"picked":"SKIP","floor":11},{"not_picked":["Clash","Anger","Inflame"],"picked":"SKIP","floor":12},{"not_picked":["Dark Embrace","Double Tap"],"picked":"Berserk","floor":16},{"not_picked":["Dual Wield+1","True Grit"],"picked":"Flame Barrier","floor":18}],"player_experience":77042,"relics_obtained":[{"floor":6,"key":"Matryoshka"},{"floor":9,"key":"Meat on the Bone"},{"floor":9,"key":"Ornamental Fan"},{"floor":17,"key":"Tiny Chest"},{"floor":17,"key":"Letter Opener"},{"floor":17,"key":"Old Coin"}],"event_choices":[{"damage_healed":0,"gold_gain":0,"player_choice":"0 cards matched","damage_taken":0,"max_hp_gain":0,"max_hp_loss":0,"event_name":"Match and Keep!","floor":2,"gold_loss":0,"cards_obtained":[]},{"damage_healed":0,"gold_gain":0,"player_choice":"Entered Light","damage_taken":16,"max_hp_gain":0,"max_hp_loss":0,"event_name":"Shining Light","floor":7,"gold_loss":0,"cards_upgraded":["Armaments","Strike_R"]},{"damage_healed":0,"gold_gain":0,"player_choice":"Success","damage_taken":18,"relics_obtained":["Bag of Preparation"],"max_hp_gain":0,"max_hp_loss":0,"event_name":"Scrap Ooze","floor":14,"gold_loss":0},{"damage_healed":0,"gold_gain":0,"player_choice":"Copied","damage_taken":0,"max_hp_gain":0,"max_hp_loss":0,"event_name":"Duplicator","floor":19,"gold_loss":0,"cards_obtained":["Flame Barrier"]}],"is_beta":false,"boss_relics":[{"not_picked":["White Beast Statue","Empty Cage"],"picked":"Calling Bell"}],"items_purged_floors":[20],"is_endless":false,"potions_floor_spawned":[1,10,16,18],"killed_by":"Spheric Guardian","ascension_level":0}