{"gold_per_floor":[112,112,131,145,220,260,273,273,273,273,286,286,45,45,45,45],"floor_reached":16,"playtime":1019,"items_purged":["Injury"],"score":185,"play_id":"bf3072ee-53c5-4a10-8ddd-aa184a469ce2","local_time":"20190522143727","is_ascension_mode":true,"campfire_choices":[{"floor":8,"key":"REST"},{"data":"True Grit","floor":12,"key":"SMITH"},{"floor":15,"key":"REST"}],"neow_cost":"NONE","seed_source_timestamp":292793924081717,"circlet_count":0,"master_deck":["AscendersBane","Strike_R","Strike_R","Strike_R","Strike_R","Defend_R","Defend_R","Defend_R","Defend_R","Bash","Shrug It Off","Headbutt","True Grit+1","Clothesline","Cleave","Exhume","Havoc","True Grit","Evolve"],"relics":["Burning Blood","Golden Idol","Turnip","Champion Belt"],"potions_floor_usage":[6,7,16,16],"damage_taken":[{"damage":20,"enemies":"Small Slimes","floor":1,"turns":3},{"damage":2,"enemies":"2 Louse","floor":3,"turns":3},{"damage":14,"enemies":"Jaw Worm","floor":4,"turns":4},{"damage":38,"enemies":"Gremlin Nob","floor":6,"turns":5},{"damage":8,"enemies":"Large Slime","floor":7,"turns":6},{"damage":15,"enemies":"Gremlin Gang","floor":11,"turns":6},{"damage":59,"enemies":"Slime Boss","floor":16,"turns":11}],"seed_played":"-7720078591570583981","potions_obtained":[{"floor":4,"key":"Block Potion"},{"floor":6,"key":"AttackPotion"},{"floor":11,"key":"Energy Potion"}],"is_trial":false,"path_per_floor":["?","?","?","?"],"character_chosen":"IRONCLAD","items_purchased":["Havoc","True Grit","Fire Potion"],"campfire_rested":2,"item_purchase_floors":[13,13,13],"current_hp_per_floor":[61,61,65,57,46,14,12,36,36,41,32,32,32,32,58,0],"gold":45,"neow_bonus":"TEN_PERCENT_HP_BONUS","is_prod":false,"is_daily":false,"chose_seed":false,"campfire_upgraded":1,"win_rate":0,"timestamp":1558550247,"path_taken":["M","?","M","M","?","E","M","R","T","?","M","R","$","?","R","BOSS"],"build_version":"2019-01-23","purchased_purges":1,"victory":false,"max_hp_per_floor":[82,82,82,82,82,82,82,82,82,87,87,87,87,87,87,87],"card_choices":[{"not_picked":["Pommel Strike","Rampage"],"picked":"Shrug It Off","floor":1},{"not_picked":["Wild Strike","Cleave"],"picked":"Headbutt","floor":3},{"not_picked":["Sword Boomerang","Headbutt"],"picked":"True Grit","floor":4},{"not_picked":["Corruption","Rage"],"picked":"Clothesline","floor":6},{"not_picked":["Bloodletting","Body Slam"],"picked":"Cleave","floor":7},{"not_picked":["Headbutt","Sever Soul"],"picked":"Exhume","floor":11}],"player_experience":625906,"relics_obtained":[{"floor":6,"key":"Turnip"},{"floor":9,"key":"Champion Belt"}],"event_choices":[{"damage_healed":0,"gold_gain":0,"player_choice":"Take Wound","damage_taken":0,"relics_obtained":["Golden Idol"],"max_hp_gain":0,"max_hp_loss":0,"event_name":"Golden Idol","floor":2,"gold_loss":0,"cards_obtained":["Injury"]},{"damage_healed":0,"gold_gain":75,"player_choice":"Gather Gold","damage_taken":11,"max_hp_gain":0,"max_hp_loss":0,"event_name":"World of Goop","floor":5,"gold_loss":0},{"damage_healed":0,"gold_gain":0,"player_choice":"Donut","damage_taken":0,"max_hp_gain":5,"max_hp_loss":0,"event_name":"Big Fish","floor":10,"gold_loss":0},{"damage_healed":0,"gold_gain":0,"cards_transformed":["Strike_R"],"player_choice":"Transformed","damage_taken":0,"max_hp_gain":0,"max_hp_loss":0,"event_name":"Transmorgrifier","floor":14,"gold_loss":0,"cards_obtained":["Evolve"]}],"is_beta":false,"boss_relics":[],"items_purged_floors":[13],"is_endless":false,"potions_floor_spawned":[4,6,11],"killed_by":"Slime Boss","ascension_level":17}