{"gold_per_floor":[111,33,33,33,47,47,66,66,138,169,169,186,198,3,3,3],"floor_reached":16,"playtime":454,"items_purged":["Defend_R"],"score":185,"play_id":"51420ea8-e416-454e-bdc5-1f405dc6d02d","local_time":"20190531182849","is_ascension_mode":true,"campfire_choices":[{"data":"True Grit","floor":6,"key":"SMITH"},{"floor":8,"key":"REST"},{"data":"True Grit","floor":11,"key":"SMITH"},{"data":"Evolve","floor":15,"key":"SMITH"}],"neow_cost":"PERCENT_DAMAGE","seed_source_timestamp":372086413112583,"circlet_count":0,"master_deck":["AscendersBane","Strike_R","Strike_R","Strike_R","Strike_R","Defend_R","Defend_R","Defend_R","Bash","True Grit+1","Evolve+1","True Grit+1","Dropkick","Shrug It Off","Flash of Steel","Shrug It Off"],"special_seed":0,"relics":["Burning Blood","StoneCalendar","Frozen Egg 2","Centennial Puzzle"],"potions_floor_usage":[10,10,12,13,13],"damage_taken":[{"damage":11,"enemies":"Cultist","floor":1,"turns":4},{"damage":21,"enemies":"Jaw Worm","floor":5,"turns":5},{"damage":10,"enemies":"Small Slimes","floor":7,"turns":4},{"damage":26,"enemies":"Lagavulin","floor":10,"turns":7},{"damage":12,"enemies":"Blue Slaver","floor":12,"turns":7},{"damage":3,"enemies":"Exordium Thugs","floor":13,"turns":3},{"damage":28,"enemies":"Hexaghost","floor":16,"turns":16}],"seed_played":"-6426017467406735799","potions_obtained":[{"floor":7,"key":"EntropicBrew"},{"floor":10,"key":"Weak Potion"},{"floor":12,"key":"Fire Potion"}],"is_trial":false,"path_per_floor":["M","$","?","?","M","R","M","R","T","E","R","M","M","$","R","B"],"character_chosen":"IRONCLAD","items_purchased":["Evolve","Flash of Steel","Shrug It Off"],"campfire_rested":1,"item_purchase_floors":[2,14,14],"current_hp_per_floor":[45,45,45,45,30,30,26,48,48,28,28,22,25,25,25,0],"gold":3,"neow_bonus":"ONE_RARE_RELIC","is_prod":false,"is_daily":false,"chose_seed":false,"campfire_upgraded":3,"win_rate":0,"timestamp":1559320129,"path_taken":["M","?","?","?","M","R","M","R","T","E","R","M","M","?","R","BOSS"],"build_version":"2019-01-23","purchased_purges":1,"victory":false,"max_hp_per_floor":[75,75,75,75,75,75,75,75,75,75,75,75,75,75,75,75],"card_choices":[{"not_picked":["Flex","Sever Soul"],"picked":"True Grit","floor":1},{"not_picked":["Anger","Second Wind","Flex"],"picked":"SKIP","floor":5},{"not_picked":["Perfected Strike","Warcry"],"picked":"True Grit","floor":7},{"not_picked":["Sword Boomerang","Twin Strike"],"picked":"Dropkick","floor":10},{"not_picked":["Sword Boomerang","Blood for Blood","Reaper"],"picked":"SKIP","floor":12},{"not_picked":["Sword Boomerang","Rampage"],"picked":"Shrug It Off","floor":13}],"player_experience":280796,"relics_obtained":[{"floor":9,"key":"Frozen Egg 2"},{"floor":10,"key":"Centennial Puzzle"}],"event_choices":[{"cards_removed":["Strike_R"],"damage_healed":0,"gold_gain":0,"player_choice":"Forget","damage_taken":0,"max_hp_gain":0,"max_hp_loss":0,"event_name":"Living Wall","floor":3,"gold_loss":0},{"damage_healed":0,"gold_gain":0,"player_choice":"Leave","damage_taken":0,"max_hp_gain":0,"max_hp_loss":0,"event_name":"The Cleric","floor":4,"gold_loss":0}],"is_beta":false,"boss_relics":[],"items_purged_floors":[14],"is_endless":false,"potions_floor_spawned":[7,10,12],"killed_by":"Hexaghost","ascension_level":17}