{"gold_per_floor":[119,47,47,47,70,111,111,142,142,167,203,203,203,223,223,342,342,367,29,42,67,86,86,124,124],"floor_reached":25,"playtime":2153,"items_purged":["Injury"],"score":301,"play_id":"5a6f3267-7c18-428b-a90c-f5808786b401","local_time":"20190506034741","is_ascension_mode":true,"campfire_choices":[{"floor":7,"key":"REST"},{"data":"Zap","floor":12,"key":"SMITH"},{"data":"Coolheaded","floor":15,"key":"SMITH"},{"data":"Loop","floor":23,"key":"SMITH"}],"neow_cost":"NONE","seed_source_timestamp":4107791866141788,"circlet_count":0,"master_deck":["Strike_B","Strike_B","Strike_B+1","Strike_B","Defend_B","Defend_B","Defend_B","Defend_B+1","Zap+1","Dualcast","Skim","Self Repair","Coolheaded+1","Core Surge+1","BootSequence","Ball Lightning+1","Coolheaded","Cold Snap+1","Echo Form","Barrage+1","Capacitor","FTL+1","Turbo","Loop+1","Sweeping Beam+1","Darkness+1"],"relics":["Cracked Core","Orichalcum","Golden Idol","Molten Egg 2","Vajra","Dodecahedron","Pantograph","Strawberry","Runic Dome","Oddly Smooth Stone","Anchor"],"potions_floor_usage":[16,24,24],"damage_taken":[{"damage":3,"enemies":"Small Slimes","floor":1,"turns":3},{"damage":11,"enemies":"Jaw Worm","floor":5,"turns":4},{"damage":38,"enemies":"Gremlin Nob","floor":6,"turns":6},{"damage":17,"enemies":"3 Sentries","floor":8,"turns":10},{"damage":0,"enemies":"Cultist","floor":10,"turns":3},{"damage":20,"enemies":"Gremlin Nob","floor":11,"turns":4},{"damage":0,"enemies":"Exordium Wildlife","floor":14,"turns":3},{"damage":54,"enemies":"Hexaghost","floor":16,"turns":11},{"damage":3,"enemies":"Spheric Guardian","floor":18,"turns":3},{"damage":3,"enemies":"2 Thieves","floor":20,"turns":4},{"damage":23,"enemies":"Centurion and Healer","floor":21,"turns":6},{"damage":14,"enemies":"Snake Plant","floor":22,"turns":4},{"damage":38,"enemies":"Slavers","floor":24,"turns":6},{"damage":22,"enemies":"Chosen and Byrds","floor":25,"turns":5}],"seed_played":"-213798919294557973","potions_obtained":[{"floor":5,"key":"Energy Potion"},{"floor":6,"key":"GamblersBrew"},{"floor":14,"key":"SteroidPotion"},{"floor":18,"key":"SpeedPotion"}],"is_trial":false,"path_per_floor":["?","?","T"],"character_chosen":"DEFECT","items_purchased":["Self Repair","Capacitor","Oddly Smooth Stone","FTL+1"],"campfire_rested":1,"item_purchase_floors":[2,19,19,19],"current_hp_per_floor":[72,72,72,57,53,22,44,34,34,41,28,28,35,42,42,20,67,71,71,75,59,52,52,21,0],"gold":124,"neow_bonus":"RANDOM_COMMON_RELIC","is_prod":false,"is_daily":false,"chose_seed":false,"campfire_upgraded":3,"win_rate":0,"timestamp":1557128861,"path_taken":["M","$","?","?","M","E","R","E","T","M","E","R","?","M","R","BOSS","M","$","M","M","M","R","E","M"],"build_version":"2019-01-23","purchased_purges":1,"victory":false,"max_hp_per_floor":[75,75,75,75,75,75,75,75,75,75,75,75,82,82,82,82,82,82,82,82,82,82,82,82,82],"card_choices":[{"not_picked":["Compile Driver","Hologram"],"picked":"Skim","floor":1},{"not_picked":["Turbo","Cold Snap"],"picked":"Coolheaded","floor":5},{"not_picked":["Loop","Coolheaded"],"picked":"Core Surge","floor":6},{"not_picked":["Leap","Hello World"],"picked":"BootSequence","floor":8},{"not_picked":["Steam","Gash+1"],"picked":"Ball Lightning+1","floor":10},{"not_picked":["Leap","Meteor Strike+1"],"picked":"Coolheaded","floor":11},{"not_picked":["Conserve Battery","Compile Driver+1"],"picked":"Cold Snap+1","floor":14},{"not_picked":["Electrodynamics","Fission"],"picked":"Echo Form","floor":16},{"not_picked":["Compile Driver+1","Leap+1"],"picked":"Barrage+1","floor":18},{"not_picked":["Steam+1","Static Discharge+1"],"picked":"Turbo","floor":20},{"not_picked":["Conserve Battery","Recycle"],"picked":"Loop","floor":21},{"not_picked":["Static Discharge","Compile Driver+1"],"picked":"Sweeping Beam+1","floor":22},{"not_picked":["Conserve Battery","Storm"],"picked":"Darkness+1","floor":24}],"player_experience":277186,"relics_obtained":[{"floor":6,"key":"Molten Egg 2"},{"floor":8,"key":"Vajra"},{"floor":9,"key":"Dodecahedron"},{"floor":11,"key":"Pantograph"},{"floor":13,"key":"Strawberry"},{"floor":24,"key":"Anchor"}],"event_choices":[{"damage_healed":0,"gold_gain":0,"player_choice":"Take Wound","damage_taken":0,"relics_obtained":["Golden Idol"],"max_hp_gain":0,"max_hp_loss":0,"event_name":"Golden Idol","floor":3,"gold_loss":0,"cards_obtained":["Injury"]},{"damage_healed":0,"gold_gain":0,"player_choice":"Entered Light","damage_taken":15,"max_hp_gain":0,"max_hp_loss":0,"event_name":"Shining Light","floor":4,"gold_loss":0,"cards_upgraded":["Defend_B","Strike_B"]}],"is_beta":false,"boss_relics":[{"not_picked":["Ectoplasm","Tiny House"],"picked":"Runic Dome"}],"items_purged_floors":[19],"is_endless":false,"potions_floor_spawned":[5,6,14,18,21],"killed_by":"Chosen and Byrds","ascension_level":5}