{"gold_per_floor":[14,14,29,104,104,104,138,138,138,152,77,77,90,90,90,186,186,206,256,104,203,221,235,262,262,262,262,262,272,272,303,303,403,403,414,425,300,313,113,147,174,186,221,233,245,257,8,21,21,21],"floor_reached":51,"playtime":1321,"items_purged":["Strike_R","Defend_R","Defend_R","Strike_R"],"score":795,"play_id":"535a58eb-8d0d-4cf0-bd9b-322caf0b3310","local_time":"20190131133101","is_ascension_mode":true,"campfire_choices":[{"data":"Bash","floor":6.0,"key":"SMITH"},{"data":"Twin Strike","floor":15.0,"key":"SMITH"},{"floor":25,"key":"REST"},{"floor":27,"key":"RECALL"},{"floor":32,"key":"REST"},{"floor":42,"key":"REST"},{"floor":45,"key":"REST"},{"floor":49,"key":"REST"}],"neow_cost":"NO_GOLD","seed_source_timestamp":218651212626319,"circlet_count":0,"master_deck":["Bash+1","Shrug It Off","Seeing Red","Twin Strike+1","Twin Strike","Demon Form","Shrug It Off","Shrug It Off","Disarm+1","Shrug It Off+1","Limit Break","Metallicize","Heavy Blade","Evolve","Enlightenment","Blind","Flash of Steel","Rage+1"],"special_seed":0,"relics":["Burning Blood","Juzu Bracelet","Potion Belt","Fusion Hammer","Ancient Tea Set","Self Forming Clay","Shuriken","Sozu","MawBank","Orichalcum","Happy Flower","Kunai"],"potions_floor_usage":[24,33,50],"damage_taken":[{"damage":0.0,"enemies":"Small Slimes","floor":1.0,"turns":5.0},{"damage":9.0,"enemies":"2 Louse","floor":3.0,"turns":3.0},{"damage":35.0,"enemies":"Lagavulin","floor":7.0,"turns":6.0},{"damage":0.0,"enemies":"Cultist","floor":10.0,"turns":3.0},{"damage":0.0,"enemies":"Blue Slaver","floor":13.0,"turns":3.0},{"damage":27.0,"enemies":"Slime Boss","floor":16.0,"turns":7.0},{"damage":0.0,"enemies":"3 Byrds","floor":18.0,"turns":6.0},{"damage":6,"enemies":"Shell Parasite","floor":22,"turns":4},{"damage":0,"enemies":"Shelled Parasite and Fungi","floor":23,"turns":6},{"damage":30,"enemies":"Gremlin Leader","floor":24,"turns":5},{"damage":2,"enemies":"Chosen and Byrds","floor":29,"turns":6},{"damage":28,"enemies":"Slavers","floor":31,"turns":6},{"damage":45,"enemies":"Collector","floor":33,"turns":8},{"damage":7,"enemies":"Orb Walker","floor":35,"turns":4},{"damage":9,"enemies":"3 Darklings","floor":36,"turns":5},{"damage":8,"enemies":"4 Shapes","floor":38,"turns":7},{"damage":24,"enemies":"Nemesis","floor":40,"turns":5},{"damage":2,"enemies":"Maw","floor":41,"turns":6},{"damage":1,"enemies":"Spire Growth","floor":48,"turns":5},{"damage":32,"enemies":"Time Eater","floor":50,"turns":9}],"seed_played":"8134346644638823889","potions_obtained":[{"floor":10.0,"key":"Ancient Potion"},{"floor":13.0,"key":"PowerPotion"},{"floor":16.0,"key":"Swift Potion"},{"floor":22,"key":"SteroidPotion"},{"floor":31,"key":"LiquidBronze"}],"is_trial":false,"path_per_floor":["M","?","M","?","?","R","E","?","T","M","$","?","M","?","R","B",null,"M","?","$","?","M","M","E","R","T","R","?","M","?","E","R","B",null,"M","M","$","M","$","E","M","R","T","?","R","?","$","M","R","B",null],"character_chosen":"IRONCLAD","items_purchased":["Shrug It Off","Heavy Blade","Kunai"],"campfire_rested":5,"item_purchase_floors":[20,39,47],"current_hp_per_floor":[80,80,77,66,66,66,37,37,37,43,43,43,49,75,75,54,80,80,80,80,80,80,80,56,80,80,80,80,80,80,58,80,41,80,79,76,76,74,74,56,60,80,80,70,80,80,80,80,80,54],"gold":21,"neow_bonus":"TRANSFORM_TWO_CARDS","is_prod":false,"is_daily":false,"chose_seed":false,"campfire_upgraded":2,"win_rate":0,"timestamp":1548937861,"path_taken":["M","?","M","?","?","R","E","?","T","M","$","?","M","?","R","BOSS","M","?","$","?","M","M","E","R","T","R","?","M","?","E","R","BOSS","M","M","$","M","$","E","M","R","T","?","R","?","$","M","R","BOSS"],"build_version":"2019-01-23","purchased_purges":4,"victory":true,"max_hp_per_floor":[80,80,80,80,80,80,80,80,80,80,80,80,80,80,80,80,80,80,80,80,80,80,80,80,80,80,80,80,80,80,80,80,80,80,80,80,80,80,80,80,80,80,80,80,80,80,80,80,80,80],"card_choices":[{"not_picked":["Armaments","Anger"],"picked":"Twin Strike","floor":1.0},{"not_picked":["Burning Pact","Second Wind"],"picked":"Twin Strike","floor":3.0},{"not_picked":["Reckless Charge","Shockwave","Perfected Strike"],"picked":"SKIP","floor":7.0},{"not_picked":["Anger","Sword Boomerang","Dual Wield"],"picked":"SKIP","floor":10.0},{"not_picked":["Anger","Sword Boomerang","Dual Wield"],"picked":"SKIP","floor":10.0},{"not_picked":["Iron Wave","Searing Blow"],"picked":"Shrug It Off","floor":13.0},{"not_picked":["Barricade","Limit Break"],"picked":"Demon Form","floor":16.0},{"not_picked":["Clothesline","Dropkick"],"picked":"Shrug It Off","floor":18.0},{"not_picked":["Dual Wield","Combust"],"picked":"Disarm+1","floor":22},{"not_picked":["Anger","Iron Wave","Dropkick"],"picked":"SKIP","floor":23},{"not_picked":["Clash","Spot Weakness","Havoc"],"picked":"SKIP","floor":24},{"not_picked":["Pommel Strike","Seeing Red+1"],"picked":"Shrug It Off+1","floor":29},{"not_picked":["Hemokinesis","Sever Soul","Anger+1"],"picked":"SKIP","floor":31},{"not_picked":["Bludgeon","Fiend Fire"],"picked":"Limit Break","floor":33},{"not_picked":["Cleave+1","Carnage+1","Shrug It Off+1"],"picked":"SKIP","floor":35},{"not_picked":["Shrug It Off+1","Battle Trance","Warcry"],"picked":"SKIP","floor":36},{"not_picked":["Corruption","Clash"],"picked":"Metallicize","floor":38},{"not_picked":["Havoc","Warcry+1","Ghostly Armor+1"],"picked":"SKIP","floor":40},{"not_picked":["Infernal Blade","Wild Strike"],"picked":"Evolve","floor":41},{"not_picked":["Bandage Up","Master of Strategy"],"picked":"Enlightenment","floor":44},{"not_picked":["Secret Weapon","Metamorphosis"],"picked":"Blind","floor":44},{"not_picked":["Dark Shackles","Impatience"],"picked":"Flash of Steel","floor":44},{"not_picked":["Clash","Anger+1"],"picked":"Rage+1","floor":48}],"player_experience":44638,"relics_obtained":[{"floor":7.0,"key":"Juzu Bracelet"},{"floor":9.0,"key":"Potion Belt"},{"floor":24,"key":"Ancient Tea Set"},{"floor":26,"key":"Self Forming Clay"},{"floor":31,"key":"Shuriken"},{"floor":40,"key":"MawBank"},{"floor":43,"key":"Orichalcum"}],"event_choices":[{"cards_removed":["Defend_R"],"damage_healed":0.0,"max_hp_gain":0.0,"max_hp_loss":0.0,"gold_gain":0.0,"event_name":"Living Wall","player_choice":"Forget","floor":2.0,"gold_loss":0.0,"damage_taken":0.0},{"damage_healed":0.0,"max_hp_gain":0.0,"max_hp_loss":0.0,"gold_gain":75.0,"event_name":"World of Goop","player_choice":"Gather Gold","floor":4.0,"gold_loss":0.0,"damage_taken":11.0},{"cards_removed":["Strike_R"],"damage_healed":0.0,"max_hp_gain":0.0,"max_hp_loss":0.0,"gold_gain":0.0,"event_name":"Bonfire Elementals","player_choice":"Offered Basic","floor":5.0,"gold_loss":0.0,"damage_taken":0.0},{"damage_healed":0.0,"max_hp_gain":0.0,"max_hp_loss":0.0,"gold_gain":0.0,"event_name":"Scrap Ooze","player_choice":"Fled","floor":8.0,"gold_loss":0.0,"damage_taken":0.0},{"damage_healed":0.0,"max_hp_gain":0.0,"max_hp_loss":0.0,"gold_gain":0.0,"event_name":"Liars Game","player_choice":"Ignored","floor":12.0,"gold_loss":0.0,"damage_taken":0.0},{"damage_healed":26.0,"max_hp_gain":0.0,"max_hp_loss":0.0,"gold_gain":0.0,"event_name":"Big Fish","player_choice":"Banana","floor":14.0,"gold_loss":0.0,"damage_taken":0.0},{"damage_healed":0.0,"max_hp_gain":0.0,"max_hp_loss":0.0,"gold_gain":100.0,"event_name":"The Joust","player_choice":"Bet on Murderer","floor":19.0,"gold_loss":50.0,"damage_taken":0.0},{"damage_healed":0,"gold_gain":99,"player_choice":"Stole From Cult","damage_taken":0,"max_hp_gain":0,"max_hp_loss":0,"event_name":"Nest","floor":21,"gold_loss":0},{"damage_healed":0,"gold_gain":0,"player_choice":"Ignored","damage_taken":0,"max_hp_gain":0,"max_hp_loss":0,"event_name":"Vampires","floor":28,"gold_loss":0},{"cards_removed":["Defend_R"],"damage_healed":0,"gold_gain":0,"player_choice":"Elegance","damage_taken":0,"max_hp_gain":0,"max_hp_loss":0,"event_name":"Back to Basics","floor":30,"gold_loss":0},{"damage_healed":0,"gold_gain":0,"player_choice":"Memory 3","damage_taken":10,"max_hp_gain":0,"max_hp_loss":0,"event_name":"SensoryStone","floor":44,"gold_loss":0},{"cards_removed":["Shrug It Off"],"damage_healed":0,"gold_gain":0,"player_choice":"Gave Card","damage_taken":0,"relics_obtained":["Happy Flower"],"max_hp_gain":0,"max_hp_loss":0,"event_name":"WeMeetAgain","floor":46,"gold_loss":0}],"is_beta":false,"boss_relics":[{"not_picked":["Ectoplasm","Lizard Tail"],"picked":"Fusion Hammer"},{"not_picked":["Runic Dome","White Beast Statue"],"picked":"Sozu"}],"items_purged_floors":[11,20,37,39],"is_endless":false,"potions_floor_spawned":[10,13,16,22,31,38,41,48],"ascension_level":1}