{"gold_per_floor":[118,118,293,311,331,61,61,61,61,100,21,86,161,195,195,285,285,303,353,97,110,185,185,206,246,246,270,320,124,124,174,174,273,273,286,56,72,96,116,160,193,193,193,193,37,57,93,108,108,108],"floor_reached":51,"playtime":5095,"items_purged":["Doubt","Pain"],"score":1461,"play_id":"1a2aef38-6ec7-40f8-81c5-c5b7ae805bb2","local_time":"20190521140524","is_ascension_mode":true,"campfire_choices":[{"data":"Zap","floor":7,"key":"SMITH"},{"data":"Coolheaded","floor":15,"key":"SMITH"},{"data":"Fission","floor":23,"key":"SMITH"},{"data":"Dualcast","floor":30,"key":"SMITH"},{"data":"Defragment","floor":32,"key":"SMITH"},{"data":"Defragment","floor":42,"key":"SMITH"},{"data":"Consume","floor":44,"key":"SMITH"},{"data":"Blizzard","floor":49,"key":"SMITH"}],"neow_cost":"NONE","seed_source_timestamp":200378609474456,"circlet_count":0,"master_deck":["AscendersBane","Strike_B","Defend_B","Defend_B","Defend_B","Defend_B","Zap+1","Dualcast+1","Go for the Eyes+1","Self Repair+1","Defragment+1","Turbo","Defragment+1","Coolheaded+1","Core Surge","Conserve Battery","BootSequence","Ball Lightning","Fission+1","Cold Snap","Coolheaded","All For One","White Noise","Sunder","Consume+1","Hologram+1","Cold Snap","Defragment+1","Coolheaded","Ghostly","Ghostly","Ghostly","Ghostly","Ghostly","Blizzard+1","Discovery","Recycle","Electrodynamics","Reinforced Body+1","Chill","Capacitor+1","Hologram","Barrage","Hello World+1","Capacitor","Redo","Undo","Hello World+1","Ball Lightning+1"],"relics":["Astrolabe","Golden Idol","SsserpentHead","Bottled Lightning","WingedGreaves","Lantern","Bag of Marbles","Coffee Dripper","WarpedTongs","DataDisk","Shuriken","Busted Crown","Art of War","Oddly Smooth Stone","Molten Egg 2","Happy Flower"],"potions_floor_usage":[14,22,40],"damage_taken":[{"damage":6,"enemies":"Jaw Worm","floor":1,"turns":4},{"damage":6,"enemies":"2 Louse","floor":4,"turns":4},{"damage":8,"enemies":"Small Slimes","floor":5,"turns":5},{"damage":20,"enemies":"3 Sentries","floor":10,"turns":10},{"damage":5,"enemies":"Exordium Thugs","floor":12,"turns":6},{"damage":13,"enemies":"Gremlin Nob","floor":14,"turns":5},{"damage":0,"enemies":"The Guardian","floor":16,"turns":11},{"damage":2,"enemies":"Shell Parasite","floor":18,"turns":6},{"damage":6,"enemies":"Chosen","floor":21,"turns":5},{"damage":12,"enemies":"Snake Plant","floor":22,"turns":5},{"damage":1,"enemies":"Centurion and Healer","floor":24,"turns":6},{"damage":5,"enemies":"Book of Stabbing","floor":25,"turns":7},{"damage":0,"enemies":"Snecko","floor":27,"turns":6},{"damage":5,"enemies":"Collector","floor":33,"turns":12},{"damage":9,"enemies":"3 Shapes","floor":35,"turns":4},{"damage":0,"enemies":"Orb Walker","floor":37,"turns":4},{"damage":0,"enemies":"Jaw Worm Horde","floor":38,"turns":4},{"damage":4,"enemies":"4 Shapes","floor":39,"turns":5},{"damage":1,"enemies":"Nemesis","floor":40,"turns":9},{"damage":0,"enemies":"Reptomancer","floor":41,"turns":8},{"damage":0,"enemies":"Maw","floor":46,"turns":8},{"damage":0,"enemies":"Nemesis","floor":47,"turns":7},{"damage":0,"enemies":"Sphere and 2 Shapes","floor":48,"turns":3},{"damage":8,"enemies":"Time Eater","floor":50,"turns":11}],"seed_played":"7457044096784620872","potions_obtained":[{"floor":5,"key":"Poison Potion"},{"floor":10,"key":"GamblersBrew"},{"floor":12,"key":"LiquidBronze"},{"floor":16,"key":"Ancient Potion"},{"floor":18,"key":"Explosive Potion"},{"floor":21,"key":"SkillPotion"},{"floor":27,"key":"Ancient Potion"},{"floor":37,"key":"LiquidBronze"},{"floor":41,"key":"GamblersBrew"}],"is_trial":false,"path_per_floor":["?","?","?","M","T","?","M","?","?"],"character_chosen":"DEFECT","items_purchased":["Core Surge","Conserve Battery","BootSequence","Fission","Sunder","Consume","Blizzard","Discovery","Recycle","Chill","Art of War","Capacitor","Redo","Undo"],"campfire_rested":0,"item_purchase_floors":[6,6,6,11,20,20,29,29,29,36,36,45,45,45],"current_hp_per_floor":[68,51,51,55,57,57,57,57,57,47,47,52,52,49,49,59,68,71,71,71,71,59,59,68,71,71,71,35,35,35,31,31,36,39,40,40,40,40,40,40,40,40,40,40,40,40,40,40,40,32],"gold":108,"neow_bonus":"BOSS_RELIC","is_prod":false,"is_daily":false,"chose_seed":false,"campfire_upgraded":8,"win_rate":0,"timestamp":1558461924,"path_taken":["M","?","?","M","M","$","R","?","T","E","$","?","?","E","R","BOSS","M","?","$","M","?","R","M","E","T","M","?","$","R","?","R","BOSS","M","$","M","M","M","E","E","R","T","R","$","M","E","M","R","BOSS"],"build_version":"2019-01-23","purchased_purges":2,"victory":true,"max_hp_per_floor":[71,71,71,71,71,71,71,71,71,71,71,71,71,71,71,71,71,71,71,71,71,71,71,71,71,71,71,35,35,35,40,40,40,40,40,40,40,40,40,40,40,40,40,40,40,40,40,40,40,40],"card_choices":[{"not_picked":["Aggregate","Barrage"],"picked":"Turbo","floor":1},{"not_picked":["Conserve Battery","Chaos"],"picked":"Defragment","floor":4},{"not_picked":["Streamline","Steam"],"picked":"Coolheaded","floor":5},{"not_picked":["Conserve Battery","Scrape"],"picked":"Ball Lightning","floor":10},{"not_picked":["Sweeping Beam","Stack"],"picked":"Cold Snap","floor":12},{"not_picked":["Gash","Barrage"],"picked":"Coolheaded","floor":14},{"not_picked":["Multi-Cast","Meteor Strike"],"picked":"All For One","floor":16},{"not_picked":["Doom and Gloom","Force Field"],"picked":"White Noise","floor":18},{"not_picked":["Turbo","Go for the Eyes"],"picked":"Hologram+1","floor":21},{"not_picked":["Barrage","Conserve Battery"],"picked":"Cold Snap","floor":22},{"not_picked":["Barrage","Redo","Steam+1"],"picked":"SKIP","floor":24},{"not_picked":["Leap+1","Cold Snap"],"picked":"Defragment","floor":25},{"not_picked":["Barrage","Rebound"],"picked":"Coolheaded","floor":27},{"not_picked":["Rainbow","Amplify"],"picked":"Electrodynamics","floor":33},{"not_picked":[],"picked":"Reinforced Body+1","floor":35},{"not_picked":["Steam"],"picked":"SKIP","floor":37},{"not_picked":[],"picked":"Capacitor+1","floor":38},{"not_picked":[],"picked":"Hologram","floor":39},{"not_picked":[],"picked":"Barrage","floor":40},{"not_picked":[],"picked":"Hello World+1","floor":41},{"not_picked":[],"picked":"Hello World+1","floor":46},{"not_picked":["Sweeping Beam+1"],"picked":"SKIP","floor":47},{"not_picked":[],"picked":"Ball Lightning+1","floor":48}],"player_experience":610559,"relics_obtained":[{"floor":9,"key":"Bottled Lightning"},{"floor":10,"key":"WingedGreaves"},{"floor":13,"key":"Lantern"},{"floor":14,"key":"Bag of Marbles"},{"floor":25,"key":"DataDisk"},{"floor":26,"key":"Shuriken"},{"floor":40,"key":"Oddly Smooth Stone"},{"floor":41,"key":"Molten Egg 2"},{"floor":47,"key":"Happy Flower"}],"event_choices":[{"damage_healed":0,"gold_gain":0,"player_choice":"Take Damage","damage_taken":17,"relics_obtained":["Golden Idol"],"max_hp_gain":0,"max_hp_loss":0,"event_name":"Golden Idol","floor":2,"gold_loss":0},{"damage_healed":0,"gold_gain":175,"player_choice":"AGREE","damage_taken":0,"max_hp_gain":0,"max_hp_loss":0,"event_name":"Liars Game","floor":3,"gold_loss":0,"cards_obtained":["Doubt"]},{"damage_healed":0,"gold_gain":0,"player_choice":"Trade","damage_taken":0,"relics_obtained":["SsserpentHead"],"max_hp_gain":0,"max_hp_loss":0,"event_name":"FaceTrader","floor":8,"gold_loss":0},{"damage_healed":0,"gold_gain":0,"player_choice":"Rummage","damage_taken":0,"relics_obtained":["WarpedTongs"],"max_hp_gain":0,"max_hp_loss":0,"event_name":"Accursed Blacksmith","floor":19,"gold_loss":0,"cards_obtained":["Pain"]},{"damage_healed":0,"gold_gain":0,"player_choice":"Became a Ghost","damage_taken":0,"max_hp_gain":0,"max_hp_loss":36,"event_name":"Ghosts","floor":28,"gold_loss":0,"cards_obtained":["Ghostly","Ghostly","Ghostly","Ghostly","Ghostly"]},{"damage_healed":0,"gold_gain":0,"player_choice":"Shed Blood","damage_taken":9,"max_hp_gain":5,"max_hp_loss":0,"event_name":"Forgotten Altar","floor":31,"gold_loss":0}],"is_beta":false,"boss_relics":[{"not_picked":["Sozu","Tiny House"],"picked":"Coffee Dripper"},{"not_picked":["Empty Cage","Snecko Eye"],"picked":"Busted Crown"}],"items_purged_floors":[6,20],"is_endless":false,"potions_floor_spawned":[5,10,12,16,18,21,27,37,39,41,47],"ascension_level":14}