{"gold_per_floor":[117,117,137,154,169,169,197,208,254,254,265,265,340,359,359,455,455,471,381,381,381,401,401],"floor_reached":23,"playtime":4691,"items_purged":[],"score":218,"play_id":"b8ad8d63-1ec5-479c-acb5-559273c76c11","local_time":"20190103134455","is_ascension_mode":false,"campfire_choices":[{"floor":6,"key":"RECALL"},{"floor":10,"key":"REST"},{"floor":12,"key":"REST"},{"floor":15,"key":"REST"}],"neow_cost":"NONE","seed_source_timestamp":11633815694863,"circlet_count":0,"master_deck":["Defend_G","Defend_G","Defend_G","Defend_G","Survivor","Neutralize","Flying Knee","Skewer","Leg Sweep","Tools of the Trade","Well Laid Plans","Venomology","Escape Plan","Bite","Bite","Bite","Bite","Bite"],"relics":["Ring of the Snake","Omamori","Calling Bell","Ancient Tea Set","Letter Opener","Tough Bandages"],"potions_floor_usage":[7,8,19,19,19,23,23],"damage_taken":[{"damage":0,"enemies":"Small Slimes","floor":1,"turns":3},{"damage":1,"enemies":"Cultist","floor":3,"turns":5},{"damage":0,"enemies":"2 Louse","floor":4,"turns":3},{"damage":10,"enemies":"Lots of Slimes","floor":5,"turns":5},{"damage":46,"enemies":"3 Sentries","floor":7,"turns":12},{"damage":0,"enemies":"Gremlin Gang","floor":8,"turns":1},{"damage":3,"enemies":"Exordium Wildlife","floor":11,"turns":7},{"damage":2,"enemies":"Looter","floor":14,"turns":3},{"damage":35,"enemies":"Slime Boss","floor":16,"turns":22},{"damage":9,"enemies":"Chosen","floor":18,"turns":9},{"damage":30,"enemies":"2 Thieves","floor":19,"turns":5},{"damage":25,"enemies":"Shelled Parasite and Fungi","floor":22,"turns":16},{"damage":80,"enemies":"Gremlin Leader","floor":23,"turns":10}],"seed_played":"-3702402690795578093","potions_obtained":[{"floor":5,"key":"Ancient Potion"},{"floor":7,"key":"SkillPotion"},{"floor":8,"key":"SneckoOil"},{"floor":11,"key":"LiquidBronze"},{"floor":22,"key":"Dexterity Potion"}],"is_trial":false,"path_per_floor":["M","?","M","M","M","R","E","M","T","R","M","R","?","M","R","B",null,"M","M","?","?","M","E"],"character_chosen":"THE_SILENT","items_purchased":[],"campfire_rested":3,"item_purchase_floors":[],"current_hp_per_floor":[70,63,62,62,52,52,6,6,6,27,24,45,34,32,53,18,70,61,31,31,31,42,0],"gold":401,"neow_bonus":"REMOVE_CARD","is_prod":false,"is_daily":false,"chose_seed":false,"campfire_upgraded":0,"win_rate":0,"timestamp":1546519495,"path_taken":["M","?","M","M","M","R","E","M","T","R","M","R","?","M","R","BOSS","M","M","?","?","M","E"],"build_version":"2018-12-20","purchased_purges":0,"victory":false,"max_hp_per_floor":[70,70,70,70,70,70,70,70,70,70,70,70,70,70,70,70,70,70,70,49,49,49,49],"card_choices":[{"not_picked":["PiercingWail","Deadly Poison"],"picked":"Flying Knee","floor":1},{"not_picked":["Dagger Throw","Backflip"],"picked":"Skewer","floor":3},{"not_picked":["Underhanded Strike","PiercingWail","Acrobatics"],"picked":"SKIP","floor":4},{"not_picked":["Infinite Blades","Sucker Punch"],"picked":"Leg Sweep","floor":5},{"not_picked":["Escape Plan","Sucker Punch"],"picked":"Tools of the Trade","floor":7},{"not_picked":["Deflect","Choke","Bane"],"picked":"SKIP","floor":8},{"not_picked":["Quick Slash","Calculated Gamble","Masterful Stab"],"picked":"SKIP","floor":11},{"not_picked":["Quick Slash","Leg Sweep"],"picked":"Well Laid Plans","floor":14},{"not_picked":["Glass Knife","Wraith Form v2"],"picked":"Venomology","floor":16},{"not_picked":["Dodge and Roll","Finisher"],"picked":"Escape Plan","floor":18},{"not_picked":["Outmaneuver","Expertise","Leg Sweep"],"picked":"SKIP","floor":19},{"not_picked":["Skewer","Flying Knee","Bane"],"picked":"SKIP","floor":22}],"player_experience":55020,"relics_obtained":[{"floor":7,"key":"Omamori"},{"floor":17,"key":"Ancient Tea Set"},{"floor":17,"key":"Letter Opener"},{"floor":17,"key":"Tough Bandages"}],"event_choices":[{"cards_removed":["Strike_G"],"damage_healed":0,"gold_gain":0,"player_choice":"Card Removal","damage_taken":7,"max_hp_gain":0,"max_hp_loss":0,"event_name":"Golden Wing","floor":2,"gold_loss":0},{"damage_healed":0,"gold_gain":75,"player_choice":"Gather Gold","damage_taken":11,"max_hp_gain":0,"max_hp_loss":0,"event_name":"World of Goop","floor":13,"gold_loss":0},{"damage_healed":0,"gold_gain":0,"player_choice":"Became a vampire","damage_taken":0,"max_hp_gain":0,"max_hp_loss":21,"event_name":"Vampires","floor":20,"gold_loss":0,"cards_obtained":["Bite","Bite","Bite","Bite","Bite"]},{"cards_removed":["Regret"],"damage_healed":0,"gold_gain":0,"player_choice":"Elegance","damage_taken":0,"max_hp_gain":0,"max_hp_loss":0,"event_name":"Back to Basics","floor":21,"gold_loss":0}],"is_beta":false,"boss_relics":[{"not_picked":["Snecko Eye","Ectoplasm"],"picked":"Calling Bell"}],"items_purged_floors":[],"is_endless":false,"potions_floor_spawned":[5,7,8,11,22],"killed_by":"Gremlin Leader","ascension_level":0}