{"gold_per_floor":[118,118,118,133,143,143,174,174,174,174,185,185,185,212,212,337,337,351,351,351,365,365,365,280,280,280,280,298,18,39,63,63,193,193,217,30,48,0,23,23,38,38,88,123,144,144,144,213,213,213,213,213,63,63],"floor_reached":54,"playtime":2394,"items_purged":[],"score":663,"play_id":"faded1c0-0121-43d4-ba62-f51186a81bbd","local_time":"20190531174816","is_ascension_mode":false,"campfire_choices":[{"data":"Sunder","floor":6,"key":"SMITH"},{"data":"Echo Form","floor":8,"key":"SMITH"},{"floor":12,"key":"RECALL"},{"data":"Hologram","floor":15,"key":"SMITH"},{"data":"Barrage","floor":23,"key":"SMITH"},{"data":"Dualcast","floor":25,"key":"SMITH"},{"data":"Cold Snap","floor":27,"key":"SMITH"},{"data":"Go for the Eyes","floor":32,"key":"SMITH"},{"data":"Seek","floor":40,"key":"SMITH"},{"data":"Machine Learning","floor":42,"key":"SMITH"},{"data":"Chill","floor":49,"key":"SMITH"},{"data":"Beam Cell","floor":52,"key":"SMITH"}],"neow_cost":"NONE","seed_source_timestamp":627014341342900,"circlet_count":0,"master_deck":["Strike_B+1","Strike_B+1","Strike_B+1","Strike_B+1","Defend_B+1","Defend_B+1","Defend_B+1","Defend_B+1","Zap+1","Dualcast+1","Sunder+1","Hologram+1","Glacier","Echo Form+1","Cold Snap+1","Seek+1","Cold Snap+1","Barrage+1","Go for the Eyes+1","Self Repair","Force Field","Machine Learning+1","Rebound+1","Chill+1","Beam Cell+1","Aggregate+1","Madness","Madness","Capacitor"],"relics":["Cracked Core","Meat on the Bone","Oddly Smooth Stone","Golden Idol","Pen Nib","Busted Crown","Symbiotic Virus","Kunai","OrangePellets","Eternal Feather","Anchor","Red Mask","Juzu Bracelet","Mercury Hourglass"],"potions_floor_usage":[4,16,16,30,33,50,54],"damage_taken":[{"damage":0,"enemies":"Cultist","floor":1,"turns":3},{"damage":0,"enemies":"2 Louse","floor":4,"turns":2},{"damage":0,"enemies":"Jaw Worm","floor":5,"turns":3},{"damage":0,"enemies":"3 Sentries","floor":7,"turns":7},{"damage":2,"enemies":"Blue Slaver","floor":11,"turns":4},{"damage":2,"enemies":"Hexaghost","floor":16,"turns":10},{"damage":1,"enemies":"Chosen","floor":18,"turns":3},{"damage":10,"enemies":"Shell Parasite","floor":21,"turns":5},{"damage":8,"enemies":"Cultist and Chosen","floor":28,"turns":3},{"damage":6,"enemies":"Centurion and Healer","floor":30,"turns":5},{"damage":5,"enemies":"Snake Plant","floor":31,"turns":4},{"damage":14,"enemies":"Champ","floor":33,"turns":14},{"damage":0,"enemies":"3 Shapes","floor":35,"turns":4},{"damage":12,"enemies":"3 Darklings","floor":37,"turns":7},{"damage":11,"enemies":"Sphere and 2 Shapes","floor":39,"turns":9},{"damage":1,"enemies":"Writhing Mass","floor":41,"turns":7},{"damage":6,"enemies":"Reptomancer","floor":44,"turns":9},{"damage":6,"enemies":"3 Darklings","floor":45,"turns":6},{"damage":43,"enemies":"Donu and Deca","floor":50,"turns":16},{"damage":58,"enemies":"Shield and Spear","floor":54,"turns":6}],"seed_played":"3309404330323497837","potions_obtained":[{"floor":1,"key":"EntropicBrew"},{"floor":28,"key":"Block Potion"},{"floor":30,"key":"Strength Potion"},{"floor":45,"key":"SkillPotion"}],"is_trial":false,"path_per_floor":["M","$","?","M","M","R","E","R","T","?","M","R","?","T","R","B",null,"M","?","?","M","?","R","?","R","T","R","M","$","M","M","R","B",null,"M","$","M","?","M","R","M","R","T","E","M","?","?","T","R","B",null,"R","$","E"],"character_chosen":"DEFECT","items_purchased":["Go for the Eyes","OrangePellets","Self Repair","Chill","Anchor","Capacitor","FocusPotion"],"campfire_rested":0,"item_purchase_floors":[29,29,29,36,36,53,53],"current_hp_per_floor":[75,75,80,80,80,80,80,80,80,64,62,62,62,62,62,60,74,73,73,73,63,63,63,63,63,63,63,55,55,63,65,65,58,74,74,74,69,69,72,74,74,74,74,74,74,74,65,65,74,50,74,74,74,16],"gold":63,"neow_bonus":"UPGRADE_CARD","is_prod":false,"is_daily":false,"chose_seed":false,"campfire_upgraded":11,"win_rate":0,"timestamp":1559314096,"path_taken":["M","$","?","M","M","R","E","R","T","?","M","R","?","?","R","BOSS","M","?","?","M","?","R","?","R","T","R","M","$","M","M","R","BOSS","M","$","M","?","M","R","M","R","T","E","M","?","?","?","R","BOSS","R","$","E"],"build_version":"2019-05-28","purchased_purges":0,"victory":false,"max_hp_per_floor":[75,75,80,80,80,80,80,80,80,80,80,80,74,74,74,74,74,74,74,74,74,74,74,74,74,74,74,74,74,74,74,74,74,74,74,74,74,74,74,74,74,74,74,74,74,74,74,74,74,74,74,74,74,74],"card_choices":[{"not_picked":["Rebound","Doom and Gloom"],"picked":"Sunder","floor":1},{"not_picked":["Barrage","Rebound"],"picked":"Hologram","floor":4},{"not_picked":["Rebound","Steam"],"picked":"Glacier","floor":5},{"not_picked":["Barrage","Heatsinks"],"picked":"Echo Form","floor":7},{"not_picked":["Chaos","Aggregate"],"picked":"Cold Snap","floor":11},{"not_picked":["Thunder Strike","Amplify"],"picked":"Seek","floor":16},{"not_picked":[],"picked":"Cold Snap+1","floor":18},{"not_picked":[],"picked":"Barrage","floor":21},{"not_picked":["Barrage"],"picked":"SKIP","floor":28},{"not_picked":[],"picked":"Force Field","floor":30},{"not_picked":["Force Field"],"picked":"SKIP","floor":31},{"not_picked":[],"picked":"Machine Learning","floor":33},{"not_picked":[],"picked":"Rebound+1","floor":35},{"not_picked":[],"picked":"Beam Cell","floor":37},{"not_picked":[],"picked":"Chill+1","floor":39},{"not_picked":["Gash"],"picked":"SKIP","floor":41},{"not_picked":["Biased Cognition"],"picked":"SKIP","floor":44},{"not_picked":[],"picked":"Aggregate+1","floor":45}],"player_experience":417753,"relics_obtained":[{"floor":7,"key":"Meat on the Bone"},{"floor":9,"key":"Oddly Smooth Stone"},{"floor":14,"key":"Pen Nib"},{"floor":26,"key":"Kunai"},{"floor":44,"key":"Juzu Bracelet"},{"floor":48,"key":"Mercury Hourglass"}],"event_choices":[{"damage_healed":0,"gold_gain":0,"player_choice":"Donut","damage_taken":0,"max_hp_gain":5,"max_hp_loss":0,"event_name":"Big Fish","floor":3,"gold_loss":0},{"damage_healed":0,"gold_gain":0,"player_choice":"Entered Light","damage_taken":16,"max_hp_gain":0,"max_hp_loss":0,"event_name":"Shining Light","floor":10,"gold_loss":0,"cards_upgraded":["Defend_B","Defend_B"]},{"damage_healed":0,"gold_gain":0,"player_choice":"Lose Max HP","damage_taken":0,"relics_obtained":["Golden Idol"],"max_hp_gain":0,"max_hp_loss":6,"event_name":"Golden Idol","floor":13,"gold_loss":0},{"damage_healed":0,"gold_gain":0,"player_choice":"Ignored","damage_taken":0,"max_hp_gain":0,"max_hp_loss":0,"event_name":"Ghosts","floor":19,"gold_loss":0},{"damage_healed":0,"gold_gain":0,"player_choice":"Simplicity","damage_taken":0,"max_hp_gain":0,"max_hp_loss":0,"event_name":"Back to Basics","floor":20,"gold_loss":0,"cards_upgraded":["Strike_B","Strike_B","Strike_B","Strike_B","Defend_B","Defend_B"]},{"damage_healed":0,"gold_gain":0,"player_choice":"Ignored","damage_taken":0,"max_hp_gain":0,"max_hp_loss":0,"event_name":"Vampires","floor":22,"gold_loss":0},{"damage_healed":0,"gold_gain":0,"player_choice":"Obtained Relic","damage_taken":0,"relics_obtained":["Symbiotic Virus"],"max_hp_gain":0,"max_hp_loss":0,"event_name":"Addict","floor":24,"gold_loss":85},{"damage_healed":0,"gold_gain":0,"player_choice":"Paid","damage_taken":0,"relics_obtained":["Red Mask"],"max_hp_gain":0,"max_hp_loss":0,"event_name":"Tomb of Lord Red Mask","floor":38,"gold_loss":48},{"cards_removed":["Chill"],"damage_healed":0,"gold_gain":0,"player_choice":"Removed Skill","damage_taken":0,"max_hp_gain":0,"max_hp_loss":0,"event_name":"Falling","floor":46,"gold_loss":0},{"damage_healed":0,"gold_gain":0,"player_choice":"Embrace Madness","damage_taken":9,"max_hp_gain":0,"max_hp_loss":0,"event_name":"Winding Halls","floor":47,"gold_loss":0,"cards_obtained":["Madness","Madness"]}],"is_beta":true,"boss_relics":[{"not_picked":["Fusion Hammer","Snecko Eye"],"picked":"Busted Crown"},{"not_picked":["Black Star","Velvet Choker"],"picked":"Eternal Feather"}],"items_purged_floors":[],"is_endless":false,"potions_floor_spawned":[1,7,28,30,45],"killed_by":"Shield and Spear","ascension_level":0}