{"gold_per_floor":[368,368,388,400,400,435,449,449,449,469,482,517,32,52,52,150,200,211,45,145,244,63,92,92,92,118,138,138,498,498,532,532,532],"floor_reached":33,"playtime":1040,"items_purged":["Strike_R","Strike_R","Defend_R"],"score":406,"play_id":"d9c10312-ccbf-4aac-b6e3-ceef98068e74","local_time":"20190224131053","is_ascension_mode":true,"campfire_choices":[{"data":"Armaments","floor":8,"key":"SMITH"},{"data":"Metallicize","floor":15,"key":"SMITH"},{"data":"Armaments","floor":24,"key":"SMITH"},{"data":"Dual Wield","floor":28,"key":"SMITH"},{"floor":30,"key":"REST"},{"floor":32,"key":"REST"}],"neow_cost":"TEN_PERCENT_HP_LOSS","seed_source_timestamp":767963983364151,"circlet_count":0,"master_deck":["Strike_R","Strike_R","Strike_R","Defend_R","Defend_R","Defend_R+1","Bash","Armaments+1","Immolate","Clash","Bash","Shrug It Off","Metallicize+1","Dual Wield+1","Flame Barrier","Flame Barrier","Berserk","Armaments+1","True Grit+1","Metallicize","Fire Breathing+1","Madness","Evolve+1","Metallicize+1","Limit Break"],"special_seed":0,"relics":["Burning Blood","Red Skull","Mummified Hand","Juzu Bracelet","Happy Flower","Membership Card","Bronze Scales","Gremlin Horn","Tiny House","Medical Kit","Pocketwatch","Pear","Anchor","Centennial Puzzle","Dream Catcher","Vajra"],"potions_floor_usage":[6,16,20,20],"damage_taken":[{"damage":11.0,"enemies":"Cultist","floor":1.0,"turns":4.0},{"damage":0,"enemies":"2 Louse","floor":3,"turns":1},{"damage":0,"enemies":"Small Slimes","floor":4,"turns":3},{"damage":7,"enemies":"3 Sentries","floor":6,"turns":4},{"damage":8,"enemies":"Blue Slaver","floor":7,"turns":2},{"damage":7,"enemies":"3 Louse","floor":10,"turns":2},{"damage":12,"enemies":"Exordium Wildlife","floor":11,"turns":4},{"damage":13,"enemies":"Gremlin Nob","floor":12,"turns":4},{"damage":7,"enemies":"Red Slaver","floor":14,"turns":3},{"damage":19,"enemies":"The Guardian","floor":16,"turns":14},{"damage":0,"enemies":"Chosen","floor":18,"turns":3},{"damage":7,"enemies":"Colosseum Slavers","floor":20,"turns":6},{"damage":2,"enemies":"Colosseum Nobs","floor":20,"turns":5},{"damage":14,"enemies":"Gremlin Leader","floor":23,"turns":7},{"damage":9,"enemies":"Shell Parasite","floor":27,"turns":6},{"damage":37,"enemies":"Slavers","floor":31,"turns":6},{"damage":88,"enemies":"Automaton","floor":33,"turns":6}],"seed_played":"-349873205450163173","potions_obtained":[{"floor":4,"key":"AttackPotion"},{"floor":6,"key":"SpeedPotion"},{"floor":7,"key":"Weak Potion"},{"floor":10,"key":"Ancient Potion"},{"floor":12,"key":"Explosive Potion"},{"floor":17,"key":"PowerPotion"},{"floor":20,"key":"Dexterity Potion"},{"floor":23,"key":"Strength Potion"}],"is_trial":false,"path_per_floor":["M","?","M","M","?","E","M","R","T","M","M","E","$","M","R","B",null,"M","$","?","?","$","E","R","?","T","M","R","?","R","E","R","B"],"character_chosen":"IRONCLAD","items_purchased":["Membership Card","Bronze Scales","Flame Barrier","Gremlin Horn","Medical Kit","Metallicize","Anchor","Madness"],"campfire_rested":2,"item_purchase_floors":[13,13,13,13,19,19,22,22],"current_hp_per_floor":[67,67,72,72,65,64,62,62,62,61,55,48,48,47,47,34,68,74,74,87,87,87,79,79,79,79,76,76,36,62,31,57,0],"gold":532,"neow_bonus":"TWO_FIFTY_GOLD","is_prod":false,"is_daily":false,"chose_seed":false,"campfire_upgraded":4,"win_rate":0,"timestamp":1551010253,"path_taken":["M","?","M","?","?","E","M","R","T","M","M","E","$","M","R","BOSS","M","$","?","?","$","E","R","?","T","M","R","?","R","E","R","BOSS"],"build_version":"2019-01-23","purchased_purges":3,"victory":false,"max_hp_per_floor":[72,72,72,72,72,72,72,72,72,72,72,72,72,72,72,72,77,77,77,87,87,87,87,87,87,87,87,87,87,87,87,87,87],"card_choices":[{"not_picked":["Rupture","Dropkick"],"picked":"Armaments","floor":1.0},{"not_picked":["Armaments","Twin Strike"],"picked":"Shrug It Off","floor":3},{"not_picked":["Ghostly Armor","Reckless Charge"],"picked":"Metallicize","floor":4},{"not_picked":["Inflame","Clothesline"],"picked":"Dual Wield","floor":6},{"not_picked":["Fire Breathing","Sword Boomerang","Headbutt"],"picked":"SKIP","floor":7},{"not_picked":["Carnage","Combust","Intimidate"],"picked":"SKIP","floor":10},{"not_picked":["Clothesline","Corruption","Armaments"],"picked":"SKIP","floor":11},{"not_picked":["Shrug It Off","Heavy Blade","Flex"],"picked":"SKIP","floor":12},{"not_picked":["Warcry","Perfected Strike"],"picked":"Flame Barrier","floor":14},{"not_picked":["Impervious","Brutality"],"picked":"Berserk","floor":16},{"not_picked":["Sword Boomerang","Shrug It Off"],"picked":"Armaments","floor":17},{"not_picked":["Cleave+1","Reckless Charge+1"],"picked":"True Grit+1","floor":18},{"not_picked":["Burning Pact","Entrench"],"picked":"Fire Breathing+1","floor":20},{"not_picked":["Body Slam","Perfected Strike","Dropkick"],"picked":"SKIP","floor":23},{"not_picked":["Battle Trance+1","Iron Wave"],"picked":"Evolve+1","floor":27},{"not_picked":["Heavy Blade+1","Shrug It Off"],"picked":"Metallicize+1","floor":30},{"not_picked":["Dropkick","Warcry"],"picked":"Limit Break","floor":31}],"player_experience":91002,"relics_obtained":[{"floor":6,"key":"Mummified Hand"},{"floor":9,"key":"Juzu Bracelet"},{"floor":12,"key":"Happy Flower"},{"floor":20,"key":"Pocketwatch"},{"floor":20,"key":"Pear"},{"floor":23,"key":"Centennial Puzzle"},{"floor":26,"key":"Dream Catcher"},{"floor":31,"key":"Vajra"}],"event_choices":[{"damage_healed":0,"gold_gain":0,"player_choice":"3 cards matched","damage_taken":0,"max_hp_gain":0,"max_hp_loss":0,"event_name":"Match and Keep!","floor":2,"gold_loss":0,"cards_obtained":["Immolate","Clash","Bash"]},{"damage_healed":0,"gold_gain":0,"player_choice":"Success","damage_taken":7,"relics_obtained":["Red Skull"],"max_hp_gain":0,"max_hp_loss":0,"event_name":"Scrap Ooze","floor":5,"gold_loss":0},{"damage_healed":0,"gold_gain":0,"player_choice":"Fight","damage_taken":0,"max_hp_gain":0,"max_hp_loss":0,"event_name":"Colosseum","floor":20,"gold_loss":0},{"damage_healed":0,"gold_gain":0,"player_choice":"Fought Nobs","damage_taken":0,"max_hp_gain":0,"max_hp_loss":0,"event_name":"Colosseum","floor":20,"gold_loss":0},{"damage_healed":0,"gold_gain":99,"player_choice":"Stole From Cult","damage_taken":0,"max_hp_gain":0,"max_hp_loss":0,"event_name":"Nest","floor":21,"gold_loss":0},{"damage_healed":0,"gold_gain":0,"player_choice":"Ignored","damage_taken":0,"max_hp_gain":0,"max_hp_loss":0,"event_name":"Vampires","floor":25,"gold_loss":0},{"damage_healed":0,"gold_gain":360,"player_choice":"GOLD GOLD GOLD GOLD ","damage_taken":40,"max_hp_gain":0,"max_hp_loss":0,"event_name":"Knowing Skull","floor":29,"potions_obtained":[],"gold_loss":0,"cards_obtained":[]}],"is_beta":false,"boss_relics":[{"not_picked":["Runic Pyramid","Runic Cube"],"picked":"Tiny House"}],"items_purged_floors":[13,19,22],"is_endless":false,"potions_floor_spawned":[4,6,7,10,12,14,20,23,31],"killed_by":"Automaton","ascension_level":6}