{"gold_per_floor":[109,284,284,284,298,325,341,341,341,64,83,83],"floor_reached":12,"playtime":789,"items_purged":["Doubt"],"score":105,"play_id":"cb7327d5-9757-452c-8903-ef88dd338641","local_time":"20190507201950","is_ascension_mode":true,"campfire_choices":[{"floor":8,"key":"REST"}],"neow_cost":"NONE","seed_source_timestamp":4255084850079782,"circlet_count":0,"master_deck":["Defend_G","Defend_G","Defend_G","Defend_G","Defend_G","Strike_G","Strike_G","Strike_G","Strike_G","Strike_G","Survivor","Neutralize","Blur","Blur","Leg Sweep","Backflip","Noxious Fumes","Apotheosis","Bane"],"relics":["Ring of the Snake","Tingsha","Dodecahedron"],"potions_floor_usage":[7],"damage_taken":[{"damage":4,"enemies":"Small Slimes","floor":1,"turns":6},{"damage":0,"enemies":"2 Louse","floor":5,"turns":3},{"damage":57,"enemies":"3 Sentries","floor":6,"turns":23},{"damage":3,"enemies":"Cultist","floor":7,"turns":7},{"damage":1,"enemies":"Blue Slaver","floor":11,"turns":6},{"damage":27,"enemies":"Gremlin Gang","floor":12,"turns":3}],"seed_played":"-87290034028843340","potions_obtained":[{"floor":6,"key":"SpeedPotion"}],"is_trial":false,"path_per_floor":["?","?","?"],"character_chosen":"THE_SILENT","items_purchased":["Noxious Fumes","Apotheosis"],"campfire_rested":1,"item_purchase_floors":[10,10],"current_hp_per_floor":[66,66,71,63,63,6,3,27,27,27,26,0],"gold":83,"neow_bonus":"TEN_PERCENT_HP_BONUS","is_prod":false,"is_daily":false,"chose_seed":false,"campfire_upgraded":0,"win_rate":0,"timestamp":1557274790,"path_taken":["M","?","?","?","M","E","M","R","T","$","M","M"],"build_version":"2019-01-23","purchased_purges":1,"victory":false,"max_hp_per_floor":[77,77,82,82,82,82,82,82,82,82,82,82],"card_choices":[{"not_picked":["Acrobatics","Caltrops"],"picked":"Blur","floor":1},{"not_picked":["Acrobatics","PiercingWail"],"picked":"Blur","floor":5},{"not_picked":["Calculated Gamble","Bane"],"picked":"Leg Sweep","floor":6},{"not_picked":["Prepared","Choke"],"picked":"Backflip","floor":7},{"not_picked":["Heel Hook","Prepared"],"picked":"Bane","floor":11}],"player_experience":307229,"relics_obtained":[{"floor":6,"key":"Tingsha"},{"floor":9,"key":"Dodecahedron"}],"event_choices":[{"damage_healed":0,"gold_gain":175,"player_choice":"AGREE","damage_taken":0,"max_hp_gain":0,"max_hp_loss":0,"event_name":"Liars Game","floor":2,"gold_loss":0,"cards_obtained":["Doubt"]},{"damage_healed":0,"gold_gain":0,"player_choice":"Donut","damage_taken":0,"max_hp_gain":5,"max_hp_loss":0,"event_name":"Big Fish","floor":3,"gold_loss":0},{"damage_healed":0,"gold_gain":0,"player_choice":"Damaged","damage_taken":8,"max_hp_gain":0,"max_hp_loss":0,"event_name":"Wheel of Change","floor":4,"gold_loss":0}],"is_beta":false,"boss_relics":[],"items_purged_floors":[10],"is_endless":false,"potions_floor_spawned":[6],"killed_by":"Gremlin Gang","ascension_level":7}