{"gold_per_floor":[11,28,28,28,41,41,367,386,386,386,396,161,161,172,172,273,273,286,302,153,253,269,269,304,323,323,198,198],"floor_reached":28,"playtime":917,"items_purged":["Strike_R","Strike_R","Strike_R"],"score":252,"play_id":"ede300b0-6e4b-4ed6-8cb4-40e0c83da2f6","local_time":"20190129125104","is_ascension_mode":true,"campfire_choices":[{"data":"Demon Form","floor":6,"key":"SMITH"},{"data":"Body Slam","floor":13,"key":"SMITH"},{"data":"Dual Wield","floor":15,"key":"SMITH"},{"data":"Armaments","floor":23,"key":"SMITH"}],"neow_cost":"NO_GOLD","seed_source_timestamp":43882736843185,"circlet_count":0,"master_deck":["Strike_R","Defend_R","Defend_R","Defend_R","Defend_R","Bash","Demon Form+1","Armaments+1","Body Slam+1","Ghostly Armor","Body Slam","Flame Barrier","Dual Wield+1","Metallicize","Entrench","Double Tap","Sword Boomerang","Armaments+1","Disarm","Iron Wave"],"relics":["Burning Blood","Gremlin Horn","Old Coin","Unceasing Top","Busted Crown","Red Skull","Bottled Tornado"],"potions_floor_usage":[8,24,24],"damage_taken":[{"damage":7,"enemies":"2 Louse","floor":1,"turns":2},{"damage":3,"enemies":"Small Slimes","floor":2,"turns":4},{"damage":1,"enemies":"Jaw Worm","floor":5,"turns":5},{"damage":16,"enemies":"Lagavulin","floor":7,"turns":6},{"damage":0,"enemies":"3 Louse","floor":8,"turns":3},{"damage":0,"enemies":"Lots of Slimes","floor":11,"turns":3},{"damage":11,"enemies":"Gremlin Gang","floor":14,"turns":6},{"damage":25,"enemies":"Hexaghost","floor":16,"turns":11},{"damage":2,"enemies":"Shell Parasite","floor":18,"turns":6},{"damage":26,"enemies":"Spheric Guardian","floor":19,"turns":7},{"damage":21,"enemies":"Snake Plant","floor":22,"turns":7},{"damage":31,"enemies":"Slavers","floor":24,"turns":6},{"damage":3,"enemies":"Sentry and Sphere","floor":25,"turns":5},{"damage":31,"enemies":"Gremlin Leader","floor":28,"turns":2}],"seed_played":"7256197731368681279","potions_obtained":[{"floor":2,"key":"Strength Potion"},{"floor":5,"key":"Fire Potion"},{"floor":8,"key":"Fire Potion"},{"floor":14,"key":"Explosive Potion"},{"floor":24,"key":"Weak Potion"},{"floor":25,"key":"EssenceOfSteel"}],"is_trial":false,"path_per_floor":["M","M","?","?","M","R","E","M","T","?","M","$","R","M","R","B",null,"M","M","$","?","M","R","E","M","T","$","E"],"character_chosen":"IRONCLAD","items_purchased":["Metallicize","Entrench","Armaments"],"campfire_rested":0,"item_purchase_floors":[12,12,20],"current_hp_per_floor":[79,80,55,55,60,60,50,56,56,49,55,55,55,50,50,31,80,80,60,60,60,45,45,20,23,23,23,0],"gold":198,"neow_bonus":"THREE_RARE_CARDS","is_prod":false,"is_daily":false,"chose_seed":false,"campfire_upgraded":4,"win_rate":0,"timestamp":1548762664,"path_taken":["M","M","?","?","M","R","E","M","T","?","M","?","R","M","R","BOSS","M","M","$","?","?","R","E","?","T","$","E"],"build_version":"2019-01-23","purchased_purges":3,"victory":false,"max_hp_per_floor":[80,80,80,80,80,80,80,80,80,80,80,80,80,80,80,80,80,80,80,80,80,80,80,80,80,80,80,80],"card_choices":[{"not_picked":["Offering","Fiend Fire"],"picked":"Demon Form","floor":0},{"not_picked":["Warcry","Heavy Blade"],"picked":"Armaments","floor":1},{"not_picked":["Power Through","Warcry"],"picked":"Body Slam","floor":2},{"not_picked":["Infernal Blade","Clash"],"picked":"Ghostly Armor","floor":5},{"not_picked":["Iron Wave","Pummel"],"picked":"Body Slam","floor":7},{"not_picked":["Corruption","Spot Weakness"],"picked":"Flame Barrier","floor":8},{"not_picked":["Clash","Warcry"],"picked":"Dual Wield","floor":11},{"not_picked":["Clash","Infernal Blade","Pummel"],"picked":"SKIP","floor":14},{"not_picked":["Offering","Impervious"],"picked":"Double Tap","floor":16},{"not_picked":["Sentinel"],"picked":"SKIP","floor":18},{"not_picked":["Sword Boomerang"],"picked":"SKIP","floor":19},{"not_picked":[],"picked":"Sword Boomerang","floor":19},{"not_picked":["Sever Soul"],"picked":"SKIP","floor":22},{"not_picked":[],"picked":"Disarm","floor":24},{"not_picked":[],"picked":"Iron Wave","floor":25}],"player_experience":33916,"relics_obtained":[{"floor":7,"key":"Old Coin"},{"floor":9,"key":"Unceasing Top"},{"floor":24,"key":"Red Skull"},{"floor":26,"key":"Bottled Tornado"}],"event_choices":[{"damage_healed":0,"gold_gain":0,"player_choice":"Success","damage_taken":25,"relics_obtained":["Gremlin Horn"],"max_hp_gain":0,"max_hp_loss":0,"event_name":"Scrap Ooze","floor":3,"gold_loss":0},{"damage_healed":0,"gold_gain":0,"player_choice":"Grow","damage_taken":0,"max_hp_gain":0,"max_hp_loss":0,"event_name":"Living Wall","floor":4,"gold_loss":0,"cards_upgraded":["Armaments"]},{"cards_removed":["Strike_R"],"damage_healed":0,"gold_gain":0,"player_choice":"Card Removal","damage_taken":7,"max_hp_gain":0,"max_hp_loss":0,"event_name":"Golden Wing","floor":10,"gold_loss":0},{"damage_healed":0,"gold_gain":100,"player_choice":"Pray","damage_taken":0,"max_hp_gain":0,"max_hp_loss":0,"event_name":"Golden Shrine","floor":21,"gold_loss":0}],"is_beta":false,"boss_relics":[{"not_picked":["Velvet Choker","Mark of Pain"],"picked":"Busted Crown"}],"items_purged_floors":[12,20,27],"is_endless":false,"potions_floor_spawned":[2,5,8,14,24,25],"killed_by":"Gremlin Leader","ascension_level":1}