{"gold_per_floor":[111,111,286,286,35,35,110,189,246,284,284,323,323,73,73,73],"floor_reached":16,"playtime":309,"items_purged":["Strike_R","Defend_R"],"score":216,"play_id":"e7a2b435-0690-49f1-bb29-971ffd5c2e18","local_time":"20190523192124","is_ascension_mode":true,"campfire_choices":[{"data":"Whirlwind","floor":6,"key":"SMITH"},{"data":"Flash of Steel","floor":11,"key":"SMITH"},{"data":"Metallicize","floor":13,"key":"SMITH"},{"data":"Rage","floor":15,"key":"SMITH"}],"neow_cost":"NONE","seed_source_timestamp":274466167380238,"circlet_count":0,"master_deck":["AscendersBane","Strike_R","Strike_R","Strike_R","Strike_R","Defend_R","Defend_R","Defend_R","Bash","Whirlwind+1","Flash of Steel+1","Metallicize+1","Flame Barrier","Headbutt","Rage+1"],"relics":["Burning Blood","NeowsBlessing","Golden Idol","Dodecahedron","Tiny Chest","Orichalcum","Kunai","Blood Vial"],"potions_floor_usage":[12,16],"damage_taken":[{"damage":0,"enemies":"2 Louse","floor":1,"turns":1},{"damage":0,"enemies":"Gremlin Nob","floor":8,"turns":1},{"damage":0,"enemies":"Gremlin Nob","floor":10,"turns":1},{"damage":22,"enemies":"Lagavulin","floor":12,"turns":6},{"damage":54,"enemies":"Slime Boss","floor":16,"turns":5}],"seed_played":"-2935814149722033289","potions_obtained":[{"floor":8,"key":"GamblersBrew"},{"floor":10,"key":"SteroidPotion"}],"is_trial":false,"path_per_floor":["M","?","?","?","$","R","?","?","T","E","R","E","R","$","R","B"],"character_chosen":"IRONCLAD","items_purchased":["Flash of Steel","Metallicize","Blood Vial"],"campfire_rested":0,"item_purchase_floors":[5,5,14],"current_hp_per_floor":[74,56,56,56,56,56,45,51,51,57,57,41,41,41,41,0],"gold":73,"neow_bonus":"THREE_ENEMY_KILL","is_prod":false,"is_daily":false,"chose_seed":false,"campfire_upgraded":4,"win_rate":0,"timestamp":1558632084,"path_taken":["M","?","?","?","$","R","?","?","T","E","R","E","R","$","R","BOSS"],"build_version":"2019-01-23","purchased_purges":2,"victory":false,"max_hp_per_floor":[75,75,75,75,75,75,75,75,75,75,75,75,75,75,75,75],"card_choices":[{"not_picked":["Body Slam","Sentinel"],"picked":"Whirlwind","floor":1},{"not_picked":["Clothesline","Feel No Pain"],"picked":"Flame Barrier","floor":8},{"not_picked":["Inflame","Flex"],"picked":"Headbutt","floor":10},{"not_picked":["Clash","Dual Wield"],"picked":"Rage","floor":12}],"player_experience":237082,"relics_obtained":[{"floor":8,"key":"Dodecahedron"},{"floor":9,"key":"Tiny Chest"},{"floor":10,"key":"Orichalcum"},{"floor":12,"key":"Kunai"}],"event_choices":[{"damage_healed":0,"gold_gain":0,"player_choice":"Take Damage","damage_taken":18,"relics_obtained":["Golden Idol"],"max_hp_gain":0,"max_hp_loss":0,"event_name":"Golden Idol","floor":2,"gold_loss":0},{"damage_healed":0,"gold_gain":175,"player_choice":"AGREE","damage_taken":0,"max_hp_gain":0,"max_hp_loss":0,"event_name":"Liars Game","floor":3,"gold_loss":0,"cards_obtained":["Doubt"]},{"cards_removed":["Doubt"],"damage_healed":0,"gold_gain":0,"player_choice":"Forget","damage_taken":0,"max_hp_gain":0,"max_hp_loss":0,"event_name":"Living Wall","floor":4,"gold_loss":0},{"damage_healed":0,"gold_gain":75,"player_choice":"Gather Gold","damage_taken":11,"max_hp_gain":0,"max_hp_loss":0,"event_name":"World of Goop","floor":7,"gold_loss":0},{"damage_healed":0,"gold_gain":0,"player_choice":"Searched \u00272\u0027 times","damage_taken":0,"max_hp_gain":0,"max_hp_loss":0,"event_name":"Dead Adventurer","floor":8,"gold_loss":0}],"is_beta":false,"boss_relics":[],"items_purged_floors":[5,14],"is_endless":false,"potions_floor_spawned":[8,10],"killed_by":"Slime Boss","ascension_level":14}