{"gold_per_floor":[119,119,119,119,137,166,186,202,202,227,240,271,271,288,288,383,383,396,416,428,33,51,79,79,92,163,182,216,216,19,47,47,143,143,157,157,34,83,97,126,126,160,206,206,238,238,256,47,47,47],"floor_reached":51,"playtime":3610,"items_purged":["Defend_R"],"score":884,"play_id":"087b6c58-8183-4037-9024-331d4919ce40","local_time":"20180922105055","is_ascension_mode":true,"campfire_choices":[{"data":"Armaments","floor":13,"key":"SMITH"},{"floor":15,"key":"REST"},{"data":"Infernal Blade","floor":24,"key":"SMITH"},{"data":"Demon Form","floor":29,"key":"SMITH"},{"data":"Fire Breathing","floor":32,"key":"SMITH"},{"data":"Whirlwind","floor":44,"key":"SMITH"},{"data":"Shockwave","floor":49,"key":"SMITH"}],"neow_cost":"NONE","seed_source_timestamp":207624483961475,"circlet_count":0,"master_deck":["Strike_R","Strike_R","Strike_R","Strike_R+1","Defend_R","Defend_R","Pommel Strike","Intimidate","Spot Weakness","Pommel Strike","Shockwave+1","Armaments+1","Thunderclap","Headbutt","Perfected Strike","Inflame","Iron Wave+1","Reaper","Berserk","Rampage","Fire Breathing+1","Flex+1","Flex","Warcry+1","Inflame","Infernal Blade+1","Disarm","Inflame+1","Demon Form+1","Reckless Charge","Cleave","Shrug It Off+1","Pommel Strike+1","Anger+1","Violence+1","Twin Strike+1","Limit Break+1","Perfected Strike+1","Dropkick+1","Madness+1","Madness+1","Heavy Blade","Clash+1","Sword Boomerang+1","Infernal Blade+1","Whirlwind+1","Violence+1","Whirlwind+1","Pummel","Anger+1","Pummel+1","Mayhem"],"relics":["Burning Blood","Regal Pillow","Pear","Prayer Wheel","FossilizedHelix","Coffee Dripper","ClockworkSouvenir","Bag of Preparation","Whetstone","Toxic Egg 2","Vajra","Red Mask","Runic Cube","WingedGreaves","Sundial","Red Skull","Ancient Tea Set","Omamori","Gremlin Horn"],"potions_floor_usage":[12,12,50],"damage_taken":[{"damage":8,"enemies":"Jaw Worm","floor":1,"turns":3},{"damage":4,"enemies":"Cultist","floor":5,"turns":3},{"damage":32,"enemies":"Gremlin Nob","floor":6,"turns":4},{"damage":0,"enemies":"2 Louse","floor":7,"turns":2},{"damage":14,"enemies":"Looter","floor":8,"turns":3},{"damage":35,"enemies":"3 Sentries","floor":10,"turns":6},{"damage":17,"enemies":"Large Slime","floor":11,"turns":6},{"damage":1,"enemies":"Gremlin Nob","floor":12,"turns":3},{"damage":0,"enemies":"3 Louse","floor":14,"turns":3},{"damage":32,"enemies":"The Guardian","floor":16,"turns":9},{"damage":9,"enemies":"3 Byrds","floor":18,"turns":5},{"damage":20,"enemies":"Spheric Guardian","floor":19,"turns":4},{"damage":3,"enemies":"Centurion and Healer","floor":20,"turns":4},{"damage":20,"enemies":"Sentry and Sphere","floor":22,"turns":4},{"damage":47,"enemies":"Gremlin Leader","floor":23,"turns":7},{"damage":10,"enemies":"Snecko","floor":25,"turns":5},{"damage":0,"enemies":"3 Cultists","floor":27,"turns":3},{"damage":35,"enemies":"Slavers","floor":28,"turns":5},{"damage":0,"enemies":"Masked Bandits","floor":31,"turns":2},{"damage":47,"enemies":"Collector","floor":33,"turns":7},{"damage":0,"enemies":"Orb Walker","floor":35,"turns":3},{"damage":13,"enemies":"Mysterious Sphere","floor":38,"turns":3},{"damage":35,"enemies":"3 Darklings","floor":39,"turns":4},{"damage":12,"enemies":"Nemesis","floor":40,"turns":5},{"damage":9,"enemies":"2 Orb Walkers","floor":42,"turns":3},{"damage":0,"enemies":"Giant Head","floor":45,"turns":4},{"damage":0,"enemies":"Reptomancer","floor":47,"turns":2},{"damage":61,"enemies":"Awakened One","floor":50,"turns":8}],"seed_played":"-6489160961381384314","potions_obtained":[{"floor":1,"key":"Block Potion"},{"floor":8,"key":"SteroidPotion"},{"floor":10,"key":"SkillPotion"},{"floor":11,"key":"FairyPotion"},{"floor":19,"key":"Swift Potion"},{"floor":20,"key":"SpeedPotion"},{"floor":23,"key":"Swift Potion"},{"floor":31,"key":"Block Potion"}],"is_trial":false,"path_per_floor":["M","?","?","?","M","E","M","M","T","E","M","E","R","M","R","B",null,"M","M","M","$","M","E","R","M","T","M","E","R","$","?","R","B",null,"M","?","$","?","M","E","?","E","T","R","E","T","M","$","R","B"],"character_chosen":"IRONCLAD","items_purchased":["ClockworkSouvenir","Infernal Blade","Bag of Preparation","Violence+1","Heavy Blade","Mayhem"],"campfire_rested":1,"item_purchase_floors":[21,21,21,30,37,48],"current_hp_per_floor":[78,78,83,76,78,52,58,50,60,31,20,25,25,31,74,52,95,92,78,81,81,73,56,56,62,62,68,63,63,63,69,69,40,95,95,83,83,76,89,89,89,95,95,95,95,95,95,95,95,40],"gold":47,"neow_bonus":"TRANSFORM_CARD","is_prod":false,"is_daily":false,"chose_seed":false,"campfire_upgraded":6,"win_rate":0,"timestamp":1537627855,"path_taken":["M","?","?","?","M","E","M","M","T","E","M","E","R","?","R","BOSS","M","M","M","$","M","E","R","M","T","?","E","R","$","?","R","BOSS","M","?","?","?","M","E","?","E","T","R","E","?","?","$","R","BOSS"],"build_version":"2018-09-06","purchased_purges":1,"victory":true,"max_hp_per_floor":[80,80,85,85,85,85,85,85,95,95,95,95,95,95,95,95,95,95,95,95,95,95,95,95,95,95,95,95,95,95,95,95,95,95,95,95,95,95,95,95,95,95,95,95,95,95,95,95,95,95],"card_choices":[{"not_picked":["Second Wind","Anger"],"picked":"Intimidate","floor":1},{"not_picked":["Corruption","Ghostly Armor"],"picked":"Spot Weakness","floor":5},{"not_picked":["Body Slam","Heavy Blade"],"picked":"Pommel Strike","floor":6},{"not_picked":["True Grit","Heavy Blade"],"picked":"Shockwave","floor":7},{"not_picked":["Body Slam","Impervious"],"picked":"Armaments","floor":8},{"not_picked":["Bloodletting","Armaments"],"picked":"Thunderclap","floor":10},{"not_picked":["Iron Wave","Whirlwind"],"picked":"Headbutt","floor":11},{"not_picked":["Combust","Iron Wave"],"picked":"Perfected Strike","floor":11},{"not_picked":["Warcry","Thunderclap"],"picked":"Inflame","floor":12},{"not_picked":["Combust","Reckless Charge"],"picked":"Iron Wave","floor":14},{"not_picked":["Twin Strike","Warcry"],"picked":"Reaper","floor":14},{"not_picked":["Impervious","Fiend Fire"],"picked":"Berserk","floor":16},{"not_picked":["Seeing Red","Heavy Blade+1"],"picked":"Rampage","floor":18},{"not_picked":["Clash","Feel No Pain"],"picked":"Fire Breathing","floor":18},{"not_picked":["Sword Boomerang","Rampage"],"picked":"Flex+1","floor":19},{"not_picked":["Thunderclap","Heavy Blade"],"picked":"Flex","floor":19},{"not_picked":["True Grit","Dropkick"],"picked":"Warcry+1","floor":20},{"not_picked":["Anger","Armaments"],"picked":"Inflame","floor":20},{"not_picked":["Clothesline","Sever Soul"],"picked":"Disarm","floor":22},{"not_picked":["Infernal Blade","Clash+1"],"picked":"Inflame+1","floor":22},{"not_picked":["Metallicize+1","Rupture+1"],"picked":"Demon Form","floor":23},{"not_picked":["Heavy Blade","Clash"],"picked":"Reckless Charge","floor":25},{"not_picked":["Bloodletting","Berserk"],"picked":"Cleave","floor":25},{"not_picked":["Anger","Perfected Strike+1"],"picked":"Shrug It Off+1","floor":27},{"not_picked":["Rampage","Spot Weakness+1"],"picked":"Pommel Strike+1","floor":27},{"not_picked":["Pummel","Body Slam"],"picked":"Anger+1","floor":28},{"not_picked":["Inflame","Sword Boomerang"],"picked":"Twin Strike+1","floor":31},{"not_picked":["Barricade","Reaper"],"picked":"Limit Break+1","floor":33},{"not_picked":["Clothesline+1","True Grit+1"],"picked":"Perfected Strike+1","floor":35},{"not_picked":["Iron Wave+1","Clothesline"],"picked":"Dropkick+1","floor":35},{"not_picked":["Second Wind+1","Warcry+1"],"picked":"Clash+1","floor":38},{"not_picked":["Shockwave+1","Metallicize+1"],"picked":"Sword Boomerang+1","floor":39},{"not_picked":["Uppercut","Iron Wave+1"],"picked":"Infernal Blade+1","floor":39},{"not_picked":["Shrug It Off+1","Barricade"],"picked":"Whirlwind+1","floor":40},{"not_picked":["Twin Strike+1","Clothesline"],"picked":"Whirlwind","floor":42},{"not_picked":["True Grit+1","Whirlwind"],"picked":"Pummel","floor":45},{"not_picked":["Disarm+1","Clothesline"],"picked":"Anger+1","floor":47},{"not_picked":["Clash+1","Headbutt"],"picked":"Pummel+1","floor":47}],"player_experience":32260,"relics_obtained":[{"floor":6,"key":"Regal Pillow"},{"floor":9,"key":"Pear"},{"floor":10,"key":"Prayer Wheel"},{"floor":12,"key":"FossilizedHelix"},{"floor":23,"key":"Whetstone"},{"floor":26,"key":"Toxic Egg 2"},{"floor":28,"key":"Vajra"},{"floor":31,"key":"Red Mask"},{"floor":38,"key":"WingedGreaves"},{"floor":40,"key":"Sundial"},{"floor":42,"key":"Red Skull"},{"floor":43,"key":"Ancient Tea Set"},{"floor":45,"key":"Omamori"},{"floor":46,"key":"Gremlin Horn"}],"event_choices":[{"event_name":"Bonfire Elementals","player_choice":"BASIC","floor":2,"damage_taken":0},{"event_name":"Big Fish","player_choice":"Donut","floor":3,"damage_taken":0},{"event_name":"Golden Wing","player_choice":"Card Removal","floor":4,"damage_taken":0},{"event_name":"Masked Bandits","player_choice":"Fought Bandits","floor":31,"damage_taken":0},{"event_name":"Winding Halls","player_choice":"Embrace Madness","floor":36,"damage_taken":0},{"event_name":"Mysterious Sphere","player_choice":"Fight","floor":38,"damage_taken":0},{"event_name":"Duplicator","player_choice":"One dupe","floor":41,"damage_taken":0}],"is_beta":false,"boss_relics":[{"not_picked":["White Beast Statue","Mark of Pain"],"picked":"Coffee Dripper"},{"not_picked":["Fusion Hammer","Runic Dome"],"picked":"Runic Cube"}],"items_purged_floors":[37],"is_endless":false,"potions_floor_spawned":[1,8,10,11,19,20,23,25,31,35,39,42],"ascension_level":1}