{"gold_per_floor":[117,117,117,136,148,148,180,180,234,260,274,287,255,274,274,369,369,383,383,395,395],"floor_reached":21,"playtime":1670,"items_purged":[],"score":292,"play_id":"8587bb1b-21d0-4fbf-b0eb-9799dd3cdea1","local_time":"20190509160545","is_ascension_mode":true,"campfire_choices":[{"data":"Havoc","floor":6,"key":"SMITH"},{"data":"Seeing Red","floor":8,"key":"SMITH"},{"floor":15,"key":"REST"}],"neow_cost":"NONE","seed_source_timestamp":4411758579784794,"circlet_count":0,"master_deck":["Strike_R","Strike_R+1","Strike_R","Defend_R","Defend_R","Defend_R","Defend_R","Bash+1","Feel No Pain","Havoc+1","Shrug It Off","Power Through","Seeing Red+1","Entrench","Pommel Strike","Demon Form","Impervious","True Grit+1","Searing Blow","True Grit"],"relics":["Burning Blood","FaceOfCleric","Whetstone","Orichalcum","Happy Flower","Runic Dome"],"potions_floor_usage":[12,16],"damage_taken":[{"damage":2,"enemies":"2 Louse","floor":1,"turns":4},{"damage":3,"enemies":"Jaw Worm","floor":4,"turns":5},{"damage":2,"enemies":"Cultist","floor":5,"turns":4},{"damage":21,"enemies":"3 Sentries","floor":7,"turns":20},{"damage":54,"enemies":"Gremlin Nob","floor":10,"turns":8},{"damage":24,"enemies":"Exordium Wildlife","floor":11,"turns":9},{"damage":0,"enemies":"Looter","floor":12,"turns":4},{"damage":0,"enemies":"Lots of Slimes","floor":14,"turns":6},{"damage":32,"enemies":"Hexaghost","floor":16,"turns":8},{"damage":6,"enemies":"Chosen","floor":18,"turns":7},{"damage":24,"enemies":"Spheric Guardian","floor":20,"turns":6},{"damage":78,"enemies":"Cultist and Chosen","floor":21,"turns":12}],"seed_played":"6075372373287096269","potions_obtained":[{"floor":5,"key":"Regen Potion"},{"floor":7,"key":"BloodPotion"},{"floor":10,"key":"Ancient Potion"},{"floor":12,"key":"SteroidPotion"},{"floor":16,"key":"SkillPotion"}],"is_trial":false,"path_per_floor":["?","?","M","?","?","M"],"character_chosen":"IRONCLAD","items_purchased":[],"campfire_rested":1,"item_purchase_floors":[],"current_hp_per_floor":[84,84,84,88,90,90,76,76,76,29,12,28,28,35,63,53,85,86,86,69,0],"gold":395,"neow_bonus":"TEN_PERCENT_HP_BONUS","is_prod":false,"is_daily":false,"chose_seed":false,"campfire_upgraded":2,"win_rate":0,"timestamp":1557432345,"path_taken":["M","?","?","M","M","R","E","R","T","E","M","?","?","M","R","BOSS","M","?","?","M"],"build_version":"2019-01-23","purchased_purges":0,"victory":false,"max_hp_per_floor":[88,88,88,89,90,90,91,91,91,92,93,94,94,95,95,96,96,97,97,98,98],"card_choices":[{"not_picked":["Wild Strike","Headbutt"],"picked":"Feel No Pain","floor":1},{"not_picked":["Seeing Red","Warcry"],"picked":"Shrug It Off","floor":4},{"not_picked":["Headbutt","Pummel"],"picked":"Power Through","floor":5},{"not_picked":["Sword Boomerang","Clothesline"],"picked":"Seeing Red","floor":7},{"not_picked":["Perfected Strike","Carnage"],"picked":"Entrench","floor":10},{"not_picked":["Rampage","Searing Blow"],"picked":"Pommel Strike","floor":11},{"not_picked":["Heavy Blade","True Grit"],"picked":"Demon Form","floor":12},{"not_picked":["Anger","Blood for Blood","Sword Boomerang"],"picked":"SKIP","floor":14},{"not_picked":["Exhume","Brutality"],"picked":"Impervious","floor":16},{"not_picked":["Sentinel","Iron Wave"],"picked":"True Grit+1","floor":18},{"not_picked":["Carnage","Iron Wave"],"picked":"True Grit","floor":20}],"player_experience":336185,"relics_obtained":[{"floor":7,"key":"Whetstone"},{"floor":9,"key":"Orichalcum"},{"floor":10,"key":"Happy Flower"}],"event_choices":[{"damage_healed":0,"gold_gain":0,"cards_transformed":["Strike_R"],"player_choice":"Change","damage_taken":0,"max_hp_gain":0,"max_hp_loss":0,"event_name":"Living Wall","floor":2,"gold_loss":0,"cards_obtained":["Havoc"]},{"damage_healed":0,"gold_gain":0,"player_choice":"Trade","damage_taken":0,"relics_obtained":["FaceOfCleric"],"max_hp_gain":0,"max_hp_loss":0,"event_name":"FaceTrader","floor":3,"gold_loss":0},{"damage_healed":0,"gold_gain":0,"player_choice":"Left Gold","damage_taken":0,"max_hp_gain":0,"max_hp_loss":0,"event_name":"World of Goop","floor":13,"gold_loss":32},{"damage_healed":0,"gold_gain":0,"cards_transformed":["Strike_R"],"player_choice":"Transformed","damage_taken":0,"max_hp_gain":0,"max_hp_loss":0,"event_name":"Transmorgrifier","floor":19,"gold_loss":0,"cards_obtained":["Searing Blow"]}],"is_beta":false,"boss_relics":[{"not_picked":["Pandora\u0027s Box","Calling Bell"],"picked":"Runic Dome"}],"items_purged_floors":[],"is_endless":false,"potions_floor_spawned":[5,7,10,12,16],"killed_by":"Cultist and Chosen","ascension_level":8}