{"gold_per_floor":[112,129,129,129,129,129,147,147,147,147,147,163,163,163,163,286,286,300,274,125,148,148,148,172,172,197,197,218,262,262,277,277,407,407,426,449,463,267,292,328,328,367,418,418,436,459,213,234,234,234],"floor_reached":51,"playtime":8205,"items_purged":["Bash","Strike_R"],"score":719,"play_id":"3b13aabf-aad4-4175-b74b-3cfde761f0f0","local_time":"20190514235045","is_ascension_mode":false,"campfire_choices":[{"data":"Armaments","floor":6,"key":"SMITH"},{"data":"Flame Barrier","floor":8,"key":"SMITH"},{"data":"Defend_R","floor":10,"key":"SMITH"},{"data":"Shrug It Off","floor":15,"key":"SMITH"},{"floor":23,"key":"REST"},{"floor":27,"key":"REST"},{"floor":30,"key":"REST"},{"floor":32,"key":"REST"},{"floor":41,"key":"REST"},{"floor":49,"key":"REST"}],"neow_cost":"NONE","seed_source_timestamp":107404335296121,"circlet_count":0,"master_deck":["Strike_R","Strike_R+1","Strike_R+1","Defend_R","Defend_R","Defend_R","Defend_R+1","Ghostly Armor","Armaments+1","Flame Barrier+1","Shrug It Off+1","Shrug It Off+1","Metallicize","Metallicize","Combust+1","Iron Wave+1","Body Slam+1","Warcry+1","Juggernaut","Warcry"],"relics":["Runic Dome","Golden Idol","Ancient Tea Set","Mummified Hand","Black Star","Nilry\u0027s Codex","Potion Belt","Bag of Marbles","Blood Vial","Fusion Hammer","TheAbacus","Torii","Mercury Hourglass","Anchor","Bronze Scales","Whetstone","Oddly Smooth Stone"],"potions_floor_usage":[19,29,29,33,33,40,42,50,50],"damage_taken":[{"damage":0,"enemies":"Cultist","floor":1,"turns":4},{"damage":5,"enemies":"Small Slimes","floor":2,"turns":4},{"damage":1,"enemies":"Jaw Worm","floor":7,"turns":2},{"damage":0,"enemies":"Gremlin Gang","floor":12,"turns":4},{"damage":43,"enemies":"The Guardian","floor":16,"turns":15},{"damage":16,"enemies":"Spheric Guardian","floor":18,"turns":7},{"damage":15,"enemies":"2 Thieves","floor":19,"turns":5},{"damage":33,"enemies":"3 Cultists","floor":21,"turns":10},{"damage":14,"enemies":"Centurion and Healer","floor":24,"turns":12},{"damage":13,"enemies":"Snecko","floor":28,"turns":7},{"damage":10,"enemies":"Slavers","floor":29,"turns":6},{"damage":22,"enemies":"Snake Plant","floor":31,"turns":5},{"damage":18,"enemies":"Champ","floor":33,"turns":15},{"damage":11,"enemies":"3 Shapes","floor":35,"turns":5},{"damage":3,"enemies":"Orb Walker","floor":36,"turns":4},{"damage":8,"enemies":"4 Shapes","floor":37,"turns":5},{"damage":11,"enemies":"Spire Growth","floor":39,"turns":6},{"damage":34,"enemies":"Reptomancer","floor":40,"turns":6},{"damage":3,"enemies":"Giant Head","floor":42,"turns":7},{"damage":1,"enemies":"3 Darklings","floor":45,"turns":4},{"damage":6,"enemies":"4 Shapes","floor":46,"turns":3},{"damage":11,"enemies":"Maw","floor":48,"turns":6},{"damage":28,"enemies":"Awakened One","floor":50,"turns":10}],"seed_played":"-1848821344899021006","potions_obtained":[{"floor":2,"key":"Poison Potion"},{"floor":16,"key":"SpeedPotion"},{"floor":19,"key":"SpeedPotion"},{"floor":24,"key":"Poison Potion"},{"floor":29,"key":"SneckoOil"},{"floor":31,"key":"Swift Potion"},{"floor":37,"key":"Strength Potion"},{"floor":40,"key":"Swift Potion"},{"floor":42,"key":"Ancient Potion"},{"floor":48,"key":"AttackPotion"}],"is_trial":false,"path_per_floor":["M","M","$","?","?","R","M","R","T","R","$","M","T","?","R","B",null,"M","M","$","M","?","R","M","?","T","R","M","E","R","M","R","B",null,"M","M","M","$","M","E","R","E","T","?","M","M","$","M","R","B",null],"character_chosen":"IRONCLAD","items_purchased":["Metallicize","TheAbacus","Oddly Smooth Stone"],"campfire_rested":6,"item_purchase_floors":[20,38,47],"current_hp_per_floor":[80,75,75,75,75,75,74,74,74,74,74,74,74,74,74,31,80,64,49,49,16,16,40,26,10,10,34,21,11,35,15,39,23,80,69,68,62,62,53,21,45,44,44,44,45,41,41,32,56,30],"gold":234,"neow_bonus":"BOSS_RELIC","is_prod":false,"is_daily":false,"chose_seed":false,"campfire_upgraded":4,"win_rate":0.0,"timestamp":1557888645,"path_taken":["M","?","$","?","?","R","M","R","T","R","$","?","?","?","R","BOSS","M","?","?","M","?","R","?","?","T","R","M","E","R","M","R","BOSS","M","M","M","$","M","E","R","E","T","?","M","M","$","M","R","BOSS"],"build_version":"2019-01-23","purchased_purges":2,"victory":true,"max_hp_per_floor":[80,80,80,80,80,80,80,80,80,80,80,80,80,80,80,80,80,80,80,80,80,80,80,80,80,80,80,80,80,80,80,80,80,80,80,80,80,80,80,80,80,80,80,80,80,80,80,80,80,80],"card_choices":[{"not_picked":["Headbutt","Sword Boomerang"],"picked":"Ghostly Armor","floor":1},{"not_picked":["Heavy Blade","Fiend Fire"],"picked":"Armaments","floor":2},{"not_picked":["Twin Strike","Pommel Strike"],"picked":"Flame Barrier","floor":7},{"not_picked":["Wild Strike","Anger"],"picked":"Shrug It Off","floor":12},{"not_picked":["Pommel Strike","Iron Wave"],"picked":"Shrug It Off+1","floor":18},{"not_picked":["Twin Strike","Wild Strike"],"picked":"Metallicize","floor":19},{"not_picked":["Flex","Clothesline"],"picked":"Combust+1","floor":21},{"not_picked":["Sever Soul","Wild Strike","Anger"],"picked":"SKIP","floor":24},{"not_picked":["Inflame","Sever Soul","Clash"],"picked":"SKIP","floor":28},{"not_picked":["Twin Strike+1","Armaments","True Grit"],"picked":"SKIP","floor":29},{"not_picked":["Carnage","Reckless Charge","Dropkick"],"picked":"SKIP","floor":31},{"not_picked":["Flex","Bloodletting"],"picked":"Iron Wave+1","floor":35},{"not_picked":["Flex+1","Whirlwind"],"picked":"Body Slam+1","floor":36},{"not_picked":["Headbutt+1","Twin Strike+1"],"picked":"Warcry+1","floor":37},{"not_picked":["Flame Barrier+1","Clash+1"],"picked":"Juggernaut","floor":39},{"not_picked":["Pommel Strike","Sword Boomerang+1","Reckless Charge"],"picked":"SKIP","floor":40},{"not_picked":["Sword Boomerang","Cleave+1","Heavy Blade"],"picked":"SKIP","floor":42},{"not_picked":["Ghostly Armor","True Grit"],"picked":"Warcry","floor":45},{"not_picked":["True Grit+1","Heavy Blade+1","Thunderclap+1"],"picked":"SKIP","floor":46},{"not_picked":["Offering","Sword Boomerang","True Grit+1"],"picked":"SKIP","floor":48}],"player_experience":34275,"relics_obtained":[{"floor":9,"key":"Ancient Tea Set"},{"floor":13,"key":"Mummified Hand"},{"floor":25,"key":"Nilry\u0027s Codex"},{"floor":26,"key":"Potion Belt"},{"floor":29,"key":"Bag of Marbles"},{"floor":29,"key":"Blood Vial"},{"floor":40,"key":"Torii"},{"floor":40,"key":"Mercury Hourglass"},{"floor":42,"key":"Anchor"},{"floor":42,"key":"Bronze Scales"},{"floor":43,"key":"Whetstone"}],"event_choices":[{"damage_healed":0,"gold_gain":0,"player_choice":"Take Wound","damage_taken":0,"relics_obtained":["Golden Idol"],"max_hp_gain":0,"max_hp_loss":0,"event_name":"Golden Idol","floor":4,"gold_loss":0,"cards_obtained":["Injury"]},{"cards_removed":["Injury"],"damage_healed":0,"gold_gain":0,"player_choice":"Removed Curses","damage_taken":0,"max_hp_gain":0,"max_hp_loss":0,"event_name":"Fountain of Cleansing","floor":5,"gold_loss":0},{"cards_removed":["Strike_R"],"damage_healed":0,"gold_gain":0,"player_choice":"Purged","damage_taken":0,"max_hp_gain":0,"max_hp_loss":0,"event_name":"Purifier","floor":14,"gold_loss":0},{"damage_healed":0,"gold_gain":0,"player_choice":"Ignored","damage_taken":0,"max_hp_gain":0,"max_hp_loss":0,"event_name":"Ghosts","floor":22,"gold_loss":0},{"damage_healed":0,"gold_gain":0,"player_choice":"Obtained Book","damage_taken":16,"max_hp_gain":0,"max_hp_loss":0,"event_name":"Cursed Tome","floor":25,"gold_loss":0},{"damage_healed":0,"gold_gain":0,"player_choice":"0 cards matched","damage_taken":0,"max_hp_gain":0,"max_hp_loss":0,"event_name":"Match and Keep!","floor":44,"gold_loss":0,"cards_obtained":[]}],"is_beta":false,"boss_relics":[{"not_picked":["Calling Bell","Mark of Pain"],"picked":"Black Star"},{"not_picked":["Astrolabe","Busted Crown"],"picked":"Fusion Hammer"}],"items_purged_floors":[20,47],"is_endless":false,"potions_floor_spawned":[2,16,19,24,29,31,37,40,42,48],"ascension_level":0}