{"gold_per_floor":[118,135,135,135,153,187,199,237,302,326,338,365,387,417,429,441],"floor_reached":16,"playtime":1199,"items_purged":[],"score":114,"play_id":"f5fdc6f0-ca4a-4890-9237-4ca9815d432d","local_time":"20181119161751","is_ascension_mode":true,"campfire_choices":[{"data":"Cloak And Dagger","floor":11,"key":"SMITH"},{"floor":15,"key":"REST"}],"neow_cost":"NONE","seed_source_timestamp":438311357933290,"circlet_count":0,"master_deck":["Defend_G","Defend_G","Defend_G","Defend_G","Defend_G","Strike_G+1","Strike_G","Strike_G+1","Strike_G","Survivor+1","Neutralize","Cloak And Dagger","Leg Sweep","Sucker Punch+1","PiercingWail","Acrobatics","Cloak And Dagger+1","Infinite Blades","Blur","Venomology","Cloak And Dagger"],"relics":["Ring of the Snake","MawBank","Dream Catcher","Whetstone"],"potions_floor_usage":[6,10,16],"damage_taken":[{"damage":1,"enemies":"2 Louse","floor":1,"turns":3},{"damage":3,"enemies":"Small Slimes","floor":2,"turns":5},{"damage":0,"enemies":"Cultist","floor":5,"turns":4},{"damage":28,"enemies":"3 Sentries","floor":6,"turns":10},{"damage":0,"enemies":"3 Louse","floor":10,"turns":1},{"damage":9,"enemies":"Large Slime","floor":12,"turns":8},{"damage":0,"enemies":"2 Fungi Beasts","floor":13,"turns":4},{"damage":1,"enemies":"3 Louse","floor":14,"turns":5},{"damage":60,"enemies":"Slime Boss","floor":16,"turns":17}],"seed_played":"51759329381344941","potions_obtained":[{"floor":1,"key":"FairyPotion"},{"floor":2,"key":"Explosive Potion"},{"floor":6,"key":"Explosive Potion"},{"floor":12,"key":"SmokeBomb"}],"is_trial":false,"path_per_floor":["M","M","?","?","M","E","?","T","T","M","R","M","M","M","R","B"],"character_chosen":"THE_SILENT","items_purchased":[],"campfire_rested":1,"item_purchase_floors":[],"current_hp_per_floor":[76,73,73,58,58,30,30,30,30,30,30,21,21,20,43,0],"gold":441,"neow_bonus":"TEN_PERCENT_HP_BONUS","is_prod":false,"is_daily":false,"chose_seed":false,"campfire_upgraded":1,"win_rate":0,"timestamp":1542662271,"path_taken":["M","M","?","?","M","E","?","?","T","M","R","M","?","M","R","BOSS"],"build_version":"2018-11-15","purchased_purges":0,"victory":false,"max_hp_per_floor":[77,77,77,77,77,77,77,77,77,77,77,77,77,77,77,77],"card_choices":[{"not_picked":["Acrobatics","Deflect"],"picked":"Cloak And Dagger","floor":1},{"not_picked":["Dagger Throw","Cloak And Dagger"],"picked":"Leg Sweep","floor":2},{"not_picked":["Dagger Spray","Outmaneuver"],"picked":"PiercingWail","floor":5},{"not_picked":["Deflect","Accuracy"],"picked":"Acrobatics","floor":6},{"not_picked":["Deflect","Deadly Poison"],"picked":"Cloak And Dagger","floor":10},{"not_picked":["Sucker Punch","Accuracy"],"picked":"Infinite Blades","floor":12},{"not_picked":["Reflex","Terror"],"picked":"Blur","floor":13},{"not_picked":["All Out Attack","Deadly Poison"],"picked":"Venomology","floor":14},{"not_picked":["PiercingWail","Caltrops"],"picked":"Cloak And Dagger","floor":15}],"player_experience":110463,"relics_obtained":[{"floor":6,"key":"MawBank"},{"floor":8,"key":"Dream Catcher"},{"floor":9,"key":"Whetstone"}],"event_choices":[{"damage_healed":0,"gold_gain":0,"cards_transformed":["Strike_G"],"player_choice":"Change","damage_taken":0,"max_hp_gain":0,"max_hp_loss":0,"event_name":"Living Wall","floor":3,"gold_loss":0,"cards_obtained":["Sucker Punch"]},{"damage_healed":0,"gold_gain":0,"player_choice":"Entered Light","damage_taken":15,"max_hp_gain":0,"max_hp_loss":0,"event_name":"Shining Light","floor":4,"gold_loss":0,"cards_upgraded":["Strike_G","Survivor"]},{"damage_healed":0,"gold_gain":0,"player_choice":"Ignored","damage_taken":0,"max_hp_gain":0,"max_hp_loss":0,"event_name":"Golden Wing","floor":7,"gold_loss":0}],"is_beta":false,"boss_relics":[],"items_purged_floors":[],"is_endless":false,"potions_floor_spawned":[1,2,6,12],"killed_by":"Slime Boss","ascension_level":2}