{"gold_per_floor":[118,118,118,143,143,181,204,204,253,203,203,218,242,267,267,386,386,404,104,14,14,37,37,37],"floor_reached":24,"playtime":3596,"items_purged":["Injury"],"score":196,"play_id":"ccdc8278-d160-484a-8e8d-1534efb69ccc","local_time":"20190514213008","is_ascension_mode":false,"campfire_choices":[{"floor":8,"key":"REST"},{"data":"Double Tap","floor":11,"key":"SMITH"},{"data":"Armaments","floor":15,"key":"SMITH"},{"floor":23,"key":"REST"}],"neow_cost":"PERCENT_DAMAGE","seed_source_timestamp":103715782472974,"circlet_count":0,"master_deck":["Strike_R","Strike_R","Strike_R","Strike_R","Strike_R","Defend_R","Defend_R","Defend_R","Defend_R","Bash","True Grit+1","Armaments+1","Double Tap+1","Iron Wave","Entrench","Double Tap","Anger","Shrug It Off","Body Slam","Iron Wave","Writhe","Shrug It Off+1"],"relics":["Black Blood","Unceasing Top","Golden Idol","Regal Pillow","Lantern","Bag of Preparation","Dream Catcher","Shovel"],"potions_floor_usage":[6,16,16],"damage_taken":[{"damage":0,"enemies":"Small Slimes","floor":1,"turns":4},{"damage":0,"enemies":"2 Louse","floor":4,"turns":3},{"damage":52,"enemies":"3 Sentries","floor":6,"turns":16},{"damage":13,"enemies":"Jaw Worm","floor":7,"turns":5},{"damage":0,"enemies":"Blue Slaver","floor":12,"turns":8},{"damage":4,"enemies":"3 Louse","floor":13,"turns":5},{"damage":2,"enemies":"Exordium Wildlife","floor":14,"turns":6},{"damage":63,"enemies":"Slime Boss","floor":16,"turns":19},{"damage":35,"enemies":"Shell Parasite","floor":18,"turns":13},{"damage":18,"enemies":"2 Thieves","floor":20,"turns":5},{"damage":44,"enemies":"Snake Plant","floor":22,"turns":9},{"damage":55,"enemies":"Gremlin Leader","floor":24,"turns":7}],"seed_played":"9020738797564614534","potions_obtained":[{"floor":4,"key":"Strength Potion"},{"floor":7,"key":"SpeedPotion"},{"floor":14,"key":"LiquidBronze"}],"is_trial":false,"path_per_floor":["M","?","?","M","?","E","M","R","T","?","R","M","M","M","R","B",null,"M","$","M","?","M","R","E"],"character_chosen":"IRONCLAD","items_purchased":["Dream Catcher","Shrug It Off","Body Slam"],"campfire_rested":2,"item_purchase_floors":[19,19,19],"current_hp_per_floor":[62,62,62,68,68,22,15,54,54,54,54,60,62,66,66,9,80,55,55,47,47,13,52,0],"gold":37,"neow_bonus":"ONE_RARE_RELIC","is_prod":false,"is_daily":false,"chose_seed":false,"campfire_upgraded":2,"win_rate":0.0,"timestamp":1557880208,"path_taken":["M","?","?","?","?","E","M","R","T","?","R","M","M","M","R","BOSS","M","$","M","?","M","R","E"],"build_version":"2019-01-23","purchased_purges":1,"victory":false,"max_hp_per_floor":[80,80,80,80,80,80,80,80,80,80,80,80,80,80,80,80,80,80,80,80,80,80,80,80],"card_choices":[{"not_picked":["Rage","Thunderclap"],"picked":"True Grit","floor":1},{"not_picked":["Combust","Shrug It Off"],"picked":"Armaments","floor":4},{"not_picked":["Headbutt","Corruption"],"picked":"Double Tap","floor":6},{"not_picked":["Armaments","Ghostly Armor","Bloodletting"],"picked":"SKIP","floor":7},{"not_picked":["Thunderclap","Body Slam","Rampage"],"picked":"SKIP","floor":12},{"not_picked":["Heavy Blade","Fire Breathing"],"picked":"Iron Wave","floor":13},{"not_picked":["Anger","Clash"],"picked":"Entrench","floor":14},{"not_picked":["Fiend Fire","Bludgeon"],"picked":"Double Tap","floor":16},{"not_picked":["Armaments","Uppercut"],"picked":"Anger","floor":18},{"not_picked":["Whirlwind","Clash"],"picked":"Iron Wave","floor":20},{"not_picked":["Flame Barrier","Sword Boomerang+1"],"picked":"Shrug It Off+1","floor":22}],"player_experience":30679,"relics_obtained":[{"floor":6,"key":"Lantern"},{"floor":9,"key":"Bag of Preparation"}],"event_choices":[{"damage_healed":0,"gold_gain":0,"player_choice":"Grow","damage_taken":0,"max_hp_gain":0,"max_hp_loss":0,"event_name":"Living Wall","floor":2,"gold_loss":0,"cards_upgraded":["True Grit"]},{"damage_healed":0,"gold_gain":0,"player_choice":"Take Wound","damage_taken":0,"relics_obtained":["Golden Idol"],"max_hp_gain":0,"max_hp_loss":0,"event_name":"Golden Idol","floor":3,"gold_loss":0,"cards_obtained":["Injury"]},{"damage_healed":0,"gold_gain":0,"player_choice":"Box","damage_taken":0,"relics_obtained":["Regal Pillow"],"max_hp_gain":0,"max_hp_loss":0,"event_name":"Big Fish","floor":5,"gold_loss":0,"cards_obtained":["Regret"]},{"cards_removed":["Regret"],"damage_healed":0,"gold_gain":0,"player_choice":"Card Removal","damage_taken":0,"max_hp_gain":0,"max_hp_loss":0,"event_name":"The Cleric","floor":10,"gold_loss":50},{"damage_healed":0,"gold_gain":0,"player_choice":"Opened","damage_taken":0,"relics_obtained":["Shovel"],"max_hp_gain":0,"max_hp_loss":0,"event_name":"The Mausoleum","floor":21,"gold_loss":0,"cards_obtained":["Writhe"]}],"is_beta":false,"boss_relics":[{"not_picked":["Ectoplasm","Runic Pyramid"],"picked":"Black Blood"}],"items_purged_floors":[19],"is_endless":false,"potions_floor_spawned":[4,7,14],"killed_by":"Gremlin Leader","ascension_level":0}