{"gold_per_floor":[112,31,31,31,31,57,57,86,109,120,140,159,172,172],"floor_reached":14,"playtime":412,"items_purged":[],"score":155,"play_id":"608c4515-2975-46de-a1a9-e9906a735fba","local_time":"20190409180353","is_ascension_mode":true,"campfire_choices":[{"data":"Enlightenment","floor":7,"key":"SMITH"}],"neow_cost":"TEN_PERCENT_HP_LOSS","seed_source_timestamp":78715120429374,"circlet_count":0,"master_deck":["AscendersBane","Strike_B","Strike_B","Strike_B+1","Defend_B","Defend_B","Defend_B","Zap","Dualcast","Glacier","Go for the Eyes+1","Enlightenment+1","Lockon","Coolheaded","Force Field","Machine Learning","Gash"],"relics":["Cracked Core","Ornamental Fan","Blue Candle","Smiling Mask"],"potions_floor_usage":[8,13,13,14],"damage_taken":[{"damage":0,"enemies":"Cultist","floor":1,"turns":5},{"damage":25,"enemies":"Gremlin Nob","floor":6,"turns":5},{"damage":12,"enemies":"3 Sentries","floor":8,"turns":9},{"damage":3,"enemies":"Jaw Worm","floor":10,"turns":3},{"damage":1,"enemies":"Small Slimes","floor":11,"turns":4},{"damage":0,"enemies":"Exordium Thugs","floor":12,"turns":5},{"damage":10,"enemies":"Gremlin Gang","floor":13,"turns":4},{"damage":14,"enemies":"Large Slime","floor":14,"turns":1}],"seed_played":"-4253122877772643094","potions_obtained":[{"floor":6,"key":"Explosive Potion"},{"floor":8,"key":"Strength Potion"},{"floor":11,"key":"LiquidBronze"},{"floor":13,"key":"SteroidPotion"}],"is_trial":false,"path_per_floor":["M","$","?","?","$","E","R","E","T","M","M","M","M","M"],"character_chosen":"DEFECT","items_purchased":["Enlightenment"],"campfire_rested":0,"item_purchase_floors":[2],"current_hp_per_floor":[68,68,54,54,54,29,29,17,17,14,13,13,3,0],"gold":172,"neow_bonus":"TRANSFORM_TWO_CARDS","is_prod":false,"is_daily":false,"chose_seed":false,"campfire_upgraded":1,"win_rate":0,"timestamp":1554825833,"path_taken":["M","?","?","?","$","E","R","E","T","M","M","?","M","M"],"build_version":"2019-01-23","purchased_purges":0,"victory":false,"max_hp_per_floor":[68,68,68,68,68,68,68,68,68,68,68,68,68,68],"card_choices":[{"not_picked":["Steam","Compile Driver"],"picked":"Go for the Eyes","floor":1},{"not_picked":["Rip and Tear","Ball Lightning"],"picked":"Coolheaded","floor":6},{"not_picked":["Steam Power","Double Energy"],"picked":"Force Field","floor":8},{"not_picked":["Chaos","Beam Cell","Turbo"],"picked":"SKIP","floor":10},{"not_picked":["Rebound","Skim","Scrape"],"picked":"SKIP","floor":11},{"not_picked":["Cold Snap","Rebound"],"picked":"Machine Learning","floor":12},{"not_picked":["Darkness","Conserve Battery"],"picked":"Gash","floor":13}],"player_experience":162717,"relics_obtained":[{"floor":6,"key":"Ornamental Fan"},{"floor":8,"key":"Blue Candle"},{"floor":9,"key":"Smiling Mask"}],"event_choices":[{"damage_healed":0,"gold_gain":0,"player_choice":"Entered Light","damage_taken":14,"max_hp_gain":0,"max_hp_loss":0,"event_name":"Shining Light","floor":3,"gold_loss":0,"cards_upgraded":["Go for the Eyes","Strike_B"]},{"damage_healed":0,"gold_gain":0,"cards_transformed":["Skim"],"player_choice":"Transformed","damage_taken":0,"max_hp_gain":0,"max_hp_loss":0,"event_name":"Transmorgrifier","floor":4,"gold_loss":0,"cards_obtained":["Lockon"]}],"is_beta":false,"boss_relics":[],"items_purged_floors":[],"is_endless":false,"potions_floor_spawned":[6,8,11,13],"killed_by":"Large Slime","ascension_level":11}