{"gold_per_floor":[118,118,132,82,82,82,94,105,132,150,150,166,186,186,186,186],"floor_reached":16,"playtime":367,"items_purged":[],"score":94,"play_id":"f0588fc2-94b1-47c1-b96d-7af1e9e19482","local_time":"20190201063805","is_ascension_mode":false,"campfire_choices":[{"data":"Fusion","floor":6,"key":"SMITH"},{"data":"Zap","floor":11,"key":"SMITH"},{"floor":15,"key":"REST"}],"neow_cost":"NONE","seed_source_timestamp":281268096774110,"circlet_count":0,"master_deck":["Strike_B","Strike_B","Strike_B","Strike_B+1","Defend_B","Defend_B+1","Defend_B","Zap+1","Dualcast","Auto Shields","Fusion+1","Meteor Strike+1"],"relics":["Nuclear Battery"],"potions_floor_usage":[12,16,16,16],"damage_taken":[{"damage":4,"enemies":"Jaw Worm","floor":1,"turns":4},{"damage":0,"enemies":"2 Louse","floor":3,"turns":2},{"damage":0,"enemies":"Small Slimes","floor":7,"turns":3},{"damage":19,"enemies":"Exordium Thugs","floor":8,"turns":6},{"damage":9,"enemies":"Exordium Wildlife","floor":10,"turns":5},{"damage":13,"enemies":"Lots of Slimes","floor":12,"turns":3},{"damage":8,"enemies":"2 Fungi Beasts","floor":13,"turns":4},{"damage":29,"enemies":"Hexaghost","floor":16,"turns":9}],"seed_played":"-1602842758971448818","potions_obtained":[{"floor":1,"key":"SkillPotion"},{"floor":3,"key":"FocusPotion"},{"floor":12,"key":"PowerPotion"},{"floor":13,"key":"GamblersBrew"}],"is_trial":false,"path_per_floor":["M","?","M","?","?","R","M","M","T","M","R","M","M","?","R","B"],"character_chosen":"DEFECT","items_purchased":[],"campfire_rested":1,"item_purchase_floors":[],"current_hp_per_floor":[71,56,56,56,56,56,56,37,37,28,28,15,7,7,29,0],"gold":186,"neow_bonus":"BOSS_RELIC","is_prod":false,"is_daily":false,"chose_seed":false,"campfire_upgraded":2,"win_rate":0,"timestamp":1548999485,"path_taken":["M","?","M","?","?","R","M","?","T","M","R","M","M","?","R","BOSS"],"build_version":"2019-01-23","purchased_purges":0,"victory":false,"max_hp_per_floor":[75,75,75,75,75,75,75,75,75,75,75,75,75,75,75,75],"card_choices":[{"not_picked":["Sunder","Rebound"],"picked":"Auto Shields","floor":1},{"not_picked":["Skim","Chill"],"picked":"Fusion","floor":3},{"not_picked":["Sweeping Beam","Beam Cell","Tempest"],"picked":"SKIP","floor":7},{"not_picked":["Darkness","Turbo","Compile Driver"],"picked":"SKIP","floor":8},{"not_picked":["Storm","Turbo","Tempest"],"picked":"SKIP","floor":10},{"not_picked":["Redo","Ball Lightning"],"picked":"Meteor Strike","floor":12},{"not_picked":["Coolheaded","Chill","Compile Driver"],"picked":"SKIP","floor":13}],"player_experience":50128,"relics_obtained":[],"event_choices":[{"damage_healed":0,"gold_gain":0,"player_choice":"Entered Light","damage_taken":15,"max_hp_gain":0,"max_hp_loss":0,"event_name":"Shining Light","floor":2,"gold_loss":0,"cards_upgraded":["Defend_B","Strike_B"]},{"cards_removed":["Defend_B"],"damage_healed":0,"gold_gain":0,"player_choice":"Card Removal","damage_taken":0,"max_hp_gain":0,"max_hp_loss":0,"event_name":"The Cleric","floor":4,"gold_loss":50},{"damage_healed":0,"gold_gain":0,"player_choice":"Ignored","damage_taken":0,"max_hp_gain":0,"max_hp_loss":0,"event_name":"WeMeetAgain","floor":5,"gold_loss":0},{"damage_healed":0,"gold_gain":0,"player_choice":"Forge","damage_taken":0,"max_hp_gain":0,"max_hp_loss":0,"event_name":"Accursed Blacksmith","floor":14,"gold_loss":0,"cards_upgraded":["Meteor Strike"]}],"is_beta":false,"boss_relics":[],"items_purged_floors":[],"is_endless":false,"potions_floor_spawned":[1,3,12,13],"killed_by":"Hexaghost","ascension_level":0}