{"gold_per_floor":[111,124,54,70,80,106,281,308,334,334,348,348,374,385,385,490,490,506,362,379,393,393],"floor_reached":22,"playtime":1588,"items_purged":["Zap"],"score":208,"play_id":"0c52b6ce-d7dd-4132-a155-3687960936ab","local_time":"20190221231845","is_ascension_mode":false,"campfire_choices":[{"floor":10,"key":"REST"},{"floor":15,"key":"REST"}],"neow_cost":"NONE","seed_source_timestamp":315135982331170,"circlet_count":0,"master_deck":["Strike_B","Strike_B","Strike_B","Defend_B","Defend_B","Defend_B","Defend_B","Dualcast","Streamline","Defragment","Rebound","Ball Lightning","Core Surge","Leap","Ball Lightning","Self Repair"],"relics":["Cracked Core","Omamori","Strawberry","Ancient Tea Set","Happy Flower","Black Star"],"potions_floor_usage":[8,16,21,21],"damage_taken":[{"damage":1,"enemies":"Cultist","floor":1,"turns":3},{"damage":2,"enemies":"2 Louse","floor":2,"turns":3},{"damage":1,"enemies":"Jaw Worm","floor":4,"turns":3},{"damage":14,"enemies":"Large Slime","floor":5,"turns":6},{"damage":27,"enemies":"Gremlin Nob","floor":6,"turns":4},{"damage":9,"enemies":"Lagavulin","floor":8,"turns":7},{"damage":13,"enemies":"Lots of Slimes","floor":11,"turns":3},{"damage":14,"enemies":"Gremlin Nob","floor":13,"turns":3},{"damage":15,"enemies":"Looter","floor":14,"turns":3},{"damage":42,"enemies":"The Guardian","floor":16,"turns":11},{"damage":10,"enemies":"Spheric Guardian","floor":18,"turns":4},{"damage":6,"enemies":"Chosen","floor":20,"turns":5},{"damage":26,"enemies":"Centurion and Healer","floor":21,"turns":5},{"damage":19,"enemies":"Shelled Parasite and Fungi","floor":22,"turns":4}],"seed_played":"6701347364765404363","potions_obtained":[{"floor":5,"key":"Block Potion"},{"floor":11,"key":"GamblersBrew"},{"floor":16,"key":"Fire Potion"},{"floor":20,"key":"SpeedPotion"}],"is_trial":false,"path_per_floor":["M","M","$","M","M","E","?","E","T","R","M","?","E","M","R","B",null,"M","$","M","M","M"],"character_chosen":"DEFECT","items_purchased":["Defragment","Self Repair"],"campfire_rested":2,"item_purchase_floors":[3,19],"current_hp_per_floor":[81,79,79,78,64,37,37,35,35,61,48,48,34,19,45,3,89,79,79,80,54,35],"gold":393,"neow_bonus":"TEN_PERCENT_HP_BONUS","is_prod":false,"is_daily":false,"chose_seed":false,"campfire_upgraded":0,"win_rate":0.0,"timestamp":1550819925,"path_taken":["M","M","$","M","M","E","?","E","T","R","M","?","E","M","R","BOSS","M","$","M","M","M"],"build_version":"2019-01-23","purchased_purges":1,"victory":false,"max_hp_per_floor":[82,82,82,82,82,82,82,89,89,89,89,89,89,89,89,89,89,89,89,89,89,89],"card_choices":[{"not_picked":["Redo","Beam Cell","Fusion"],"picked":"SKIP","floor":1},{"not_picked":["Genetic Algorithm","Stack"],"picked":"Streamline","floor":2},{"not_picked":["Beam Cell","Skim","Steam"],"picked":"SKIP","floor":4},{"not_picked":["Force Field","Reinforced Body","Rip and Tear"],"picked":"SKIP","floor":5},{"not_picked":["Tempest","Steam"],"picked":"Rebound","floor":6},{"not_picked":["Coolheaded","Stack"],"picked":"Ball Lightning","floor":8},{"not_picked":["Hologram","Coolheaded"],"picked":"Core Surge","floor":11},{"not_picked":["Barrage","Turbo","Beam Cell"],"picked":"SKIP","floor":13},{"not_picked":["Gash","Steam"],"picked":"Leap","floor":14},{"not_picked":["Go for the Eyes","Redo"],"picked":"Ball Lightning","floor":18},{"not_picked":["Gash","Cold Snap","Coolheaded+1"],"picked":"SKIP","floor":20},{"not_picked":["Stack","Glacier","Cold Snap"],"picked":"SKIP","floor":21}],"player_experience":89660,"relics_obtained":[{"floor":6,"key":"Omamori"},{"floor":8,"key":"Strawberry"},{"floor":9,"key":"Ancient Tea Set"},{"floor":13,"key":"Happy Flower"}],"event_choices":[{"damage_healed":0,"gold_gain":175,"player_choice":"AGREE","damage_taken":0,"max_hp_gain":0,"max_hp_loss":0,"event_name":"Liars Game","floor":7,"gold_loss":0,"cards_obtained":["Doubt"]},{"cards_removed":["Strike_B"],"damage_healed":0,"gold_gain":0,"player_choice":"Offered Basic","damage_taken":0,"max_hp_gain":0,"max_hp_loss":0,"event_name":"Bonfire Elementals","floor":12,"gold_loss":0}],"is_beta":false,"boss_relics":[{"not_picked":["FrozenCore","Sozu"],"picked":"Black Star"}],"items_purged_floors":[19],"is_endless":false,"potions_floor_spawned":[5,11,16,20],"killed_by":"Shelled Parasite and Fungi","ascension_level":0}