{"gold_per_floor":[113,132,132,132,34,34,364,375,375,375,402,412,412,427,427,522,522,535,291,303,318,318,318,318],"floor_reached":24,"playtime":1078,"items_purged":["Strike_B","Strike_B"],"score":384,"play_id":"18cd9b97-2a16-49d1-895c-559455018139","local_time":"20180727202023","is_ascension_mode":true,"campfire_choices":[{"data":"Creative AI","floor":6,"key":"SMITH"},{"data":"Beam Cell","floor":10,"key":"SMITH"},{"data":"Ball Lightning","floor":15,"key":"SMITH"},{"data":"Force Field","floor":23,"key":"SMITH"}],"neow_cost":"","seed_source_timestamp":1339483013145190,"circlet_count":0,"master_deck":["Strike_B","Strike_B+1","Defend_B","Defend_B","Defend_B","Defend_B","Zap+1","Dualcast","AscendersBane","Beam Cell+1","Go for the Eyes","Creative AI+1","FTL","Stack","Stack","Ball Lightning+1","Reboot","Force Field+1","Buffer+1","Hologram+1","Storm","Injury"],"relics":["Cracked Core","Old Coin","Bottled Lightning","Strawberry","Letter Opener","Eternal Feather","Lantern"],"potions_floor_usage":[11,20],"damage_taken":[{"damage":0,"enemies":"Cultist","floor":1,"turns":3},{"damage":4,"enemies":"2 Louse","floor":2,"turns":2},{"damage":10,"enemies":"Lagavulin","floor":7,"turns":7},{"damage":0,"enemies":"Small Slimes","floor":8,"turns":3},{"damage":1,"enemies":"3 Sentries","floor":11,"turns":3},{"damage":6,"enemies":"Looter","floor":12,"turns":3},{"damage":0,"enemies":"2 Fungi Beasts","floor":14,"turns":2},{"damage":0,"enemies":"Slime Boss","floor":16,"turns":7},{"damage":16,"enemies":"Spheric Guardian","floor":18,"turns":5},{"damage":21,"enemies":"3 Byrds","floor":20,"turns":4},{"damage":14,"enemies":"Centurion and Healer","floor":21,"turns":7},{"damage":29,"enemies":"Gremlin Leader","floor":24,"turns":2}],"seed_played":"3298919777077908903","potions_obtained":[{"floor":2,"key":"PowerPotion"},{"floor":8,"key":"SteroidPotion"},{"floor":12,"key":"Explosive Potion"},{"floor":21,"key":"Dexterity Potion"}],"is_trial":false,"path_per_floor":["M","M","?","?","$","R","E","M","T","R","E","M","?","M","R","B",null,"M","$","M","M","?","R"],"character_chosen":"DEFECT","items_purchased":["Stack","Lantern"],"campfire_rested":0,"item_purchase_floors":[5,19],"current_hp_per_floor":[68,64,64,49,49,49,39,39,39,39,45,39,27,27,27,27,68,52,52,31,17,17,29,0],"gold":318,"neow_bonus":"","is_prod":false,"is_daily":false,"chose_seed":false,"campfire_upgraded":4,"win_rate":0,"timestamp":1532715623,"path_taken":["M","?","?","?","$","R","E","M","T","R","E","M","?","M","R","BOSS","M","$","M","M","?","R","E"],"build_version":"2018-07-26","purchased_purges":2,"victory":false,"max_hp_per_floor":[75,75,75,75,75,75,75,75,75,75,82,82,82,82,82,82,82,82,82,82,82,82,82,82],"card_choices":[{"not_picked":["Conserve Battery","Turbo"],"picked":"Beam Cell","floor":1},{"not_picked":["Steam Power","Recycle"],"picked":"Go for the Eyes","floor":2},{"not_picked":["Fission","Turbo"],"picked":"Stack","floor":7},{"not_picked":["Auto Shields","Capacitor"],"picked":"Ball Lightning","floor":8},{"not_picked":["Compile Driver","Conserve Battery"],"picked":"Reboot","floor":11},{"not_picked":["Hologram","Undo"],"picked":"Force Field","floor":14},{"not_picked":["Multi-Cast","Fission"],"picked":"Buffer","floor":16},{"not_picked":["Coolheaded","Steam"],"picked":"Hologram+1","floor":18},{"not_picked":["Stack","Cold Snap"],"picked":"Storm","floor":20}],"player_experience":884022,"relics_obtained":[{"floor":7,"key":"Old Coin"},{"floor":9,"key":"Bottled Lightning"},{"floor":11,"key":"Strawberry"}],"event_choices":[{"event_name":"Match and Keep!","player_choice":"2 cards matched","floor":3,"damage_taken":0},{"event_name":"Shining Light","player_choice":"Entered Light","floor":4,"damage_taken":0},{"event_name":"Scrap Ooze","player_choice":"success","floor":13,"damage_taken":12},{"event_name":"Accursed Blacksmith","player_choice":"Forge","floor":22,"damage_taken":0}],"is_beta":false,"boss_relics":[{"not_picked":["Empty Cage","Astrolabe"],"picked":"Eternal Feather"}],"items_purged_floors":[5,19],"is_endless":false,"potions_floor_spawned":[2,8,12,21],"killed_by":"Gremlin Leader","ascension_level":10}