{"gold_per_floor":[113,188,188,263,8,8,53,93,93,168,203,265,265,302,302,398,398,439,439,476,495,495],"floor_reached":22,"playtime":902,"items_purged":[],"score":273,"play_id":"af0c0c0d-ed18-4d0e-830a-77de0950b102","local_time":"20190404121153","is_ascension_mode":true,"campfire_choices":[{"data":"HandOfGreed","floor":6.0,"key":"SMITH"},{"floor":13.0,"key":"REST"},{"data":"True Grit","floor":15.0,"key":"SMITH"}],"neow_cost":"NONE","seed_source_timestamp":169100898547279,"circlet_count":0,"master_deck":["Strike_R","Strike_R","Strike_R","Strike_R","Defend_R","Defend_R","Defend_R","Defend_R","Bash","Pommel Strike","HandOfGreed+1","Flame Barrier","Warcry","Disarm","Iron Wave","True Grit+1","Barricade","Body Slam+1","Entrench"],"special_seed":0,"relics":["Burning Blood","Darkstone Periapt","Mummified Hand","Calipers","Sozu"],"potions_floor_usage":[21],"damage_taken":[{"damage":1.0,"enemies":"2 Louse","floor":1.0,"turns":2.0},{"damage":13.0,"enemies":"Jaw Worm","floor":7.0,"turns":4.0},{"damage":0.0,"enemies":"Cultist","floor":8.0,"turns":3.0},{"damage":38.0,"enemies":"3 Sentries","floor":10.0,"turns":13.0},{"damage":3.0,"enemies":"Looter","floor":11.0,"turns":5.0},{"damage":9.0,"enemies":"Exordium Wildlife","floor":12.0,"turns":4.0},{"damage":0.0,"enemies":"Large Slime","floor":14.0,"turns":5.0},{"damage":47.0,"enemies":"The Guardian","floor":16.0,"turns":16.0},{"damage":9.0,"enemies":"3 Byrds","floor":18.0,"turns":7.0},{"damage":8.0,"enemies":"Chosen","floor":20.0,"turns":8.0},{"damage":11,"enemies":"Snake Plant","floor":21,"turns":8},{"damage":61,"enemies":"Masked Bandits","floor":22,"turns":4}],"seed_played":"2438861387543486619","potions_obtained":[{"floor":11.0,"key":"Block Potion"},{"floor":12.0,"key":"Swift Potion"},{"floor":14.0,"key":"GamblersBrew"},{"floor":16.0,"key":"BloodPotion"}],"is_trial":false,"path_per_floor":["M","?","?","?","$","R","M","M","T","E","M","M","R","M","R","B",null,"M","?","M","M","?"],"character_chosen":"IRONCLAD","items_purchased":["HandOfGreed","Flame Barrier"],"campfire_rested":1,"item_purchase_floors":[5,5],"current_hp_per_floor":[77,66,63,55,55,55,48,54,54,22,25,22,46,52,52,11,63,68,68,66,61,0],"gold":495,"neow_bonus":"REMOVE_CARD","is_prod":false,"is_daily":false,"chose_seed":false,"campfire_upgraded":2,"win_rate":0,"timestamp":1554372713,"path_taken":["M","?","?","?","$","R","M","M","T","E","?","M","R","M","R","BOSS","M","?","M","M","?"],"build_version":"2019-01-23","purchased_purges":0,"victory":false,"max_hp_per_floor":[80,80,80,80,80,80,80,80,80,80,80,80,80,80,80,80,80,80,80,80,80,80],"card_choices":[{"not_picked":["Anger","Shrug It Off"],"picked":"Pommel Strike","floor":1.0},{"not_picked":["Evolve","Sword Boomerang"],"picked":"Warcry","floor":7.0},{"not_picked":["Heavy Blade","Bludgeon"],"picked":"Disarm","floor":8.0},{"not_picked":["Headbutt","True Grit"],"picked":"Iron Wave","floor":10.0},{"not_picked":["Perfected Strike","Intimidate","Wild Strike"],"picked":"SKIP","floor":11.0},{"not_picked":["Burning Pact","Iron Wave"],"picked":"True Grit","floor":12.0},{"not_picked":["Fire Breathing","Pommel Strike","Clothesline"],"picked":"SKIP","floor":14.0},{"not_picked":["Demon Form","Juggernaut"],"picked":"Barricade","floor":16.0},{"not_picked":["Headbutt+1","Ghostly Armor+1"],"picked":"Body Slam+1","floor":18.0},{"not_picked":["True Grit","Sword Boomerang"],"picked":"Entrench","floor":20.0},{"not_picked":["Inflame+1","Perfected Strike+1","Twin Strike"],"picked":"SKIP","floor":21}],"player_experience":140144,"relics_obtained":[{"floor":9.0,"key":"Mummified Hand"},{"floor":10.0,"key":"Calipers"}],"event_choices":[{"damage_healed":0.0,"max_hp_gain":0.0,"max_hp_loss":0.0,"gold_gain":75.0,"event_name":"World of Goop","player_choice":"Gather Gold","floor":2.0,"gold_loss":0.0,"damage_taken":11.0},{"damage_healed":0.0,"max_hp_gain":0.0,"max_hp_loss":0.0,"gold_gain":0.0,"event_name":"Scrap Ooze","player_choice":"Success","floor":3.0,"gold_loss":0.0,"damage_taken":3.0,"relics_obtained":["Darkstone Periapt"]},{"damage_healed":0.0,"max_hp_gain":0.0,"max_hp_loss":0.0,"gold_gain":75.0,"event_name":"FaceTrader","player_choice":"Touch","floor":4.0,"gold_loss":0.0,"damage_taken":8.0},{"damage_healed":0.0,"max_hp_gain":0.0,"max_hp_loss":0.0,"gold_gain":0.0,"event_name":"Vampires","player_choice":"Ignored","floor":19.0,"gold_loss":0.0,"damage_taken":0.0},{"damage_healed":0,"gold_gain":0,"player_choice":"Fought Bandits","damage_taken":0,"max_hp_gain":0,"max_hp_loss":0,"event_name":"Masked Bandits","floor":22,"gold_loss":0}],"is_beta":false,"boss_relics":[{"not_picked":["Runic Dome","Runic Pyramid"],"picked":"Sozu"}],"items_purged_floors":[],"is_endless":false,"potions_floor_spawned":[11,12,14,16,18],"killed_by":"Masked Bandits","ascension_level":9}