{"gold_per_floor":[211,9,84,103,119,119,153,153,153,153,153,153,153,12,12,101,101,121,121,142,163,21,21,45,45,45,89,89,103,117,136,136,136],"floor_reached":33,"playtime":2789,"items_purged":["Strike_B","Injury","Strike_B"],"score":515,"play_id":"4da63545-f30e-467a-b8e5-0050efdbf75f","local_time":"20180925144431","is_ascension_mode":true,"campfire_choices":[{"data":"Go for the Eyes","floor":6.0,"key":"SMITH"},{"data":"Sunder","floor":8.0,"key":"SMITH"},{"data":"Hologram","floor":10.0,"key":"SMITH"},{"data":"Zap","floor":12.0,"key":"SMITH"},{"data":"Cold Snap","floor":15.0,"key":"SMITH"},{"data":"Scrape","floor":23,"key":"SMITH"},{"data":"Multi-Cast","floor":25,"key":"SMITH"},{"data":"Turbo","floor":28,"key":"SMITH"},{"data":"Hologram","floor":32,"key":"SMITH"}],"neow_cost":"NONE","seed_source_timestamp":0,"circlet_count":0,"master_deck":["Strike_B","Strike_B","Defend_B","Defend_B","Defend_B","Defend_B","Zap+1","Dualcast","AscendersBane","White Noise","Sunder+1","Self Repair","Hologram+1","Go for the Eyes+1","Cold Snap+1","Turbo+1","Echo Form","Ghostly","Ghostly","Ghostly","Ghostly","Ghostly","Doom and Gloom+1","Scrape+1","Multi-Cast+1","Conserve Battery+1","Hologram+1","Conserve Battery+1"],"special_seed":0,"relics":["Cracked Core","Singing Bowl","Smiling Mask","Golden Idol","Snecko Eye","Ornamental Fan","Frozen Egg 2"],"potions_floor_usage":[18,27],"damage_taken":[{"damage":4.0,"enemies":"Jaw Worm","floor":1.0,"turns":3.0},{"damage":0.0,"enemies":"2 Louse","floor":4.0,"turns":2.0},{"damage":6.0,"enemies":"Cultist","floor":5.0,"turns":5.0},{"damage":42.0,"enemies":"3 Sentries","floor":7.0,"turns":8.0},{"damage":37,"enemies":"Slime Boss","floor":16,"turns":10},{"damage":58,"enemies":"3 Byrds","floor":18,"turns":6},{"damage":0,"enemies":"Chosen","floor":20,"turns":6},{"damage":2,"enemies":"Snecko","floor":21,"turns":6},{"damage":0,"enemies":"Sentry and Sphere","floor":24,"turns":5},{"damage":22,"enemies":"Slavers","floor":27,"turns":7},{"damage":0,"enemies":"Centurion and Healer","floor":29,"turns":4},{"damage":0,"enemies":"Cultist and Chosen","floor":30,"turns":7},{"damage":0,"enemies":"3 Cultists","floor":31,"turns":3},{"damage":45,"enemies":"Automaton","floor":33,"turns":6}],"seed_played":"4367251567505586289","potions_obtained":[{"floor":5.0,"key":"Dexterity Potion"},{"floor":7.0,"key":"PowerPotion"},{"floor":20,"key":"Dexterity Potion"},{"floor":27,"key":"Fire Potion"},{"floor":29,"key":"Explosive Potion"}],"is_trial":false,"path_per_floor":["M","$","?","M","M","R","E","R","T","R","?","R","?","$","R","B",null,"M","?","M","M","$","R","M","R","T","E","R","M","M","M","R"],"character_chosen":"DEFECT","items_purchased":["Sunder","Self Repair","Cold Snap","Turbo","Scrape"],"campfire_rested":0,"item_purchase_floors":[2,2,14,14,22],"current_hp_per_floor":[60,60,49,56,57,57,24,24,24,24,48,48,48,48,48,18,59,10,10,17,24,24,24,31,31,31,16,16,30,41,41,41,0],"gold":136,"neow_bonus":"HUNDRED_GOLD","is_prod":false,"is_daily":false,"chose_seed":false,"campfire_upgraded":9,"win_rate":0,"timestamp":1537879471,"path_taken":["M","$","?","M","M","R","E","R","T","R","?","R","?","$","R","BOSS","M","?","M","M","$","R","M","R","T","E","R","M","?","M","R","BOSS"],"build_version":"2018-09-20","purchased_purges":3,"victory":false,"max_hp_per_floor":[71,71,71,71,71,71,73,73,73,73,73,73,73,73,73,73,73,75,37,37,39,39,39,39,39,39,39,39,39,41,41,41,41],"card_choices":[{"not_picked":["Steam","Conserve Battery"],"picked":"White Noise","floor":1.0},{"not_picked":["Rebound","Recycle"],"picked":"Hologram","floor":4.0},{"not_picked":["Sweeping Beam","Rip and Tear"],"picked":"Go for the Eyes","floor":5.0},{"not_picked":["Compile Driver","Melter","Steam Power"],"picked":"Singing Bowl","floor":7.0},{"not_picked":["Electrodynamics","Biased Cognition"],"picked":"Echo Form","floor":16},{"not_picked":["Turbo","Beam Cell","FTL"],"picked":"Singing Bowl","floor":18},{"not_picked":["Gash","Coolheaded"],"picked":"Doom and Gloom+1","floor":20},{"not_picked":["Barrage","Blizzard","Gash"],"picked":"Singing Bowl","floor":21},{"not_picked":["Leap","FTL"],"picked":"Multi-Cast","floor":24},{"not_picked":["Leap","Go for the Eyes"],"picked":"Conserve Battery+1","floor":27},{"not_picked":["Tempest","BootSequence"],"picked":"Hologram","floor":29},{"not_picked":["Sweeping Beam","Gash","Darkness"],"picked":"Singing Bowl","floor":30},{"not_picked":["Turbo","Ball Lightning"],"picked":"Conserve Battery+1","floor":31}],"player_experience":1080318,"relics_obtained":[{"floor":7.0,"key":"Singing Bowl"},{"floor":9.0,"key":"Smiling Mask"},{"floor":26,"key":"Ornamental Fan"},{"floor":27,"key":"Frozen Egg 2"}],"event_choices":[{"event_name":"World of Goop","player_choice":"Gather Gold","floor":3.0,"damage_taken":0.0},{"event_name":"Big Fish","player_choice":"Banana","floor":11.0,"damage_taken":0.0},{"event_name":"Golden Idol","player_choice":"Take Wound","floor":13.0,"damage_taken":0.0},{"event_name":"Ghosts","player_choice":"Became a Ghost","floor":19,"damage_taken":0}],"is_beta":false,"boss_relics":[{"not_picked":["Eternal Feather","Philosopher\u0027s Stone"],"picked":"Snecko Eye"}],"items_purged_floors":[2,14,22],"is_endless":false,"potions_floor_spawned":[5,7,20,27,29],"killed_by":"Automaton","ascension_level":17}