{"gold_per_floor":[115,115,135,410,428,457,473,473,473,473,13,13,13,33,33,128,128,151,201,214,235,268,302,302,342,342,342,257,17,31,31,31,120,120,135,155,155,179,202,202,202,246,246,246,42,42,42,264,264,264],"floor_reached":50,"playtime":2648,"items_purged":["Regret"],"score":1033,"play_id":"e3d1ca42-5d78-41f9-ac4c-398115dba363","local_time":"20190527143535","is_ascension_mode":true,"campfire_choices":[{"floor":8,"key":"REST"},{"data":"Pommel Strike","floor":10,"key":"SMITH"},{"floor":15,"key":"REST"},{"data":"Flame Barrier","floor":24,"key":"SMITH"},{"floor":27,"key":"REST"},{"data":"Double Tap","floor":32,"key":"SMITH"},{"floor":40,"key":"REST"},{"floor":41,"key":"REST"},{"floor":44,"key":"REST"},{"floor":47,"key":"REST"},{"floor":49,"key":"REST"}],"neow_cost":"NONE","seed_source_timestamp":723051329653198,"circlet_count":0,"master_deck":["AscendersBane","Strike_R","Strike_R","Strike_R","Strike_R","Strike_R","Defend_R","Defend_R","Defend_R","Defend_R","Bash","Cleave","Spot Weakness","Headbutt","Pommel Strike+1","Injury","Shrug It Off","Immolate","Headbutt","Flame Barrier+1","Pommel Strike+1","Battle Trance","Rampage","Reaper","Double Tap+1","Fiend Fire","RitualDagger","Impervious","Clumsy","Panache","Trip","Blind","Metallicize","Evolve+1","Shrug It Off","Metallicize","Burning Pact","Feel No Pain"],"relics":["Burning Blood","Dodecahedron","Shuriken","Brimstone","Happy Flower","Golden Idol","Velvet Choker","Red Mask","Ancient Tea Set","Omamori","Art of War","Lantern","Calling Bell","Centennial Puzzle","Sundial","WingedGreaves","Orichalcum","The Courier"],"potions_floor_usage":[6,16,16,20,22,39,50],"damage_taken":[{"damage":6,"enemies":"Cultist","floor":1,"turns":3},{"damage":12,"enemies":"Jaw Worm","floor":3,"turns":2},{"damage":16,"enemies":"Small Slimes","floor":5,"turns":3},{"damage":52,"enemies":"3 Sentries","floor":6,"turns":10},{"damage":3,"enemies":"2 Fungi Beasts","floor":7,"turns":3},{"damage":14,"enemies":"Large Slime","floor":14,"turns":4},{"damage":30,"enemies":"The Guardian","floor":16,"turns":6},{"damage":8,"enemies":"Spheric Guardian","floor":18,"turns":3},{"damage":22,"enemies":"2 Thieves","floor":20,"turns":3},{"damage":19,"enemies":"Chosen and Byrds","floor":21,"turns":4},{"damage":0,"enemies":"Masked Bandits","floor":22,"turns":2},{"damage":26,"enemies":"Slavers","floor":23,"turns":4},{"damage":13,"enemies":"Book of Stabbing","floor":25,"turns":4},{"damage":11,"enemies":"Snake Plant","floor":30,"turns":3},{"damage":13,"enemies":"Champ","floor":33,"turns":6},{"damage":0,"enemies":"3 Shapes","floor":35,"turns":2},{"damage":19,"enemies":"3 Darklings","floor":36,"turns":3},{"damage":67,"enemies":"Writhing Mass","floor":39,"turns":7},{"damage":79,"enemies":"Giant Head","floor":42,"turns":7},{"damage":114,"enemies":"Awakened One","floor":50,"turns":6}],"seed_played":"4088136007315378835","potions_obtained":[{"floor":1,"key":"Dexterity Potion"},{"floor":6,"key":"Strength Potion"},{"floor":7,"key":"SkillPotion"},{"floor":16,"key":"Regen Potion"},{"floor":18,"key":"Regen Potion"},{"floor":20,"key":"BloodPotion"},{"floor":25,"key":"Weak Potion"},{"floor":39,"key":"Fire Potion"}],"is_trial":false,"path_per_floor":["?","?","M","?","?","?","M","?","?","$","?","?","T","M","?","?"],"character_chosen":"IRONCLAD","items_purchased":["Brimstone","Happy Flower","Reaper","Double Tap","Shrug It Off","Metallicize","Burning Pact","Feel No Pain"],"campfire_rested":8,"item_purchase_floors":[11,11,29,29,45,45,45,45],"current_hp_per_floor":[75,80,74,74,64,18,21,47,47,47,47,47,47,39,65,41,76,74,74,67,54,65,45,45,38,38,64,64,64,68,62,62,85,87,87,74,64,64,12,38,64,14,14,40,40,40,66,66,87,0],"gold":264,"neow_bonus":"TEN_PERCENT_HP_BONUS","is_prod":false,"is_daily":false,"chose_seed":false,"campfire_upgraded":3,"win_rate":0,"timestamp":1558982135,"path_taken":["M","?","M","?","?","E","M","R","T","R","$","?","?","M","R","BOSS","M","?","?","M","?","E","R","E","T","R","?","?","M","?","R","BOSS","M","M","?","?","?","R","R","E","T","R","$","?","R","?","R","BOSS"],"build_version":"2019-01-23","purchased_purges":1,"victory":false,"max_hp_per_floor":[82,87,87,87,87,87,87,87,87,87,87,87,87,87,87,87,87,87,87,87,87,87,87,87,87,87,87,87,87,87,87,87,87,87,87,87,87,87,87,87,87,87,87,87,87,87,87,87,87,87],"card_choices":[{"not_picked":["Blood for Blood","Searing Blow"],"picked":"Cleave","floor":1},{"not_picked":["Metallicize","Bloodletting"],"picked":"Spot Weakness","floor":3},{"not_picked":["Fire Breathing","Twin Strike"],"picked":"Headbutt","floor":5},{"not_picked":["Anger","Blood for Blood","Searing Blow"],"picked":"SKIP","floor":6},{"not_picked":["Clash","Second Wind"],"picked":"Pommel Strike","floor":7},{"not_picked":["Heavy Blade","Perfected Strike"],"picked":"Shrug It Off","floor":14},{"not_picked":["Bludgeon","Brutality"],"picked":"Immolate","floor":16},{"not_picked":["Carnage","Twin Strike"],"picked":"Headbutt","floor":18},{"not_picked":["Rage","Heavy Blade"],"picked":"Flame Barrier","floor":20},{"not_picked":["Hemokinesis","Anger"],"picked":"Pommel Strike+1","floor":21},{"not_picked":["Armaments","Cleave"],"picked":"Battle Trance","floor":22},{"not_picked":["Spot Weakness+1","Sentinel"],"picked":"Rampage","floor":23},{"not_picked":["Dropkick","Flex","Anger"],"picked":"SKIP","floor":25},{"not_picked":["Perfected Strike","Thunderclap"],"picked":"Fiend Fire","floor":30},{"not_picked":["Brutality","Juggernaut"],"picked":"Impervious","floor":33},{"not_picked":["Sword Boomerang","Flex","Iron Wave"],"picked":"SKIP","floor":35},{"not_picked":["Searing Blow","Cleave","Clash"],"picked":"SKIP","floor":36},{"not_picked":["Secret Technique","Purity"],"picked":"Panache","floor":37},{"not_picked":["Secret Weapon","PanicButton"],"picked":"Trip","floor":37},{"not_picked":["Panacea","Mind Blast"],"picked":"Blind","floor":37},{"not_picked":["Sword Boomerang","Anger"],"picked":"Metallicize","floor":39},{"not_picked":["Headbutt","Iron Wave"],"picked":"Evolve+1","floor":42}],"player_experience":720878,"relics_obtained":[{"floor":6,"key":"Dodecahedron"},{"floor":9,"key":"Shuriken"},{"floor":22,"key":"Red Mask"},{"floor":23,"key":"Ancient Tea Set"},{"floor":25,"key":"Omamori"},{"floor":26,"key":"Art of War"},{"floor":34,"key":"Centennial Puzzle"},{"floor":34,"key":"Sundial"},{"floor":34,"key":"WingedGreaves"},{"floor":42,"key":"Orichalcum"},{"floor":43,"key":"The Courier"}],"event_choices":[{"damage_healed":0,"gold_gain":0,"player_choice":"Donut","damage_taken":0,"max_hp_gain":5,"max_hp_loss":0,"event_name":"Big Fish","floor":2,"gold_loss":0},{"damage_healed":0,"gold_gain":275,"player_choice":"Desecrate","damage_taken":0,"max_hp_gain":0,"max_hp_loss":0,"event_name":"Golden Shrine","floor":4,"gold_loss":0,"cards_obtained":["Regret"]},{"damage_healed":0,"gold_gain":0,"player_choice":"Take Wound","damage_taken":0,"relics_obtained":["Golden Idol"],"max_hp_gain":0,"max_hp_loss":0,"event_name":"Golden Idol","floor":12,"gold_loss":0,"cards_obtained":["Injury"]},{"damage_healed":0,"gold_gain":0,"player_choice":"Leave","damage_taken":0,"max_hp_gain":0,"max_hp_loss":0,"event_name":"The Cleric","floor":13,"gold_loss":0},{"damage_healed":0,"gold_gain":100,"player_choice":"Bet on Murderer","damage_taken":0,"max_hp_gain":0,"max_hp_loss":0,"event_name":"The Joust","floor":19,"gold_loss":50},{"damage_healed":0,"gold_gain":0,"player_choice":"Fought Bandits","damage_taken":0,"max_hp_gain":0,"max_hp_loss":0,"event_name":"Masked Bandits","floor":22,"gold_loss":0},{"damage_healed":0,"gold_gain":0,"player_choice":"Obtained Relic","damage_taken":0,"relics_obtained":["Lantern"],"max_hp_gain":0,"max_hp_loss":0,"event_name":"Addict","floor":28,"gold_loss":85},{"damage_healed":0,"gold_gain":0,"player_choice":"Joined the Cult","damage_taken":6,"max_hp_gain":0,"max_hp_loss":0,"event_name":"Nest","floor":31,"gold_loss":0,"cards_obtained":["RitualDagger"]},{"damage_healed":0,"gold_gain":0,"player_choice":"Memory 3","damage_taken":10,"max_hp_gain":0,"max_hp_loss":0,"event_name":"SensoryStone","floor":37,"gold_loss":0},{"damage_healed":0,"gold_gain":0,"player_choice":"Ignored","damage_taken":0,"max_hp_gain":0,"max_hp_loss":0,"event_name":"Mysterious Sphere","floor":46,"gold_loss":0},{"damage_healed":0,"gold_gain":222,"player_choice":"Wore Mask","damage_taken":0,"max_hp_gain":0,"max_hp_loss":0,"event_name":"Tomb of Lord Red Mask","floor":48,"gold_loss":0}],"is_beta":false,"boss_relics":[{"not_picked":["Runic Cube","Eternal Feather"],"picked":"Velvet Choker"},{"not_picked":["Lizard Tail","Tiny House"],"picked":"Calling Bell"}],"items_purged_floors":[11],"is_endless":false,"potions_floor_spawned":[1,6,7,16,18,20,25,39],"killed_by":"Awakened One","ascension_level":18}