{"gold_per_floor":[109,127,27,46,11,11,29,59,105,105,105,138,151,185,185,280,280,292,292,312,312,312,346,364,56,80,80,80,114,39,51,51,152,152,169,169,269,287,64,64],"floor_reached":40,"playtime":1136,"items_purged":["Strike_G","Strike_G"],"score":663,"play_id":"2d65c6d3-092e-47f1-9b29-b7d1ce575e96","local_time":"20190405004220","is_ascension_mode":true,"campfire_choices":[{"data":"Bouncing Flask","floor":6.0,"key":"SMITH"},{"data":"Deadly Poison","floor":10.0,"key":"SMITH"},{"floor":15.0,"key":"REST"},{"floor":27.0,"key":"REST"},{"floor":32.0,"key":"REST"}],"neow_cost":"NONE","seed_source_timestamp":213874036721902,"circlet_count":0,"master_deck":["AscendersBane","Defend_G","Defend_G","Defend_G","Defend_G","Strike_G","Strike_G","Survivor","Neutralize+1","Bouncing Flask+1","Deflect","Footwork","Deadly Poison+1","Burst","Dodge and Roll","Corpse Explosion","Neutralize","Poisoned Stab","Deadly Poison+1","Shame","Footwork+1","Bouncing Flask+1","Writhe","Mayhem+1","Deflect"],"special_seed":0,"relics":["Ring of the Serpent","Ornamental Fan","Lantern","Centennial Puzzle","StoneCalendar","Busted Crown","Peace Pipe","Orichalcum","DollysMirror","Strawberry","Frozen Egg 2","Bag of Preparation","Unceasing Top"],"potions_floor_usage":[40,40],"damage_taken":[{"damage":0.0,"enemies":"Small Slimes","floor":1.0,"turns":3.0},{"damage":2.0,"enemies":"Cultist","floor":2.0,"turns":4.0},{"damage":1.0,"enemies":"2 Louse","floor":4.0,"turns":3.0},{"damage":10.0,"enemies":"Lots of Slimes","floor":7.0,"turns":5.0},{"damage":20.0,"enemies":"Lagavulin","floor":8.0,"turns":6.0},{"damage":9.0,"enemies":"Gremlin Nob","floor":12.0,"turns":4.0},{"damage":8.0,"enemies":"Exordium Thugs","floor":13.0,"turns":5.0},{"damage":6.0,"enemies":"Lagavulin","floor":14.0,"turns":4.0},{"damage":12.0,"enemies":"Slime Boss","floor":16.0,"turns":7.0},{"damage":2.0,"enemies":"2 Thieves","floor":18.0,"turns":3.0},{"damage":7.0,"enemies":"Spheric Guardian","floor":20.0,"turns":4.0},{"damage":9.0,"enemies":"Book of Stabbing","floor":23.0,"turns":5.0},{"damage":13.0,"enemies":"Snake Plant","floor":24.0,"turns":4.0},{"damage":7.0,"enemies":"Slavers","floor":29.0,"turns":3.0},{"damage":6.0,"enemies":"Centurion and Healer","floor":31.0,"turns":4.0},{"damage":41.0,"enemies":"Automaton","floor":33.0,"turns":8.0},{"damage":11.0,"enemies":"3 Darklings","floor":35.0,"turns":3.0},{"damage":13.0,"enemies":"Mind Bloom Boss Battle","floor":37.0,"turns":7.0},{"damage":4.0,"enemies":"Orb Walker","floor":38.0,"turns":4.0},{"damage":70,"enemies":"Nemesis","floor":40,"turns":6}],"seed_played":"-3611802776569421109","potions_obtained":[{"floor":1.0,"key":"LiquidBronze"},{"floor":2.0,"key":"GhostInAJar"},{"floor":7.0,"key":"GhostInAJar"},{"floor":13.0,"key":"FearPotion"},{"floor":14.0,"key":"Block Potion"},{"floor":16.0,"key":"Explosive Potion"},{"floor":23.0,"key":"Block Potion"},{"floor":24.0,"key":"Dexterity Potion"},{"floor":29.0,"key":"GamblersBrew"},{"floor":33.0,"key":"SpeedPotion"},{"floor":37.0,"key":"LiquidBronze"}],"is_trial":false,"path_per_floor":["M","M","$","M","?","R","M","E","T","R","?","E","M","E","R","B",null,"M","?","M","T","?","E","M","$","T","R","?","E","$","M","R","B",null,"M","?","?","M","$","E"],"character_chosen":"THE_SILENT","items_purchased":["Deflect","DollysMirror","Footwork+1","Mayhem+1","Deflect"],"campfire_rested":3,"item_purchase_floors":[3,25,30,39,39],"current_hp_per_floor":[63,61,61,60,70,70,60,40,40,40,40,31,23,17,38,26,59,57,57,50,50,50,41,28,28,35,58,58,51,51,45,68,27,65,54,73,60,56,56,0],"gold":64,"neow_bonus":"UPGRADE_CARD","is_prod":false,"is_daily":false,"chose_seed":false,"campfire_upgraded":2,"win_rate":0,"timestamp":1554417740,"path_taken":["M","M","$","M","?","R","M","E","T","R","?","E","?","E","R","BOSS","M","?","?","?","?","E","?","$","T","R","?","E","?","M","R","BOSS","M","?","?","M","$","E"],"build_version":"2019-01-23","purchased_purges":2,"victory":false,"max_hp_per_floor":[70,70,70,70,70,70,70,70,70,70,70,70,70,70,70,70,70,70,70,70,70,70,70,70,70,77,77,77,77,77,77,77,77,77,77,77,77,77,77,77],"card_choices":[{"not_picked":["Distraction","Terror","Dagger Throw"],"picked":"SKIP","floor":1.0},{"not_picked":["Dagger Spray","Flying Knee"],"picked":"Bouncing Flask","floor":2.0},{"not_picked":["Underhanded Strike","Dodge and Roll"],"picked":"Footwork","floor":4.0},{"not_picked":["Flying Knee","Leg Sweep"],"picked":"Deadly Poison","floor":7.0},{"not_picked":["Tactician","Finisher"],"picked":"Burst","floor":8.0},{"not_picked":["Dash","Distraction","Setup"],"picked":"SKIP","floor":12.0},{"not_picked":["Leg Sweep","Sucker Punch"],"picked":"Dodge and Roll","floor":13.0},{"not_picked":["Infinite Blades","Expertise","Phantasmal Killer"],"picked":"SKIP","floor":14.0},{"not_picked":["Glass Knife","Doppelganger"],"picked":"Corpse Explosion","floor":16.0},{"not_picked":["Backstab"],"picked":"SKIP","floor":18.0},{"not_picked":["Flying Knee+1"],"picked":"SKIP","floor":20.0},{"not_picked":[],"picked":"Poisoned Stab","floor":23.0},{"not_picked":["Backstab"],"picked":"SKIP","floor":24.0},{"not_picked":["Blade Dance"],"picked":"SKIP","floor":29.0},{"not_picked":[],"picked":"Bouncing Flask+1","floor":31.0},{"not_picked":["Sucker Punch+1"],"picked":"SKIP","floor":35.0},{"not_picked":["Dagger Throw"],"picked":"SKIP","floor":38.0}],"player_experience":148287,"relics_obtained":[{"floor":8.0,"key":"Ornamental Fan"},{"floor":9.0,"key":"Lantern"},{"floor":12.0,"key":"Centennial Puzzle"},{"floor":14.0,"key":"StoneCalendar"},{"floor":21.0,"key":"Peace Pipe"},{"floor":23.0,"key":"Orichalcum"},{"floor":26.0,"key":"Strawberry"},{"floor":29.0,"key":"Bag of Preparation"},{"floor":37.0,"key":"Unceasing Top"}],"event_choices":[{"damage_healed":17.0,"max_hp_gain":0.0,"max_hp_loss":0.0,"gold_gain":0.0,"event_name":"The Cleric","player_choice":"Healed","floor":5.0,"gold_loss":35.0,"damage_taken":0.0},{"cards_removed":["Defend_G"],"damage_healed":0.0,"max_hp_gain":0.0,"max_hp_loss":0.0,"gold_gain":0.0,"event_name":"Purifier","player_choice":"Purged","floor":11.0,"gold_loss":0.0,"damage_taken":0.0},{"cards_removed":["Strike_G"],"damage_healed":0.0,"max_hp_gain":0.0,"max_hp_loss":0.0,"gold_gain":0.0,"event_name":"Purifier","player_choice":"Purged","floor":19.0,"gold_loss":0.0,"damage_taken":0.0},{"damage_healed":0.0,"max_hp_gain":0.0,"max_hp_loss":0.0,"gold_gain":0.0,"event_name":"Match and Keep!","player_choice":"1 cards matched","floor":22.0,"gold_loss":0.0,"damage_taken":0.0,"cards_obtained":["Neutralize"]},{"damage_healed":0.0,"max_hp_gain":0.0,"max_hp_loss":0.0,"gold_gain":0.0,"event_name":"Addict","player_choice":"Stole Relic","floor":28.0,"gold_loss":0.0,"damage_taken":0.0,"relics_obtained":["Frozen Egg 2"],"cards_obtained":["Shame"]},{"damage_healed":19.0,"max_hp_gain":0.0,"max_hp_loss":0.0,"gold_gain":0.0,"event_name":"Winding Halls","player_choice":"Writhe","floor":36.0,"gold_loss":0.0,"damage_taken":0.0,"cards_obtained":["Writhe"]},{"damage_healed":0.0,"max_hp_gain":0.0,"max_hp_loss":0.0,"gold_gain":0.0,"event_name":"MindBloom","player_choice":"Fight","floor":37.0,"gold_loss":0.0,"damage_taken":0.0}],"is_beta":false,"boss_relics":[{"not_picked":["Calling Bell","Astrolabe"],"picked":"Busted Crown"},{"not_picked":["Velvet Choker","Runic Pyramid"],"picked":"Ring of the Serpent"}],"items_purged_floors":[3,25],"is_endless":false,"potions_floor_spawned":[1,2,7,13,14,16,23,24,29,33,37],"killed_by":"Nemesis","ascension_level":10}