{"gold_per_floor":[13,32,45,45,45,45,80,97,97,115,144,144,37,37,37,114,114,114,114,114,114,114,114,114,114,114,114,29,29,29,29,29,29,29,29,0,0,0,0,0,0,0,0,0,0],"floor_reached":45,"playtime":2320,"items_purged":[],"score":983,"play_id":"9d66318d-6a82-48b2-8e0d-dcccc8ea5eb3","local_time":"20190526160538","is_ascension_mode":true,"campfire_choices":[{"data":"Bash","floor":6,"key":"SMITH"},{"data":"Inflame","floor":12,"key":"SMITH"},{"data":"Burning Pact","floor":15,"key":"SMITH"},{"floor":32,"key":"REST"},{"floor":41,"key":"REST"}],"neow_cost":"NO_GOLD","seed_source_timestamp":642383473570744,"circlet_count":0,"master_deck":["AscendersBane","Strike_R","Strike_R","Strike_R","Defend_R","Defend_R","Defend_R","Defend_R","Bash+1","Inflame+1","Armaments+1","Burning Pact+1","Immolate+1","Iron Wave+1","Bludgeon+1","Heavy Blade+1","Flash of Steel+1","Demon Form","Iron Wave+1","RitualDagger+1","Havoc","Clothesline+1","Flame Barrier","Writhe","True Grit+1","Rage+1","Shrug It Off+1","Limit Break+1","Seeing Red+1","Offering+1","Disarm+1","Warcry+1","Ghostly Armor+1","Heavy Blade+1","Corruption+1","Doubt","Offering+1"],"relics":["Burning Blood","StoneCalendar","Molten Egg 2","Mummified Hand","Bottled Tornado","Ectoplasm","Pear","Toxic Egg 2","Cursed Key","Red Mask","The Courier","Paper Frog"],"potions_floor_usage":[33,40,44],"damage_taken":[{"damage":4,"enemies":"Jaw Worm","floor":1,"turns":5},{"damage":4,"enemies":"2 Louse","floor":2,"turns":3},{"damage":1,"enemies":"Cultist","floor":3,"turns":3},{"damage":45,"enemies":"3 Sentries","floor":7,"turns":7},{"damage":7,"enemies":"3 Louse","floor":8,"turns":3},{"damage":0,"enemies":"2 Fungi Beasts","floor":10,"turns":1},{"damage":1,"enemies":"Gremlin Nob","floor":11,"turns":3},{"damage":16,"enemies":"The Guardian","floor":16,"turns":9},{"damage":0,"enemies":"Chosen","floor":18,"turns":3},{"damage":3,"enemies":"3 Byrds","floor":22,"turns":4},{"damage":31,"enemies":"Slavers","floor":23,"turns":5},{"damage":19,"enemies":"Snake Plant","floor":24,"turns":2},{"damage":16,"enemies":"Cultist and Chosen","floor":27,"turns":6},{"damage":0,"enemies":"Chosen and Byrds","floor":29,"turns":4},{"damage":0,"enemies":"Centurion and Healer","floor":30,"turns":3},{"damage":22,"enemies":"Snake Plant","floor":31,"turns":4},{"damage":13,"enemies":"Champ","floor":33,"turns":7},{"damage":6,"enemies":"3 Shapes","floor":35,"turns":3},{"damage":13,"enemies":"Orb Walker","floor":37,"turns":2},{"damage":6,"enemies":"Sphere and 2 Shapes","floor":38,"turns":3},{"damage":18,"enemies":"Writhing Mass","floor":39,"turns":2},{"damage":35,"enemies":"Giant Head","floor":40,"turns":5},{"damage":0,"enemies":"3 Darklings","floor":44,"turns":4},{"damage":63,"enemies":"Reptomancer","floor":45,"turns":4}],"seed_played":"-3230089313045690886","potions_obtained":[{"floor":1,"key":"SpeedPotion"},{"floor":8,"key":"Dexterity Potion"},{"floor":18,"key":"Swift Potion"},{"floor":30,"key":"PowerPotion"},{"floor":31,"key":"SkillPotion"},{"floor":33,"key":"Explosive Potion"},{"floor":38,"key":"PowerPotion"}],"is_trial":false,"path_per_floor":["?","?","?","?","?","?","M","?","?","?"],"character_chosen":"IRONCLAD","items_purchased":["Flash of Steel+1","Rage+1"],"campfire_rested":2,"item_purchase_floors":[13,28],"current_hp_per_floor":[70,72,75,75,75,75,36,35,35,41,46,46,46,46,46,36,65,71,65,65,65,68,53,40,40,40,30,30,36,42,26,51,44,75,75,75,68,68,56,27,52,52,52,58,0],"gold":0,"neow_bonus":"ONE_RARE_RELIC","is_prod":false,"is_daily":false,"chose_seed":false,"campfire_upgraded":3,"win_rate":0,"timestamp":1558901138,"path_taken":["M","M","M","?","?","R","E","M","T","M","E","R","$","?","R","BOSS","M","?","?","?","?","E","M","?","T","M","$","M","M","M","R","BOSS","M","?","M","M","M","E","R","?","T","M","E"],"build_version":"2019-01-23","purchased_purges":0,"victory":false,"max_hp_per_floor":[75,75,75,75,75,75,75,75,75,75,75,75,75,75,75,75,75,75,75,75,75,75,85,85,85,85,85,85,85,85,85,85,85,85,85,85,85,85,85,85,85,85,85,85,85],"card_choices":[{"not_picked":["Heavy Blade","Thunderclap"],"picked":"Inflame","floor":1},{"not_picked":["Clash","Sword Boomerang"],"picked":"Armaments","floor":2},{"not_picked":["Second Wind","Cleave"],"picked":"Burning Pact","floor":3},{"not_picked":["Warcry","Spot Weakness"],"picked":"Immolate","floor":7},{"not_picked":["Warcry","True Grit"],"picked":"Iron Wave+1","floor":8},{"not_picked":["Armaments","Bloodletting"],"picked":"Bludgeon+1","floor":10},{"not_picked":["Inflame","Rage"],"picked":"Heavy Blade+1","floor":11},{"not_picked":["Immolate+1","Barricade"],"picked":"Demon Form","floor":16},{"not_picked":["Clash+1","Thunderclap+1"],"picked":"Iron Wave+1","floor":18},{"not_picked":["Hemokinesis+1","Infernal Blade"],"picked":"Havoc","floor":22},{"not_picked":["Pommel Strike+1","Havoc"],"picked":"Clothesline+1","floor":23},{"not_picked":["Clash+1","Clothesline+1"],"picked":"Flame Barrier","floor":24},{"not_picked":["Thunderclap+1","Power Through+1"],"picked":"True Grit+1","floor":27},{"not_picked":["Heavy Blade+1","Dropkick+1"],"picked":"Shrug It Off+1","floor":29},{"not_picked":["Cleave+1","Havoc+1"],"picked":"Limit Break+1","floor":30},{"not_picked":["Pommel Strike+1","True Grit+1"],"picked":"Seeing Red+1","floor":31},{"not_picked":["Feed+1","Juggernaut"],"picked":"Offering+1","floor":33},{"not_picked":["Perfected Strike+1","Battle Trance+1"],"picked":"Disarm+1","floor":35},{"not_picked":["Sword Boomerang+1","Flex+1"],"picked":"Warcry+1","floor":37},{"not_picked":["Blood for Blood+1","Pummel+1"],"picked":"Ghostly Armor+1","floor":38},{"not_picked":["Fire Breathing","Twin Strike+1"],"picked":"Heavy Blade+1","floor":39},{"not_picked":["Inflame","Pommel Strike+1"],"picked":"Corruption+1","floor":40},{"not_picked":["Entrench+1","Thunderclap+1"],"picked":"Offering+1","floor":44}],"player_experience":715706,"relics_obtained":[{"floor":7,"key":"Molten Egg 2"},{"floor":9,"key":"Mummified Hand"},{"floor":11,"key":"Bottled Tornado"},{"floor":23,"key":"Pear"},{"floor":40,"key":"The Courier"},{"floor":43,"key":"Paper Frog"}],"event_choices":[{"damage_healed":0,"gold_gain":0,"player_choice":"Leave","damage_taken":0,"max_hp_gain":0,"max_hp_loss":0,"event_name":"The Cleric","floor":4,"gold_loss":0},{"damage_healed":0,"gold_gain":0,"player_choice":"Grow","damage_taken":0,"max_hp_gain":0,"max_hp_loss":0,"event_name":"Living Wall","floor":5,"gold_loss":0,"cards_upgraded":["Armaments"]},{"cards_removed":["Strike_R"],"damage_healed":0,"gold_gain":0,"player_choice":"Offered Basic","damage_taken":0,"max_hp_gain":0,"max_hp_loss":0,"event_name":"Bonfire Elementals","floor":14,"gold_loss":0},{"damage_healed":0,"gold_gain":0,"player_choice":"Joined the Cult","damage_taken":6,"max_hp_gain":0,"max_hp_loss":0,"event_name":"Nest","floor":19,"gold_loss":0,"cards_obtained":["RitualDagger"]},{"damage_healed":0,"gold_gain":0,"player_choice":"Ignored","damage_taken":0,"max_hp_gain":0,"max_hp_loss":0,"event_name":"Beggar","floor":20,"gold_loss":0},{"cards_removed":["Strike_R"],"damage_healed":0,"gold_gain":0,"player_choice":"Purged","damage_taken":0,"max_hp_gain":0,"max_hp_loss":0,"event_name":"Purifier","floor":21,"gold_loss":0},{"damage_healed":0,"gold_gain":0,"player_choice":"Opened","damage_taken":0,"relics_obtained":["Toxic Egg 2"],"max_hp_gain":0,"max_hp_loss":0,"event_name":"The Mausoleum","floor":25,"gold_loss":0,"cards_obtained":["Writhe"]},{"damage_healed":0,"gold_gain":0,"player_choice":"Paid","damage_taken":0,"relics_obtained":["Red Mask"],"max_hp_gain":0,"max_hp_loss":0,"event_name":"Tomb of Lord Red Mask","floor":36,"gold_loss":29},{"damage_healed":0,"gold_gain":50,"player_choice":"Pray","damage_taken":0,"max_hp_gain":0,"max_hp_loss":0,"event_name":"Golden Shrine","floor":42,"gold_loss":0}],"is_beta":false,"boss_relics":[{"not_picked":["Calling Bell","Astrolabe"],"picked":"Ectoplasm"},{"not_picked":["Coffee Dripper","Tiny House"],"picked":"Cursed Key"}],"items_purged_floors":[],"is_endless":false,"potions_floor_spawned":[1,8,16,18,24,30,31,33,38,39],"killed_by":"Reptomancer","ascension_level":18}