{"gold_per_floor":[109,109,109,109,124,157,157,192,218,218,233,233,253,133,133,236,236,220,230,241,166,14,14,14,29,29,29,43,56,56,73,73,173,173,186,205,205,221,237,237,253,253,253,253,282,282,301,320,320,320],"floor_reached":51,"playtime":2749,"items_purged":[],"score":766,"play_id":"53f07f13-8d29-4882-a278-3682cc48711e","local_time":"20190530211601","is_ascension_mode":false,"campfire_choices":[{"data":"Survivor","floor":7,"key":"SMITH"},{"data":"Well Laid Plans","floor":10,"key":"SMITH"},{"floor":15,"key":"REST"},{"data":"Outmaneuver","floor":23,"key":"SMITH"},{"data":"Tactician","floor":27,"key":"SMITH"},{"data":"Leg Sweep","floor":32,"key":"SMITH"},{"data":"Neutralize","floor":40,"key":"SMITH"},{"data":"A Thousand Cuts","floor":42,"key":"SMITH"},{"data":"Footwork","floor":44,"key":"SMITH"},{"floor":49,"key":"REST"}],"neow_cost":"NONE","seed_source_timestamp":552686854742200,"circlet_count":0,"master_deck":["Strike_G","Defend_G+1","Defend_G+1","Defend_G","Defend_G","Survivor+1","Neutralize+1","Riddle With Holes","Heel Hook","Leg Sweep+1","Well Laid Plans+1","Outmaneuver+1","Tactician+1","Die Die Die","Deflect+1","Dagger Throw+1","Finisher+1","Cloak And Dagger+1","Cloak And Dagger+1","Slice","Acrobatics+1","Crippling Poison+1","Underhanded Strike+1","Heel Hook+1","Malaise+1","Regret","Parasite","Clumsy","Expertise+1","Backflip+1","Neutralize+1","A Thousand Cuts+1","Cloak And Dagger+1","Footwork+1","Concentrate+1","Doubt","Reflex+1","Cloak And Dagger+1"],"relics":["Ring of the Snake","NeowsBlessing","Smiling Mask","The Courier","Pen Nib","Meat on the Bone","Toxic Egg 2","Astrolabe","Lee\u0027s Waffle","Pear","StoneCalendar","Calling Bell","Shuriken","War Paint","Du-Vu Doll","Pantograph","Peace Pipe"],"potions_floor_usage":[8,16,29,29,39,45,50,50],"damage_taken":[{"damage":0,"enemies":"Jaw Worm","floor":1,"turns":1},{"damage":0,"enemies":"Small Slimes","floor":5,"turns":1},{"damage":0,"enemies":"Lagavulin","floor":6,"turns":1},{"damage":24,"enemies":"Gremlin Nob","floor":8,"turns":5},{"damage":0,"enemies":"Cultist","floor":11,"turns":4},{"damage":1,"enemies":"Exordium Wildlife","floor":13,"turns":3},{"damage":55,"enemies":"Hexaghost","floor":16,"turns":20},{"damage":11,"enemies":"2 Thieves","floor":18,"turns":4},{"damage":5,"enemies":"Shell Parasite","floor":19,"turns":8},{"damage":10,"enemies":"Shelled Parasite and Fungi","floor":20,"turns":5},{"damage":0,"enemies":"Centurion and Healer","floor":25,"turns":5},{"damage":4,"enemies":"Snake Plant","floor":28,"turns":5},{"damage":5,"enemies":"Sentry and Sphere","floor":29,"turns":5},{"damage":4,"enemies":"Centurion and Healer","floor":31,"turns":4},{"damage":42,"enemies":"Collector","floor":33,"turns":9},{"damage":7,"enemies":"3 Shapes","floor":35,"turns":5},{"damage":1,"enemies":"Orb Walker","floor":36,"turns":3},{"damage":7,"enemies":"Spire Growth","floor":38,"turns":4},{"damage":10,"enemies":"Sphere and 2 Shapes","floor":39,"turns":7},{"damage":8,"enemies":"3 Darklings","floor":41,"turns":5},{"damage":32,"enemies":"Giant Head","floor":45,"turns":10},{"damage":22,"enemies":"Transient","floor":47,"turns":5},{"damage":15,"enemies":"Jaw Worm Horde","floor":48,"turns":3},{"damage":37,"enemies":"Donu and Deca","floor":50,"turns":8}],"seed_played":"-3123934605719349172","potions_obtained":[{"floor":1,"key":"GamblersBrew"},{"floor":8,"key":"SpeedPotion"},{"floor":16,"key":"SpeedPotion"},{"floor":28,"key":"Regen Potion"},{"floor":33,"key":"EssenceOfSteel"},{"floor":41,"key":"FearPotion"},{"floor":45,"key":"GamblersBrew"},{"floor":47,"key":"Swift Potion"}],"is_trial":false,"path_per_floor":["M","?","$","?","M","E","R","E","T","R","M","T","M","?","R","B",null,"M","M","M","?","$","R","T","M","T","R","M","M","$","M","R","B",null,"M","M","?","M","M","R","M","R","T","R","E","?","M","M","R","B",null],"character_chosen":"THE_SILENT","items_purchased":["Lee\u0027s Waffle"],"campfire_rested":2,"item_purchase_floors":[22],"current_hp_per_floor":[70,70,70,70,70,70,70,46,46,46,46,46,45,45,66,23,70,59,54,44,44,77,77,87,87,87,87,83,84,84,80,80,50,87,80,79,79,72,62,62,54,54,54,54,34,87,65,50,76,50],"gold":320,"neow_bonus":"THREE_ENEMY_KILL","is_prod":false,"is_daily":false,"chose_seed":false,"campfire_upgraded":8,"win_rate":0,"timestamp":1559240161,"path_taken":["M","?","$","?","M","E","R","E","T","R","?","?","M","?","R","BOSS","M","?","M","?","$","R","?","M","T","R","?","M","?","M","R","BOSS","M","?","?","?","M","R","M","R","T","R","E","?","M","M","R","BOSS"],"build_version":"2019-05-28","purchased_purges":0,"victory":true,"max_hp_per_floor":[70,70,70,70,70,70,70,70,70,70,70,70,70,70,70,70,70,70,70,70,70,77,77,87,87,87,87,87,87,87,87,87,87,87,87,87,87,87,87,87,87,87,87,87,87,87,87,87,87,87],"card_choices":[{"not_picked":["Terror","Concentrate"],"picked":"Riddle With Holes","floor":1},{"not_picked":["Finisher","Sucker Punch"],"picked":"Heel Hook","floor":5},{"not_picked":["All Out Attack","PiercingWail"],"picked":"Leg Sweep","floor":6},{"not_picked":["Backflip","Finisher"],"picked":"Well Laid Plans","floor":8},{"not_picked":["Deadly Poison","Blade Dance"],"picked":"Outmaneuver","floor":11},{"not_picked":["Dagger Throw","Crippling Poison"],"picked":"Tactician","floor":13},{"not_picked":["Glass Knife","Storm of Steel+1"],"picked":"Die Die Die","floor":16},{"not_picked":["Dagger Throw","Flying Knee+1"],"picked":"Cloak And Dagger+1","floor":18},{"not_picked":["Predator","Poisoned Stab"],"picked":"Cloak And Dagger+1","floor":19},{"not_picked":["Flying Knee","Bane+1"],"picked":"Slice","floor":20},{"not_picked":["Backflip+1","Storm of Steel+1"],"picked":"Acrobatics+1","floor":25},{"not_picked":["Leg Sweep+1","Dash+1"],"picked":"Crippling Poison+1","floor":28},{"not_picked":["Cloak And Dagger+1","Dagger Throw"],"picked":"Underhanded Strike+1","floor":29},{"not_picked":["Cloak And Dagger+1","Slice"],"picked":"Heel Hook+1","floor":31},{"not_picked":["Glass Knife","Phantasmal Killer+1"],"picked":"Malaise+1","floor":33},{"not_picked":["Underhanded Strike","Flying Knee"],"picked":"Expertise+1","floor":35},{"not_picked":["Dodge and Roll+1","Flying Knee+1"],"picked":"Backflip+1","floor":36},{"not_picked":["Caltrops","Predator+1"],"picked":"A Thousand Cuts","floor":38},{"not_picked":["Dagger Throw","Blade Dance+1"],"picked":"Cloak And Dagger+1","floor":39},{"not_picked":["Dagger Spray+1","Deflect+1"],"picked":"Footwork","floor":41},{"not_picked":["Backflip+1","Underhanded Strike"],"picked":"Concentrate+1","floor":45},{"not_picked":["Blade Dance+1","Dodge and Roll+1"],"picked":"Reflex+1","floor":47},{"not_picked":["Heel Hook","Sucker Punch+1"],"picked":"Cloak And Dagger+1","floor":48}],"player_experience":405897,"relics_obtained":[{"floor":6,"key":"Smiling Mask"},{"floor":8,"key":"The Courier"},{"floor":9,"key":"Pen Nib"},{"floor":12,"key":"Meat on the Bone"},{"floor":24,"key":"Pear"},{"floor":26,"key":"StoneCalendar"},{"floor":34,"key":"Shuriken"},{"floor":34,"key":"War Paint"},{"floor":34,"key":"Du-Vu Doll"},{"floor":43,"key":"Pantograph"},{"floor":45,"key":"Peace Pipe"}],"event_choices":[{"damage_healed":0,"gold_gain":0,"player_choice":"Grow","damage_taken":0,"max_hp_gain":0,"max_hp_loss":0,"event_name":"Living Wall","floor":2,"gold_loss":0,"cards_upgraded":["Neutralize"]},{"cards_removed":["Strike_G"],"damage_healed":0,"gold_gain":0,"player_choice":"Offered Basic","damage_taken":0,"max_hp_gain":0,"max_hp_loss":0,"event_name":"Bonfire Elementals","floor":4,"gold_loss":0},{"damage_healed":0,"gold_gain":0,"player_choice":"Paid Gold","damage_taken":0,"relics_obtained":["Toxic Egg 2"],"max_hp_gain":0,"max_hp_loss":0,"event_name":"WeMeetAgain","floor":14,"gold_loss":120},{"cards_removed":["Strike_G"],"damage_healed":0,"gold_gain":0,"player_choice":"Gave Gold","damage_taken":0,"max_hp_gain":0,"max_hp_loss":0,"event_name":"Beggar","floor":21,"gold_loss":75},{"damage_healed":0,"gold_gain":0,"player_choice":"1 cards matched","damage_taken":0,"max_hp_gain":0,"max_hp_loss":0,"event_name":"Match and Keep!","floor":37,"gold_loss":0,"cards_obtained":["Neutralize"]},{"damage_healed":53,"gold_gain":0,"player_choice":"Heal","damage_taken":0,"max_hp_gain":0,"max_hp_loss":0,"event_name":"MindBloom","floor":46,"gold_loss":0,"cards_obtained":["Doubt"]}],"is_beta":true,"boss_relics":[{"not_picked":["Eternal Feather","Runic Pyramid"],"picked":"Astrolabe"},{"not_picked":["Coffee Dripper","Pandora\u0027s Box"],"picked":"Calling Bell"}],"items_purged_floors":[],"is_endless":false,"potions_floor_spawned":[1,8,16,28,33,41,45,47],"ascension_level":0}