{"gold_per_floor":[215,215,140,160,160,160,194,194,217,117,117,136,151,174,174,299,299,224,224,247,122,122,122,140,140,140,165,165,165],"floor_reached":29,"playtime":3787,"items_purged":["Defend_G","Strike_G","Strike_G"],"score":254,"play_id":"222c4faa-982b-4905-bfc9-2d5af1e6ef6c","local_time":"20190510093628","is_ascension_mode":true,"campfire_choices":[{"floor":8.0,"key":"REST"},{"data":"Dash","floor":11.0,"key":"SMITH"},{"floor":15.0,"key":"REST"},{"data":"Corpse Explosion","floor":23.0,"key":"SMITH"}],"neow_cost":"NONE","seed_source_timestamp":0,"circlet_count":0,"master_deck":["Defend_G","Defend_G+1","Defend_G","Strike_G","Strike_G","Survivor+1","Neutralize","Dash+1","Acrobatics","Flying Knee","Caltrops","Footwork","Corpse Explosion+1","Escape Plan","Backflip+1"],"special_seed":0,"relics":["Ring of the Snake","Golden Idol","War Paint","Omamori","Black Star","Strawberry","Pantograph"],"potions_floor_usage":[29],"damage_taken":[{"damage":3.0,"enemies":"Jaw Worm","floor":1.0,"turns":6.0},{"damage":0.0,"enemies":"Small Slimes","floor":4.0,"turns":3.0},{"damage":29.0,"enemies":"3 Sentries","floor":7.0,"turns":14.0},{"damage":0.0,"enemies":"Cultist","floor":12.0,"turns":3.0},{"damage":12.0,"enemies":"Exordium Thugs","floor":13.0,"turns":5.0},{"damage":0.0,"enemies":"Gremlin Gang","floor":14.0,"turns":5.0},{"damage":77.0,"enemies":"Slime Boss","floor":16.0,"turns":21.0},{"damage":17.0,"enemies":"2 Thieves","floor":18.0,"turns":5.0},{"damage":0.0,"enemies":"Shell Parasite","floor":20.0,"turns":9.0},{"damage":32.0,"enemies":"Cultist and Chosen","floor":24.0,"turns":7.0},{"damage":2,"enemies":"3 Cultists","floor":27,"turns":3},{"damage":45,"enemies":"Slavers","floor":29,"turns":5}],"seed_played":"7197901420303971974","potions_obtained":[{"floor":4.0,"key":"Weak Potion"},{"floor":13.0,"key":"FairyPotion"},{"floor":24.0,"key":"AttackPotion"}],"is_trial":false,"path_per_floor":["M","?","$","M","?","?","E","R","T","$","R","M","M","M","R","B",null,"M","?","M","$","?","R","M","T","T","M","?","E"],"character_chosen":"THE_SILENT","items_purchased":[],"campfire_rested":2,"item_purchase_floors":[],"current_hp_per_floor":[67,67,67,67,67,60,31,52,52,52,52,52,40,40,61,4,70,53,70,70,70,70,70,38,45,45,43,43,0],"gold":165,"neow_bonus":"HUNDRED_GOLD","is_prod":false,"is_daily":false,"chose_seed":false,"campfire_upgraded":2,"win_rate":0,"timestamp":1557473788,"path_taken":["M","?","$","M","?","?","E","R","T","?","R","M","?","M","R","BOSS","M","?","?","?","?","R","?","?","T","M","?","E"],"build_version":"2019-01-23","purchased_purges":3,"victory":false,"max_hp_per_floor":[70,70,70,70,70,70,70,70,70,70,70,70,70,70,70,70,70,70,70,70,70,70,70,70,77,77,77,77,77],"card_choices":[{"not_picked":["Underhanded Strike","Bane"],"picked":"Dash","floor":1.0},{"not_picked":["PiercingWail","Outmaneuver"],"picked":"Acrobatics","floor":4.0},{"not_picked":["Underhanded Strike","Outmaneuver"],"picked":"Flying Knee","floor":7.0},{"not_picked":["Expertise","Dodge and Roll"],"picked":"Caltrops","floor":12.0},{"not_picked":["Acrobatics","Dodge and Roll"],"picked":"Endless Agony","floor":13.0},{"not_picked":["Flying Knee","Backflip"],"picked":"Footwork","floor":14.0},{"not_picked":["Tools of the Trade","Grand Finale"],"picked":"Corpse Explosion","floor":16.0},{"not_picked":["Deflect","Deadly Poison","Outmaneuver"],"picked":"SKIP","floor":18.0},{"not_picked":["PiercingWail","Slice"],"picked":"Escape Plan","floor":20.0},{"not_picked":["Cloak And Dagger","Predator+1"],"picked":"Backflip+1","floor":24.0},{"not_picked":["Reflex","Deadly Poison","Acrobatics+1"],"picked":"SKIP","floor":27}],"player_experience":126074,"relics_obtained":[{"floor":7.0,"key":"War Paint"},{"floor":9.0,"key":"Omamori"},{"floor":25.0,"key":"Strawberry"},{"floor":26,"key":"Pantograph"}],"event_choices":[{"cards_removed":["Strike_G"],"damage_healed":0.0,"max_hp_gain":0.0,"max_hp_loss":0.0,"gold_gain":0.0,"event_name":"Living Wall","player_choice":"Forget","floor":2.0,"gold_loss":0.0,"damage_taken":0.0},{"damage_healed":0.0,"max_hp_gain":0.0,"max_hp_loss":0.0,"gold_gain":0.0,"event_name":"Golden Idol","player_choice":"Take Wound","floor":5.0,"gold_loss":0.0,"damage_taken":0.0,"relics_obtained":["Golden Idol"],"cards_obtained":["Injury"]},{"cards_removed":["Injury"],"damage_healed":0.0,"max_hp_gain":0.0,"max_hp_loss":0.0,"gold_gain":0.0,"event_name":"Golden Wing","player_choice":"Card Removal","floor":6.0,"gold_loss":0.0,"damage_taken":7.0},{"cards_removed":["Endless Agony"],"damage_healed":17.0,"max_hp_gain":0.0,"max_hp_loss":0.0,"gold_gain":0.0,"event_name":"Bonfire Elementals","player_choice":"Offered Uncommon","floor":19.0,"gold_loss":0.0,"damage_taken":0.0},{"cards_removed":["Defend_G"],"damage_healed":0.0,"max_hp_gain":0.0,"max_hp_loss":0.0,"gold_gain":0.0,"event_name":"Purifier","player_choice":"Purged","floor":22.0,"gold_loss":0.0,"damage_taken":0.0},{"damage_healed":0,"gold_gain":0,"player_choice":"Ignored","damage_taken":0,"max_hp_gain":0,"max_hp_loss":0,"event_name":"Vampires","floor":28,"gold_loss":0}],"is_beta":false,"boss_relics":[{"not_picked":["Velvet Choker","Tiny House"],"picked":"Black Star"}],"items_purged_floors":[3,10,21],"is_endless":false,"potions_floor_spawned":[4,13,24],"killed_by":"Slavers","ascension_level":3}