{"gold_per_floor":[20,20,195,214,314,344,344,372,395,395,406,424,458,458],"floor_reached":14,"playtime":654,"items_purged":[],"score":157,"play_id":"45ba91d5-b1d2-4f71-b153-5d1cf95f57b1","local_time":"20180907074755","is_ascension_mode":true,"campfire_choices":[{"data":"Bash","floor":7,"key":"SMITH"},{"floor":10,"key":"REST"}],"neow_cost":"CURSE","seed_source_timestamp":1723641615602857,"circlet_count":0,"master_deck":["Strike_R","Strike_R","Strike_R","Strike_R","Strike_R","Defend_R","Defend_R","Defend_R","Defend_R","Bash+1","Normality","Metallicize","Doubt","Sword Boomerang","Offering","Battle Trance","Clothesline","Flex"],"relics":["Burning Blood","Boot","Vajra","Strawberry","Blue Candle"],"potions_floor_usage":[8,8],"damage_taken":[{"damage":7,"enemies":"Jaw Worm","floor":1,"turns":3},{"damage":0,"enemies":"2 Louse","floor":4,"turns":3},{"damage":43,"enemies":"Gremlin Nob","floor":6,"turns":6},{"damage":38,"enemies":"Lagavulin","floor":8,"turns":6},{"damage":0,"enemies":"Cultist","floor":11,"turns":3},{"damage":3,"enemies":"3 Louse","floor":12,"turns":5},{"damage":38,"enemies":"3 Sentries","floor":13,"turns":11},{"damage":20,"enemies":"Gremlin Gang","floor":14,"turns":3}],"seed_played":"4492028175256782642","potions_obtained":[{"floor":1,"key":"SpeedPotion"},{"floor":4,"key":"PowerPotion"},{"floor":6,"key":"Dexterity Potion"},{"floor":11,"key":"Dexterity Potion"}],"is_trial":false,"path_per_floor":["M","$","?","M","?","E","R","E","T","R","M","M","E"],"character_chosen":"IRONCLAD","items_purchased":[],"campfire_rested":1,"item_purchase_floors":[],"current_hp_per_floor":[71,71,71,77,77,40,40,8,15,41,47,50,18,0],"gold":458,"neow_bonus":"TWO_FIFTY_GOLD","is_prod":false,"is_daily":false,"chose_seed":false,"campfire_upgraded":1,"win_rate":0,"timestamp":1536299275,"path_taken":["M","$","?","?","?","E","R","E","T","R","M","M","E","M"],"build_version":"2018-09-06","purchased_purges":0,"victory":false,"max_hp_per_floor":[80,80,80,80,80,80,80,80,87,87,87,87,87,87],"card_choices":[{"not_picked":["Corruption","Heavy Blade"],"picked":"Metallicize","floor":1},{"not_picked":["Corruption","Heavy Blade"],"picked":"Sword Boomerang","floor":4},{"not_picked":["Warcry","Flex"],"picked":"Offering","floor":6},{"not_picked":["Blood for Blood","Cleave"],"picked":"Battle Trance","floor":8},{"not_picked":["Defy Death","Twin Strike"],"picked":"Clothesline","floor":11},{"not_picked":["Cleave","Power Through"],"picked":"Flex","floor":13}],"player_experience":1212752,"relics_obtained":[{"floor":6,"key":"Boot"},{"floor":8,"key":"Vajra"},{"floor":9,"key":"Strawberry"},{"floor":13,"key":"Blue Candle"}],"event_choices":[{"event_name":"Liars Game","player_choice":"agreed","floor":3,"damage_taken":0},{"event_name":"Golden Shrine","player_choice":"Pray","floor":5,"damage_taken":0}],"is_beta":false,"boss_relics":[],"items_purged_floors":[],"is_endless":false,"potions_floor_spawned":[1,4,6,11],"killed_by":"Gremlin Gang","ascension_level":9}