{"gold_per_floor":[118,128,128,142,142,142,173,173,197,207,237,237,7,38,38,38],"floor_reached":16,"playtime":419,"items_purged":["Strike_R"],"score":201,"play_id":"1ddccba7-bfd0-42cd-a5d2-77ad6c1b778d","local_time":"20190522212822","is_ascension_mode":true,"campfire_choices":[{"data":"Flame Barrier","floor":6.0,"key":"SMITH"},{"data":"Feed","floor":8.0,"key":"SMITH"},{"data":"Bash","floor":12.0,"key":"SMITH"},{"data":"Heavy Blade","floor":15,"key":"SMITH"}],"neow_cost":"NONE","seed_source_timestamp":195566795323599,"circlet_count":0,"master_deck":["AscendersBane","Strike_R","Strike_R","Defend_R","Defend_R+1","Defend_R+1","Bash+1","Flame Barrier+1","Heavy Blade+1","Shrug It Off","Feed+1","Flex"],"special_seed":0,"relics":["Burning Blood","Juzu Bracelet","Lantern","Centennial Puzzle","War Paint","Meat on the Bone"],"potions_floor_usage":[],"damage_taken":[{"damage":6.0,"enemies":"Cultist","floor":1.0,"turns":4.0},{"damage":1.0,"enemies":"Jaw Worm","floor":2.0,"turns":5.0},{"damage":0.0,"enemies":"2 Louse","floor":4.0,"turns":1.0},{"damage":20.0,"enemies":"Gremlin Nob","floor":7.0,"turns":5.0},{"damage":0.0,"enemies":"Large Slime","floor":10.0,"turns":8.0},{"damage":33.0,"enemies":"Lagavulin","floor":11.0,"turns":9.0},{"damage":19.0,"enemies":"Gremlin Nob","floor":14.0,"turns":4.0},{"damage":34,"enemies":"Hexaghost","floor":16,"turns":9}],"seed_played":"2134094167830200615","potions_obtained":[{"floor":1.0,"key":"Fire Potion"},{"floor":2.0,"key":"SkillPotion"},{"floor":4.0,"key":"Explosive Potion"},{"floor":7.0,"key":"Block Potion"}],"is_trial":false,"path_per_floor":["M","M","?","M","?","R","E","R","T","M","E","R","$","E","R","B"],"character_chosen":"IRONCLAD","items_purchased":["War Paint"],"campfire_rested":0,"item_purchase_floors":[13],"current_hp_per_floor":[68,73,66,72,72,72,58,58,58,68,41,41,41,32,32,0],"gold":38,"neow_bonus":"REMOVE_CARD","is_prod":false,"is_daily":false,"chose_seed":false,"campfire_upgraded":4,"win_rate":0,"timestamp":1558553302,"path_taken":["M","?","?","M","?","R","E","R","T","M","E","R","$","E","R","BOSS"],"build_version":"2019-01-23","purchased_purges":1,"victory":false,"max_hp_per_floor":[75,75,75,75,75,75,75,75,75,79,79,79,79,83,83,83],"card_choices":[{"not_picked":["Dual Wield","Power Through"],"picked":"Flame Barrier","floor":1.0},{"not_picked":["Sever Soul","Twin Strike"],"picked":"Heavy Blade","floor":2.0},{"not_picked":["Thunderclap","Reckless Charge"],"picked":"Shrug It Off","floor":4.0},{"not_picked":["Twin Strike","Wild Strike"],"picked":"Feed","floor":7.0},{"not_picked":["Pommel Strike","Power Through","Clash"],"picked":"SKIP","floor":10.0},{"not_picked":["Wild Strike","Carnage","Twin Strike"],"picked":"SKIP","floor":11.0},{"not_picked":["Reckless Charge","Blood for Blood"],"picked":"Flex","floor":14.0}],"player_experience":232396,"relics_obtained":[{"floor":7.0,"key":"Juzu Bracelet"},{"floor":9.0,"key":"Lantern"},{"floor":11.0,"key":"Centennial Puzzle"},{"floor":14.0,"key":"Meat on the Bone"}],"event_choices":[{"cards_removed":["Strike_R"],"damage_healed":0.0,"max_hp_gain":0.0,"max_hp_loss":0.0,"gold_gain":0.0,"event_name":"Golden Wing","player_choice":"Card Removal","floor":3.0,"gold_loss":0.0,"damage_taken":7.0},{"cards_removed":["Defend_R"],"damage_healed":0.0,"max_hp_gain":0.0,"max_hp_loss":0.0,"gold_gain":0.0,"event_name":"Purifier","player_choice":"Purged","floor":5.0,"gold_loss":0.0,"damage_taken":0.0}],"is_beta":false,"boss_relics":[],"items_purged_floors":[13],"is_endless":false,"potions_floor_spawned":[1,2,4,7],"killed_by":"Hexaghost","ascension_level":14}