{"gold_per_floor":[210,210,228,26,36,36,69,89,89,89,120,120,14,30,30,107,107,124,124,45,95,107,141,141,173,221,221,221,235,268,286,286,359,359,376,376,376,376,392,392,406,434,434,446,446,462,462,489,489,489],"floor_reached":51,"playtime":2859,"items_purged":["Defend_G"],"score":1972,"play_id":"22c18bd9-af4f-423e-8c76-451f7a9b13b8","local_time":"20180714111620","is_ascension_mode":true,"campfire_choices":[{"data":"Neutralize","floor":6.0,"key":"SMITH"},{"data":"Cloak And Dagger","floor":10.0,"key":"SMITH"},{"data":"Cloak And Dagger","floor":12.0,"key":"SMITH"},{"data":"Cloak And Dagger","floor":15.0,"key":"SMITH"},{"data":"Burst","floor":24.0,"key":"SMITH"},{"data":"Malaise","floor":27.0,"key":"SMITH"},{"data":"Cloak And Dagger","floor":32.0,"key":"SMITH"},{"data":"Footwork","floor":40,"key":"SMITH"},{"data":"PiercingWail","floor":45,"key":"SMITH"},{"data":"Leg Sweep","floor":47,"key":"SMITH"}],"neow_cost":"NONE","seed_source_timestamp":181668270004753,"circlet_count":0,"master_deck":["Defend_G","Defend_G","Defend_G","Defend_G","Strike_G","Strike_G","Strike_G","Survivor","Neutralize+1","AscendersBane","Cloak And Dagger+1","Cloak And Dagger+1","Cloak And Dagger+1","Backflip","Slice","ReplayTheSpireMod:Scrap Shanks","Finisher","Cloak And Dagger+1","Accuracy","Accuracy","PiercingWail+1","Burst+1","Well Laid Plans","Malaise+1","Cloak And Dagger+1","Footwork+1","Crippling Poison","After Image","Leg Sweep+1","Malaise+1","PiercingWail","Outmaneuver"],"special_seed":0,"relics":["Ring of the Snake","Mercury Hourglass","Shuriken","Orichalcum","Eternal Feather","Calipers","Counterbalance","Blood Vial","Paper Crane","Cursed Key","Sundial","Blue Doll","Snake Skull"],"potions_floor_usage":[33,37,50,50],"damage_taken":[{"damage":7.0,"enemies":"Small Slimes","floor":1.0,"turns":6.0},{"damage":2.0,"enemies":"Jaw Worm","floor":3.0,"turns":6.0},{"damage":0.0,"enemies":"Cultist","floor":5.0,"turns":4.0},{"damage":14.0,"enemies":"Gremlin Nob","floor":7.0,"turns":4.0},{"damage":0.0,"enemies":"Red Slaver","floor":8.0,"turns":4.0},{"damage":0.0,"enemies":"3 Sentries","floor":11.0,"turns":5.0},{"damage":3.0,"enemies":"Exordium Thugs","floor":14.0,"turns":4.0},{"damage":2.0,"enemies":"Hexaghost","floor":16.0,"turns":7.0},{"damage":7.0,"enemies":"2 Thieves","floor":18.0,"turns":4.0},{"damage":0.0,"enemies":"Spheric Guardian","floor":22.0,"turns":3.0},{"damage":24.0,"enemies":"Slavers","floor":23.0,"turns":6.0},{"damage":10.0,"enemies":"Book of Stabbing","floor":25.0,"turns":7.0},{"damage":0.0,"enemies":"Chosen and Byrds","floor":29.0,"turns":5.0},{"damage":6.0,"enemies":"Gremlin Leader","floor":30.0,"turns":6.0},{"damage":0.0,"enemies":"Sentry and Sphere","floor":31.0,"turns":3.0},{"damage":48,"enemies":"Automaton","floor":33,"turns":9},{"damage":0,"enemies":"Orb Walker","floor":35,"turns":3},{"damage":0,"floor":37,"turns":7},{"damage":1,"enemies":"3 Shapes","floor":39,"turns":4},{"damage":23,"enemies":"3 Darklings","floor":41,"turns":5},{"damage":0,"enemies":"Giant Head","floor":42,"turns":9},{"damage":5,"enemies":"Maw","floor":44,"turns":8},{"damage":7,"enemies":"4 Shapes","floor":46,"turns":11},{"damage":0,"enemies":"Nemesis","floor":48,"turns":9},{"damage":0,"enemies":"Time Eater","floor":50,"turns":16}],"seed_played":"-8499487999240007631","potions_obtained":[{"floor":1.0,"key":"SteroidPotion"},{"floor":7.0,"key":"Fire Potion"},{"floor":11.0,"key":"Explosive Potion"},{"floor":16.0,"key":"Swift Potion"},{"floor":18.0,"key":"Block Potion"},{"floor":22.0,"key":"Block Potion"},{"floor":31.0,"key":"Milkshake"},{"floor":35,"key":"Swift Potion"},{"floor":37,"key":"Block Potion"},{"floor":41,"key":"FearPotion"},{"floor":42,"key":"ReplayShieldPotion"}],"is_trial":false,"path_per_floor":["M","?","M","$","M","R","E","M","T","R","E","R","$","M","R","B",null,"M","?","$","?","M","E","R","E","T","R","?","M","E","M","R","B",null,"M","?","?","?","M","R","M","E","T","M","R","M","R","E","R","B"],"character_chosen":"THE_SILENT","items_purchased":["Cloak And Dagger","Backflip","Endless Agony","Accuracy","PiercingWail","Malaise"],"campfire_rested":0,"item_purchase_floors":[4,4,4,13,13,20],"current_hp_per_floor":[52,57,55,55,55,55,41,41,41,41,41,41,41,38,38,36,62,55,55,55,55,55,31,41,31,31,41,41,43,39,41,51,5,55,57,57,59,59,60,71,48,50,50,47,59,54,66,68,71,71],"gold":489,"neow_bonus":"HUNDRED_GOLD","is_prod":false,"is_daily":false,"chose_seed":false,"campfire_upgraded":10,"win_rate":0,"timestamp":1531559780,"path_taken":["M","?","M","$","?","R","E","M","T","R","E","R","$","M","R","BOSS","M","?","$","?","M","E","R","E","T","R","?","M","E","?","R","BOSS","M","?","?","?","M","R","M","E","T","M","R","M","R","E","R","BOSS"],"build_version":"2018-07-12","purchased_purges":1,"victory":true,"max_hp_per_floor":[66,71,71,71,71,71,71,71,71,71,71,71,71,71,71,71,71,71,71,71,71,71,71,71,71,71,71,71,71,71,71,71,71,71,71,71,71,71,71,71,71,71,71,71,71,71,71,71,71,71],"card_choices":[{"not_picked":["Outmaneuver","Sucker Punch"],"picked":"Cloak And Dagger","floor":1.0},{"not_picked":["Dagger Throw","Draining Mist"],"picked":"Cloak And Dagger","floor":3.0},{"not_picked":["Bouncing Flask","Escape Plan"],"picked":"Slice","floor":5.0},{"not_picked":["Concentrate","Tactician"],"picked":"ReplayTheSpireMod:Scrap Shanks","floor":7.0},{"not_picked":["Flying Knee","Deflect"],"picked":"Finisher","floor":8.0},{"not_picked":["Hidden Blade","Masterful Stab"],"picked":"Cloak And Dagger","floor":11.0},{"not_picked":["Wraith Form v2","Atom Bomb"],"picked":"Burst","floor":16.0},{"not_picked":["Hidden Blade","Dagger Throw"],"picked":"Well Laid Plans","floor":18.0},{"not_picked":["Flying Knee","Deflect"],"picked":"Cloak And Dagger+1","floor":22.0},{"not_picked":["Flying Knee","Choke"],"picked":"Footwork","floor":29.0},{"not_picked":["Sucker Punch","Cloak And Dagger"],"picked":"Crippling Poison","floor":31.0},{"not_picked":["Adrenaline","Envenom"],"picked":"After Image","floor":33},{"not_picked":["Concentrate","Expertise"],"picked":"Leg Sweep","floor":39},{"not_picked":["Finisher+1","Distraction+1"],"picked":"Malaise+1","floor":44},{"not_picked":["Deflect","Atom Bomb"],"picked":"PiercingWail","floor":48}],"player_experience":753125,"relics_obtained":[{"floor":7.0,"key":"Mercury Hourglass"},{"floor":9.0,"key":"Shuriken"},{"floor":11.0,"key":"Orichalcum"},{"floor":23.0,"key":"Calipers"},{"floor":25.0,"key":"Counterbalance"},{"floor":26.0,"key":"Blood Vial"},{"floor":30.0,"key":"Paper Crane"},{"floor":37,"key":"Sundial"},{"floor":42,"key":"Blue Doll"},{"floor":48,"key":"Snake Skull"}],"event_choices":[{"event_name":"Big Fish","player_choice":"Donut","floor":2.0,"damage_taken":0.0},{"event_name":"Back to Basics","player_choice":"Elegance","floor":19.0,"damage_taken":0.0},{"event_name":"Nest","player_choice":"Stole From Cult","floor":21.0,"damage_taken":0.0},{"event_name":"N\u0027loth","player_choice":"Ignored","floor":28.0,"damage_taken":0.0},{"event_name":"Falling","player_choice":"Removed Attack","floor":36,"damage_taken":0},{"event_name":"MindBloom","player_choice":"Fight","floor":37,"damage_taken":0},{"event_name":"Tomb of Lord Red Mask","player_choice":"Ignored","floor":38,"damage_taken":0}],"boss_relics":[{"not_picked":["Black Star","Runic Pyramid"],"picked":"Eternal Feather"},{"not_picked":["Snecko Scales","Snecko Eye"],"picked":"Cursed Key"}],"items_purged_floors":[4],"is_endless":false,"potions_floor_spawned":[1,7,11,16,18,22,31,35,37,41,42],"ascension_level":15}