{"gold_per_floor":[12,12,12,32,45,79,79,94,94,94,112,161,161,34,34,34],"floor_reached":16,"playtime":550,"items_purged":["Storm of Steel"],"score":135,"play_id":"cc22a70a-a675-4dac-b17e-06400a17cecf","local_time":"20190313155950","is_ascension_mode":true,"campfire_choices":[{"floor":7,"key":"REST"},{"floor":10,"key":"REST"},{"data":"Neutralize","floor":13,"key":"SMITH"},{"data":"Underhanded Strike","floor":15,"key":"SMITH"}],"neow_cost":"NO_GOLD","seed_source_timestamp":43881613382317,"circlet_count":0,"master_deck":["Defend_G","Defend_G","Defend_G","Defend_G","Defend_G","Strike_G","Strike_G","Strike_G","Strike_G","Survivor","Neutralize+1","Tools of the Trade","Quick Slash","Predator","Underhanded Strike+1"],"relics":["Ring of the Snake","Golden Idol","Unceasing Top","Tingsha","Blood Vial"],"potions_floor_usage":[6,6,16],"damage_taken":[{"damage":0,"enemies":"2 Louse","floor":1,"turns":3},{"damage":1,"enemies":"Cultist","floor":4,"turns":4},{"damage":6,"enemies":"Jaw Worm","floor":5,"turns":4},{"damage":30,"enemies":"Lagavulin","floor":6,"turns":7},{"damage":17,"enemies":"Exordium Thugs","floor":8,"turns":8},{"damage":3,"enemies":"Blue Slaver","floor":11,"turns":3},{"damage":33,"enemies":"Slime Boss","floor":16,"turns":7}],"seed_played":"4053288279696927845","potions_obtained":[{"floor":1,"key":"Energy Potion"},{"floor":4,"key":"Explosive Potion"},{"floor":5,"key":"LiquidBronze"},{"floor":8,"key":"Strength Potion"}],"is_trial":false,"path_per_floor":["M","?","?","M","M","E","R","M","T","R","M","T","R","$","R","B"],"character_chosen":"THE_SILENT","items_purchased":["Underhanded Strike"],"campfire_rested":2,"item_purchase_floors":[14],"current_hp_per_floor":[63,46,46,45,39,9,30,13,13,34,31,31,31,31,31,0],"gold":34,"neow_bonus":"THREE_RARE_CARDS","is_prod":false,"is_daily":false,"chose_seed":false,"campfire_upgraded":2,"win_rate":0,"timestamp":1552489190,"path_taken":["M","?","?","M","M","E","R","?","T","R","M","?","R","?","R","BOSS"],"build_version":"2019-01-23","purchased_purges":1,"victory":false,"max_hp_per_floor":[70,70,70,70,70,70,70,70,70,70,70,70,70,70,70,70],"card_choices":[{"not_picked":["Doppelganger","Storm of Steel"],"picked":"Tools of the Trade","floor":0},{"not_picked":["Caltrops","Cloak And Dagger"],"picked":"Quick Slash","floor":1},{"not_picked":["Masterful Stab","Catalyst"],"picked":"Predator","floor":4},{"not_picked":["Poisoned Stab","Skewer","Blade Dance"],"picked":"SKIP","floor":5},{"not_picked":["Distraction","Dodge and Roll","Finisher"],"picked":"SKIP","floor":6},{"not_picked":["Endless Agony","Sucker Punch","Deadly Poison"],"picked":"SKIP","floor":8},{"not_picked":["Quick Slash","Deflect","Riddle With Holes"],"picked":"SKIP","floor":11}],"player_experience":97518,"relics_obtained":[{"floor":6,"key":"Unceasing Top"},{"floor":9,"key":"Tingsha"},{"floor":12,"key":"Blood Vial"}],"event_choices":[{"damage_healed":0,"gold_gain":0,"player_choice":"Take Damage","damage_taken":17,"relics_obtained":["Golden Idol"],"max_hp_gain":0,"max_hp_loss":0,"event_name":"Golden Idol","floor":2,"gold_loss":0},{"damage_healed":0,"gold_gain":0,"cards_transformed":["Strike_G"],"player_choice":"Transformed","damage_taken":0,"max_hp_gain":0,"max_hp_loss":0,"event_name":"Transmorgrifier","floor":3,"gold_loss":0,"cards_obtained":["Storm of Steel"]}],"is_beta":false,"boss_relics":[],"items_purged_floors":[14],"is_endless":false,"potions_floor_spawned":[1,4,5,8],"killed_by":"Slime Boss","ascension_level":7}