{"gold_per_floor":[365,384,395,26,40,72,91,91,91,125,125,140,140,65,65,143,143,154,79,79,79,89,89,104,104,104,124,24,58,58,75,75,75],"floor_reached":33,"playtime":862,"items_purged":["Strike_G","Strike_G"],"score":485,"play_id":"2153a320-729a-471c-b73d-3ee286fbc996","local_time":"20190601003144","is_ascension_mode":true,"campfire_choices":[{"floor":8.0,"key":"REST"},{"data":"Deadly Poison","floor":15.0,"key":"SMITH"},{"data":"Malaise","floor":23,"key":"SMITH"},{"floor":25,"key":"REST"},{"floor":32,"key":"REST"}],"neow_cost":"TEN_PERCENT_HP_LOSS","seed_source_timestamp":393459801970621,"circlet_count":0,"master_deck":["AscendersBane","Defend_G","Defend_G","Defend_G","Defend_G","Defend_G","Strike_G","Strike_G","Survivor","Neutralize","Backflip","Slice","Noxious Fumes+1","Corpse Explosion+1","Glass Knife","PiercingWail","Glass Knife","Deflect","Deadly Poison+1","Malaise+1","Decay","Sucker Punch","Deflect"],"special_seed":0,"relics":["Ring of the Snake","Pen Nib","Letter Opener","PreservedInsect","Sozu","Strawberry","Mercury Hourglass"],"potions_floor_usage":[],"damage_taken":[{"damage":0.0,"enemies":"Cultist","floor":1.0,"turns":3.0},{"damage":11.0,"enemies":"Small Slimes","floor":2.0,"turns":5.0},{"damage":11.0,"enemies":"Jaw Worm","floor":3.0,"turns":4.0},{"damage":6.0,"enemies":"3 Louse","floor":5.0,"turns":3.0},{"damage":5.0,"enemies":"3 Sentries","floor":6.0,"turns":4.0},{"damage":1.0,"enemies":"Large Slime","floor":7.0,"turns":6.0},{"damage":12.0,"enemies":"Lagavulin","floor":10.0,"turns":5.0},{"damage":0.0,"enemies":"2 Fungi Beasts","floor":12.0,"turns":2.0},{"damage":18.0,"enemies":"The Guardian","floor":16.0,"turns":9.0},{"damage":12,"enemies":"2 Thieves","floor":18,"turns":4},{"damage":7,"enemies":"Shell Parasite","floor":22,"turns":5},{"damage":9,"enemies":"Centurion and Healer","floor":24,"turns":4},{"damage":17,"enemies":"Snecko","floor":27,"turns":5},{"damage":11,"enemies":"Slavers","floor":29,"turns":2},{"damage":8,"enemies":"Shelled Parasite and Fungi","floor":31,"turns":5},{"damage":32,"enemies":"Champ","floor":33,"turns":10}],"seed_played":"6381362818888764039","potions_obtained":[{"floor":2.0,"key":"EssenceOfSteel"},{"floor":5.0,"key":"FearPotion"},{"floor":7.0,"key":"SkillPotion"},{"floor":10.0,"key":"Explosive Potion"}],"is_trial":false,"path_per_floor":["M","M","M","$","M","E","M","R","T","E","?","M","?","?","R","B",null,"M","?","$","?","M","R","M","R","T","M","$","E","?","M","R","B"],"character_chosen":"THE_SILENT","items_purchased":["Noxious Fumes","Corpse Explosion","Glass Knife"],"campfire_rested":3,"item_purchase_floors":[4,4,4],"current_hp_per_floor":[59,48,37,37,31,26,25,43,43,31,31,31,46,46,46,28,50,38,38,38,38,31,31,22,39,46,29,29,18,18,10,29,0],"gold":75,"neow_bonus":"TWO_FIFTY_GOLD","is_prod":false,"is_daily":false,"chose_seed":false,"campfire_upgraded":2,"win_rate":0,"timestamp":1559341904,"path_taken":["M","?","?","$","M","E","M","R","T","E","?","M","?","?","R","BOSS","M","?","$","?","?","R","M","R","T","M","$","E","?","M","R","BOSS"],"build_version":"2019-01-23","purchased_purges":2,"victory":false,"max_hp_per_floor":[60,60,60,60,60,60,60,60,60,60,60,60,60,57,57,57,57,57,57,57,57,57,57,57,57,64,64,64,64,64,64,64,64],"card_choices":[{"not_picked":["Outmaneuver","Acrobatics"],"picked":"Backflip","floor":1.0},{"not_picked":["Bane","Prepared","Setup"],"picked":"SKIP","floor":2.0},{"not_picked":["Bane","Acrobatics"],"picked":"Slice","floor":3.0},{"not_picked":["Slice","Quick Slash"],"picked":"PiercingWail","floor":5.0},{"not_picked":["Underhanded Strike","Flechettes","Blade Dance"],"picked":"SKIP","floor":6.0},{"not_picked":["Slice","Flying Knee"],"picked":"Glass Knife","floor":7.0},{"not_picked":["Cloak And Dagger","Finisher"],"picked":"Deflect","floor":10.0},{"not_picked":["Eviscerate","Blade Dance"],"picked":"Deadly Poison","floor":12.0},{"not_picked":["Glass Knife","Night Terror"],"picked":"Malaise","floor":16.0},{"not_picked":["Reflex","Acrobatics","Tactician"],"picked":"SKIP","floor":18},{"not_picked":["Accuracy","Prepared","Tactician"],"picked":"SKIP","floor":22},{"not_picked":["Underhanded Strike","Cloak And Dagger","Quick Slash"],"picked":"SKIP","floor":24},{"not_picked":["Eviscerate","Terror"],"picked":"Sucker Punch","floor":27},{"not_picked":["Finisher","Riddle With Holes","Tactician"],"picked":"SKIP","floor":29},{"not_picked":["Bane","Predator"],"picked":"Deflect","floor":31}],"player_experience":282830,"relics_obtained":[{"floor":6.0,"key":"Pen Nib"},{"floor":9.0,"key":"Letter Opener"},{"floor":10.0,"key":"PreservedInsect"},{"floor":26,"key":"Strawberry"},{"floor":29,"key":"Mercury Hourglass"}],"event_choices":[{"damage_healed":0.0,"max_hp_gain":0.0,"max_hp_loss":0.0,"gold_gain":0.0,"event_name":"Living Wall","player_choice":"Grow","floor":11.0,"gold_loss":0.0,"damage_taken":0.0,"cards_upgraded":["Noxious Fumes"]},{"damage_healed":15.0,"max_hp_gain":0.0,"max_hp_loss":0.0,"gold_gain":0.0,"event_name":"Mushrooms","player_choice":"Healed and dodged fight","floor":13.0,"gold_loss":0.0,"damage_taken":0.0,"cards_obtained":["Parasite"]},{"cards_removed":["Parasite"],"damage_healed":0.0,"max_hp_gain":0.0,"max_hp_loss":0.0,"gold_gain":0.0,"event_name":"The Cleric","player_choice":"Card Removal","floor":14.0,"gold_loss":75.0,"damage_taken":0.0},{"cards_removed":["Strike_G"],"damage_healed":0,"gold_gain":0,"player_choice":"Gave Gold","damage_taken":0,"max_hp_gain":0,"max_hp_loss":0,"event_name":"Beggar","floor":19,"gold_loss":75},{"damage_healed":0,"gold_gain":0,"player_choice":"Smashed Altar","damage_taken":0,"max_hp_gain":0,"max_hp_loss":0,"event_name":"Forgotten Altar","floor":21,"gold_loss":0,"cards_obtained":["Decay"]},{"damage_healed":0,"gold_gain":0,"player_choice":"Upgraded","damage_taken":0,"max_hp_gain":0,"max_hp_loss":0,"event_name":"Upgrade Shrine","floor":30,"gold_loss":0,"cards_upgraded":["Corpse Explosion"]}],"is_beta":false,"boss_relics":[{"not_picked":["Runic Pyramid","Empty Cage"],"picked":"Sozu"}],"items_purged_floors":[4,28],"is_endless":false,"potions_floor_spawned":[2,5,7,10,18,29],"killed_by":"Champ","ascension_level":15}