{"gold_per_floor":[116,116,116,0,0,0,0,30,56,56,74,74,91,117,117,213,213,227,262,312,324,62,92,92,127,127,127,127,52,2,16,16,119,169,185,9,9,9,25,25,56,69,96,126,143,160,160,176,176,176],"floor_reached":51,"playtime":1738,"items_purged":["Defend_G","Strike_G","Strike_G","Strike_G"],"score":1288,"play_id":"e15434c4-e8de-4e42-b75a-7905eb01abff","local_time":"20190511173603","is_ascension_mode":true,"campfire_choices":[{"data":"Bouncing Flask","floor":6.0,"key":"SMITH"},{"data":"Backflip","floor":7.0,"key":"SMITH"},{"data":"Deadly Poison","floor":10.0,"key":"SMITH"},{"data":"Survivor","floor":12.0,"key":"SMITH"},{"floor":15.0,"key":"REST"},{"data":"Catalyst","floor":24.0,"key":"SMITH"},{"data":"Defend_G","floor":28.0,"key":"SMITH"},{"data":"Poisoned Stab","floor":32.0,"key":"SMITH"},{"data":"Burst","floor":40.0,"key":"SMITH"},{"floor":47,"key":"REST"},{"floor":49,"key":"REST"}],"neow_cost":"NONE","seed_source_timestamp":2666111803701221,"circlet_count":0,"master_deck":["AscendersBane","Defend_G+1","Defend_G+1","Defend_G+1","Survivor+1","Neutralize+1","Backflip+1","Bouncing Flask+1","Deadly Poison+1","Wraith Form v2+1","Tools of the Trade+1","Catalyst+1","Footwork+1","Bandage Up+1","Noxious Fumes+1","Poisoned Stab+1","Burst+1","Footwork+1","Noxious Fumes+1","Noxious Fumes+1"],"special_seed":0,"relics":["Ring of the Snake","Omamori","WingedGreaves","Happy Flower","PreservedInsect","Frozen Egg 2","Empty Cage","Red Mask","Gremlin Horn","Snake Skull","Bronze Scales","Smiling Mask","Tiny House","Vajra","Oddly Smooth Stone","Dodecahedron"],"potions_floor_usage":[50],"damage_taken":[{"damage":2.0,"enemies":"Small Slimes","floor":1.0,"turns":4.0},{"damage":15.0,"enemies":"Gremlin Nob","floor":8.0,"turns":4.0},{"damage":0.0,"enemies":"Jaw Worm","floor":11.0,"turns":4.0},{"damage":0.0,"enemies":"Cultist","floor":13.0,"turns":3.0},{"damage":15.0,"enemies":"3 Sentries","floor":14.0,"turns":7.0},{"damage":0.0,"enemies":"The Guardian","floor":16.0,"turns":8.0},{"damage":0.0,"enemies":"Spheric Guardian","floor":18.0,"turns":3.0},{"damage":3.0,"enemies":"Masked Bandits","floor":19.0,"turns":6.0},{"damage":2.0,"enemies":"3 Byrds","floor":21.0,"turns":5.0},{"damage":8.0,"enemies":"Book of Stabbing","floor":23.0,"turns":5.0},{"damage":6.0,"enemies":"Slavers","floor":25.0,"turns":5.0},{"damage":0.0,"enemies":"Cultist and Chosen","floor":31.0,"turns":4.0},{"damage":26.0,"enemies":"Automaton","floor":33.0,"turns":9.0},{"damage":3.0,"enemies":"3 Shapes","floor":35.0,"turns":4.0},{"damage":4.0,"enemies":"Orb Walker","floor":39.0,"turns":3.0},{"damage":1.0,"enemies":"Giant Head","floor":41.0,"turns":7.0},{"damage":3.0,"enemies":"Maw","floor":42.0,"turns":5.0},{"damage":9.0,"enemies":"Nemesis","floor":44.0,"turns":7.0},{"damage":3.0,"enemies":"Sphere and 2 Shapes","floor":45.0,"turns":5.0},{"damage":2,"enemies":"Jaw Worm Horde","floor":46,"turns":5},{"damage":3,"enemies":"Maw","floor":48,"turns":5},{"damage":63,"enemies":"Awakened One","floor":50,"turns":15}],"seed_played":"1135495287229279455","potions_obtained":[{"floor":8.0,"key":"Energy Potion"},{"floor":11.0,"key":"SpeedPotion"},{"floor":21.0,"key":"LiquidBronze"},{"floor":23.0,"key":"Dexterity Potion"},{"floor":33.0,"key":"FairyPotion"},{"floor":39.0,"key":"Explosive Potion"}],"is_trial":false,"path_per_floor":["M","?","?","$","?","R","R","E","T","R","M","R","M","E","R","B",null,"M","?","?","M","$","E","R","E","T","?","R","?","$","M","R","B",null,"M","$","?","?","M","R","E","M","T","E","M","M","R","M","R","B",null],"character_chosen":"THE_SILENT","items_purchased":["Bouncing Flask","Footwork+1","Bandage Up","Noxious Fumes+1","Flying Knee"],"campfire_rested":3,"item_purchase_floors":[4,22,22,36,36],"current_hp_per_floor":[61,47,44,44,44,44,44,29,29,29,29,29,29,14,35,35,61,61,58,58,56,56,52,52,50,50,50,50,50,50,54,54,32,66,69,69,69,69,71,71,74,71,71,66,69,73,75,75,75,24],"gold":176,"neow_bonus":"UPGRADE_CARD","is_prod":false,"is_daily":false,"chose_seed":false,"campfire_upgraded":8,"win_rate":0,"timestamp":1557588963,"path_taken":["M","?","?","$","?","R","R","E","T","R","M","R","M","E","R","BOSS","M","?","?","?","$","E","R","E","T","?","R","?","?","M","R","BOSS","M","$","?","?","M","R","E","M","T","E","M","M","R","M","R","BOSS"],"build_version":"2019-01-23","purchased_purges":4,"victory":true,"max_hp_per_floor":[70,70,70,70,70,70,70,70,70,70,70,70,70,70,70,70,70,70,70,70,70,70,70,70,70,70,70,70,70,70,70,70,70,75,75,75,75,75,75,75,75,75,75,75,75,75,75,75,75,75],"card_choices":[{"not_picked":["Dagger Throw","Distraction"],"picked":"Backflip","floor":1.0},{"not_picked":["Phantasmal Killer","Footwork"],"picked":"Deadly Poison","floor":8.0},{"not_picked":["Underhanded Strike","Backstab","Distraction"],"picked":"SKIP","floor":11.0},{"not_picked":["PiercingWail","Quick Slash","Outmaneuver"],"picked":"SKIP","floor":13.0},{"not_picked":["Leg Sweep","Underhanded Strike"],"picked":"Wraith Form v2","floor":14.0},{"not_picked":["Unload","Grand Finale"],"picked":"Tools of the Trade+1","floor":16.0},{"not_picked":["All Out Attack","Blade Dance"],"picked":"Catalyst","floor":18.0},{"not_picked":["Crippling Poison","Riddle With Holes","Sucker Punch"],"picked":"SKIP","floor":21.0},{"not_picked":["Flying Knee","Prepared"],"picked":"Noxious Fumes+1","floor":23.0},{"not_picked":["Glass Knife","Prepared","Concentrate"],"picked":"SKIP","floor":25.0},{"not_picked":["Riddle With Holes","Prepared"],"picked":"Poisoned Stab","floor":31.0},{"not_picked":["Unload","Tools of the Trade+1"],"picked":"Burst","floor":33.0},{"not_picked":["Deadly Poison","Acrobatics+1"],"picked":"Footwork+1","floor":35.0},{"not_picked":["Finisher+1","Prepared","Dagger Throw+1"],"picked":"SKIP","floor":39.0},{"not_picked":["Eviscerate","Blade Dance"],"picked":"Noxious Fumes+1","floor":41.0},{"not_picked":["Backstab+1","Accuracy+1","Dodge and Roll"],"picked":"SKIP","floor":42.0},{"not_picked":["Tactician","Slice+1","Deflect"],"picked":"SKIP","floor":44.0},{"not_picked":["Riddle With Holes+1","Dagger Throw","Catalyst"],"picked":"SKIP","floor":45.0},{"not_picked":["Blur","Poisoned Stab","Doppelganger"],"picked":"SKIP","floor":46},{"not_picked":["Crippling Poison","Outmaneuver","Prepared+1"],"picked":"SKIP","floor":48}],"player_experience":207023,"relics_obtained":[{"floor":8.0,"key":"Happy Flower"},{"floor":9.0,"key":"PreservedInsect"},{"floor":14.0,"key":"Frozen Egg 2"},{"floor":19.0,"key":"Red Mask"},{"floor":23.0,"key":"Gremlin Horn"},{"floor":25.0,"key":"Snake Skull"},{"floor":26.0,"key":"Bronze Scales"},{"floor":41.0,"key":"Vajra"},{"floor":43.0,"key":"Oddly Smooth Stone"},{"floor":44.0,"key":"Dodecahedron"}],"event_choices":[{"damage_healed":0.0,"max_hp_gain":0.0,"max_hp_loss":0.0,"gold_gain":0.0,"event_name":"Shining Light","player_choice":"Entered Light","floor":2.0,"gold_loss":0.0,"damage_taken":14.0,"cards_upgraded":["Defend_G","Defend_G"]},{"damage_healed":0.0,"max_hp_gain":0.0,"max_hp_loss":0.0,"gold_gain":0.0,"event_name":"Scrap Ooze","player_choice":"Success","floor":3.0,"gold_loss":0.0,"damage_taken":3.0,"relics_obtained":["Omamori"]},{"damage_healed":0.0,"max_hp_gain":0.0,"max_hp_loss":0.0,"gold_gain":0.0,"event_name":"Big Fish","player_choice":"Box","floor":5.0,"gold_loss":0.0,"damage_taken":0.0,"relics_obtained":["WingedGreaves"],"cards_obtained":["Regret"]},{"damage_healed":0.0,"max_hp_gain":0.0,"max_hp_loss":0.0,"gold_gain":0.0,"event_name":"Masked Bandits","player_choice":"Fought Bandits","floor":19.0,"gold_loss":0.0,"damage_taken":0.0},{"damage_healed":0.0,"max_hp_gain":0.0,"max_hp_loss":0.0,"gold_gain":100.0,"event_name":"The Joust","player_choice":"Bet on Murderer","floor":20.0,"gold_loss":50.0,"damage_taken":0.0},{"damage_healed":0.0,"max_hp_gain":0.0,"max_hp_loss":0.0,"gold_gain":0.0,"event_name":"The Mausoleum","player_choice":"Opened","floor":27.0,"gold_loss":0.0,"damage_taken":0.0,"relics_obtained":["Smiling Mask"]},{"cards_removed":["Strike_G"],"damage_healed":0.0,"max_hp_gain":0.0,"max_hp_loss":0.0,"gold_gain":0.0,"event_name":"Beggar","player_choice":"Gave Gold","floor":29.0,"gold_loss":75.0,"damage_taken":0.0},{"damage_healed":0.0,"max_hp_gain":0.0,"max_hp_loss":0.0,"gold_gain":0.0,"event_name":"Mysterious Sphere","player_choice":"Ignored","floor":37.0,"gold_loss":0.0,"damage_taken":0.0},{"cards_removed":["Flying Knee"],"damage_healed":0.0,"max_hp_gain":0.0,"max_hp_loss":0.0,"gold_gain":0.0,"event_name":"Falling","player_choice":"Removed Attack","floor":38.0,"gold_loss":0.0,"damage_taken":0.0}],"is_beta":false,"boss_relics":[{"not_picked":["Fusion Hammer","Coffee Dripper"],"picked":"Empty Cage"},{"not_picked":["Pandora\u0027s Box","WristBlade"],"picked":"Tiny House"}],"items_purged_floors":[4,22,30,36],"is_endless":false,"potions_floor_spawned":[8,11,14,16,21,23,33,39,42,44,45],"ascension_level":12}