{"gold_per_floor":[116,191,205,219,184,184,211,211,211,44,62,81,110,128,128,202,202,221,231,231,58,58],"floor_reached":22,"playtime":1231,"items_purged":[],"score":363,"play_id":"7a9e8e45-8a45-4c08-b0c2-9a484444386a","local_time":"20180917200845","is_ascension_mode":true,"campfire_choices":[{"data":"Neutralize","floor":6.0,"key":"SMITH"},{"floor":8.0,"key":"REST"},{"data":"Heel Hook","floor":15.0,"key":"SMITH"}],"neow_cost":"NONE","seed_source_timestamp":389426077124167,"circlet_count":0,"master_deck":["Defend_G","Defend_G","Defend_G","Defend_G","Defend_G","Strike_G","Strike_G","Strike_G","Strike_G","Strike_G","Survivor","Neutralize+1","AscendersBane","Backflip","Dagger Spray","Sucker Punch","Heel Hook+1","Deflect","Backstab","Poison Darts","Envenom","Fluid Movement+1"],"special_seed":0,"relics":["Ring of the Snake","Basket Of Snakes","Pen Nib","Vajra","Gremlin Horn","Velvet Choker","Enchiridion","Baseball"],"potions_floor_usage":[16,16,22],"damage_taken":[{"damage":7.0,"enemies":"Jaw Worm","floor":1.0,"turns":5.0},{"damage":1.0,"enemies":"2 Louse","floor":3.0,"turns":3.0},{"damage":0.0,"enemies":"Small Slimes","floor":4.0,"turns":4.0},{"damage":39.0,"enemies":"Lagavulin","floor":7.0,"turns":11.0},{"damage":7.0,"enemies":"Exordium Wildlife","floor":11.0,"turns":5.0},{"damage":0.0,"enemies":"Exordium Thugs","floor":12.0,"turns":4.0},{"damage":9.0,"enemies":"Erikyupuro","floor":13.0,"turns":5.0},{"damage":0.0,"enemies":"2 Fungi Beasts","floor":14.0,"turns":1.0},{"damage":27,"enemies":"Slime Boss","floor":16,"turns":9},{"damage":13,"enemies":"Shell Parasite","floor":18,"turns":5},{"damage":14,"enemies":"2 Thieves","floor":19,"turns":4},{"damage":13,"enemies":"Shelled Parasite and Fungi","floor":22,"turns":1}],"seed_played":"433921145593530128","potions_obtained":[{"floor":3.0,"key":"Milkshake"},{"floor":12.0,"key":"Ancient Potion"},{"floor":13.0,"key":"Strength Potion"},{"floor":14.0,"key":"GhostInAJar"},{"floor":19,"key":"Swift Potion"}],"is_trial":false,"path_per_floor":["M","?","M","M","?","R","E","R","T","$","M","M","E","M","R","B",null,"M","M","?","$"],"character_chosen":"THE_SILENT","items_purchased":["Vajra","Baseball"],"campfire_rested":1,"item_purchase_floors":[10,21],"current_hp_per_floor":[58,47,46,46,64,64,25,46,46,46,39,39,30,30,30,3,55,42,28,7,7,0],"gold":58,"neow_bonus":"TEN_PERCENT_HP_BONUS","is_prod":false,"is_daily":false,"chose_seed":false,"campfire_upgraded":2,"win_rate":0,"timestamp":1537207725,"path_taken":["M","?","M","M","?","R","E","R","T","?","M","?","E","M","R","BOSS","M","M","?","$","M"],"build_version":"2018-09-06","purchased_purges":0,"victory":false,"max_hp_per_floor":[72,72,72,72,72,72,72,72,72,72,72,72,72,72,72,72,72,72,72,72,72,72],"card_choices":[{"not_picked":["Bane","Accuracy"],"picked":"Backflip","floor":1.0},{"not_picked":["Riddle With Holes","Cloak And Dagger"],"picked":"Dagger Spray","floor":3.0},{"not_picked":["Blur","Distraction"],"picked":"Sucker Punch","floor":4.0},{"not_picked":["Blade Dance","Outmaneuver"],"picked":"Heel Hook","floor":7.0},{"not_picked":["Fluid Movement","Crippling Poison"],"picked":"Deflect","floor":12.0},{"not_picked":["Dagger Throw","Dagger Spray"],"picked":"Backstab","floor":13.0},{"not_picked":["Dodge and Roll","Bouncing Flask"],"picked":"Poison Darts","floor":14.0},{"not_picked":["A Thousand Cuts","Atom Bomb"],"picked":"Envenom","floor":16},{"not_picked":["Predator","Calculated Gamble"],"picked":"Fluid Movement+1","floor":19}],"player_experience":1099299,"relics_obtained":[{"floor":7.0,"key":"Basket Of Snakes"},{"floor":9.0,"key":"Pen Nib"},{"floor":13.0,"key":"Gremlin Horn"},{"floor":20,"key":"Enchiridion"}],"event_choices":[{"event_name":"World of Goop","player_choice":"Gather Gold","floor":2.0,"damage_taken":0.0},{"event_name":"The Cleric","player_choice":"Healed","floor":5.0,"damage_taken":0.0},{"event_name":"Cursed Tome","player_choice":"Obtained Book","floor":20,"damage_taken":0}],"is_beta":false,"boss_relics":[{"not_picked":["Pandora\u0027s Box","Empty Cage"],"picked":"Velvet Choker"}],"items_purged_floors":[],"is_endless":false,"potions_floor_spawned":[3,12,13,14,19],"killed_by":"Shelled Parasite and Fungi","ascension_level":17}