{"gold_per_floor":[117,192,192,203,303,303,337,352,376,220,238,272,354,366,366,466,466,477,488,508,508],"floor_reached":21,"playtime":481,"items_purged":["Regret"],"score":335,"play_id":"cb7f558e-65e3-4c1e-b6f1-f0a60dec36b4","local_time":"20190430214908","is_ascension_mode":true,"campfire_choices":[{"data":"Searing Blow","floor":6,"key":"SMITH"},{"data":"Searing Blow+1","floor":15,"key":"SMITH"}],"neow_cost":"NONE","seed_source_timestamp":1732233416506934,"circlet_count":0,"master_deck":["AscendersBane","Strike_R","Strike_R","Strike_R","Strike_R","Strike_R","Defend_R","Defend_R","Defend_R","Defend_R","Bash","Cleave","Searing Blow+2","Evolve","Bandage Up","Headbutt","Armaments","Juggernaut","Shrug It Off+1"],"relics":["Burning Blood","NeowsBlessing","Bag of Preparation","Vajra","Centennial Puzzle","Charon\u0027s Ashes","Sundial","Cursed Key"],"potions_floor_usage":[11,12,16,16,20],"damage_taken":[{"damage":0,"enemies":"Cultist","floor":1,"turns":1},{"damage":0,"enemies":"2 Louse","floor":4,"turns":1},{"damage":0,"enemies":"3 Sentries","floor":7,"turns":2},{"damage":17,"enemies":"Jaw Worm","floor":8,"turns":2},{"damage":13,"enemies":"Gremlin Gang","floor":11,"turns":2},{"damage":40,"enemies":"Lagavulin","floor":12,"turns":5},{"damage":17,"enemies":"Exordium Thugs","floor":14,"turns":3},{"damage":26,"enemies":"Slime Boss","floor":16,"turns":8},{"damage":22,"enemies":"Spheric Guardian","floor":18,"turns":4},{"damage":30,"enemies":"Shell Parasite","floor":19,"turns":4},{"damage":23,"enemies":"3 Cultists","floor":20,"turns":4},{"damage":36,"enemies":"Shelled Parasite and Fungi","floor":21,"turns":5}],"seed_played":"8036759707672987663","potions_obtained":[{"floor":4,"key":"FearPotion"},{"floor":7,"key":"AttackPotion"},{"floor":11,"key":"AttackPotion"},{"floor":14,"key":"Strength Potion"},{"floor":19,"key":"BloodPotion"}],"is_trial":false,"path_per_floor":["M","?","?","M","?","R","E","M","T","$","M","E","T","M","R","B",null,"M","M","M","M"],"character_chosen":"IRONCLAD","items_purchased":["Bandage Up"],"campfire_rested":0,"item_purchase_floors":[10],"current_hp_per_floor":[78,67,67,73,73,73,79,68,68,68,65,35,35,28,28,12,63,51,31,26,0],"gold":508,"neow_bonus":"THREE_ENEMY_KILL","is_prod":false,"is_daily":false,"chose_seed":false,"campfire_upgraded":2,"win_rate":0,"timestamp":1556653748,"path_taken":["M","?","?","M","?","R","E","?","T","$","M","E","?","M","R","BOSS","M","M","M","?"],"build_version":"2019-01-23","purchased_purges":1,"victory":false,"max_hp_per_floor":[80,80,80,80,80,80,80,80,80,80,80,80,80,80,80,80,80,80,80,80,80],"card_choices":[{"not_picked":["Feel No Pain","Disarm"],"picked":"Cleave","floor":1},{"not_picked":["Thunderclap","Rupture"],"picked":"Searing Blow","floor":4},{"not_picked":["Wild Strike","Shockwave","Combust"],"picked":"SKIP","floor":7},{"not_picked":["Sword Boomerang","Blood for Blood"],"picked":"Evolve","floor":8},{"not_picked":["Power Through","Spot Weakness"],"picked":"Headbutt","floor":11},{"not_picked":["Body Slam","True Grit"],"picked":"Armaments","floor":12},{"not_picked":["Clothesline","Flex","Clash"],"picked":"SKIP","floor":14},{"not_picked":["Impervious","Brutality"],"picked":"Juggernaut","floor":16},{"not_picked":["Inflame","Shockwave","Seeing Red"],"picked":"SKIP","floor":18},{"not_picked":["Cleave","Flex"],"picked":"Shrug It Off+1","floor":19},{"not_picked":["Heavy Blade+1","Perfected Strike","Power Through+1"],"picked":"SKIP","floor":20}],"player_experience":186796,"relics_obtained":[{"floor":7,"key":"Vajra"},{"floor":9,"key":"Centennial Puzzle"},{"floor":12,"key":"Charon\u0027s Ashes"},{"floor":13,"key":"Sundial"}],"event_choices":[{"damage_healed":0,"gold_gain":75,"player_choice":"Gather Gold","damage_taken":11,"max_hp_gain":0,"max_hp_loss":0,"event_name":"World of Goop","floor":2,"gold_loss":0},{"damage_healed":0,"gold_gain":0,"player_choice":"Box","damage_taken":0,"relics_obtained":["Bag of Preparation"],"max_hp_gain":0,"max_hp_loss":0,"event_name":"Big Fish","floor":3,"gold_loss":0,"cards_obtained":["Regret"]},{"damage_healed":0,"gold_gain":100,"player_choice":"Gold","damage_taken":0,"max_hp_gain":0,"max_hp_loss":0,"event_name":"Wheel of Change","floor":5,"gold_loss":0}],"is_beta":false,"boss_relics":[{"not_picked":["Ectoplasm","Lizard Tail"],"picked":"Cursed Key"}],"items_purged_floors":[10],"is_endless":false,"potions_floor_spawned":[4,7,11,14,19],"killed_by":"Shelled Parasite and Fungi","ascension_level":11}