{"gold_per_floor":[112,128,42,59,79,109,109,138,194,210,285,285,317,317,317,416,416,436,436,456,506,521,521,549,549,549,549,36,56,56,76,76,76],"floor_reached":33,"playtime":1837,"items_purged":[],"score":445,"play_id":"380af586-e8a6-43a6-b450-4032c581f03a","local_time":"20180805101510","is_ascension_mode":true,"campfire_choices":[{"data":"Chill","floor":7,"key":"SMITH"},{"floor":12,"key":"REST"},{"data":"Zap","floor":15,"key":"SMITH"},{"floor":23,"key":"REST"},{"data":"Blizzard","floor":25,"key":"SMITH"},{"data":"Glacier","floor":30,"key":"SMITH"},{"data":"Hologram","floor":32,"key":"SMITH"}],"neow_cost":"NONE","seed_source_timestamp":2080033144828650,"circlet_count":0,"master_deck":["Defend_B","Defend_B","Defend_B","Defend_B","Zap+1","Dualcast","AscendersBane","Ball Lightning","Double Energy","Chill+1","Go for the Eyes","Genetic Algorithm","Compile Driver","Rainbow","Hologram+1","Glacier+1","Core Surge","Double Energy+1","Streamline+1","Scrape+1","Stack","Blizzard+1","Stack","Hologram+1","Self Repair","Sunder+1"],"relics":["Lizard Tail","Torii","Vajra","Tiny Chest","Omamori","Astrolabe","Necronomicon","Strawberry","The Courier","Oddly Smooth Stone","Orichalcum","Mummified Hand"],"potions_floor_usage":[16,16,22,24,27,33],"damage_taken":[{"damage":6,"enemies":"Cultist","floor":1,"turns":4},{"damage":0,"enemies":"Small Slimes","floor":2,"turns":3},{"damage":7,"enemies":"Jaw Worm","floor":4,"turns":4},{"damage":7,"enemies":"Looter","floor":5,"turns":4},{"damage":15,"enemies":"Lagavulin","floor":6,"turns":7},{"damage":12,"enemies":"Gremlin Nob","floor":8,"turns":4},{"damage":1,"enemies":"Large Slime","floor":10,"turns":7},{"damage":11,"enemies":"Lagavulin","floor":13,"turns":6},{"damage":9,"enemies":"Hexaghost","floor":16,"turns":10},{"damage":20,"enemies":"Spheric Guardian","floor":18,"turns":4},{"damage":1,"enemies":"2 Thieves","floor":20,"turns":3},{"damage":14,"enemies":"Chosen and Byrds","floor":22,"turns":5},{"damage":48,"enemies":"Slavers","floor":24,"turns":8},{"damage":0,"enemies":"Snake Plant","floor":27,"turns":2},{"damage":0,"enemies":"Cultist and Chosen","floor":29,"turns":4},{"damage":0,"enemies":"Centurion and Healer","floor":31,"turns":7},{"damage":67,"enemies":"Collector","floor":33,"turns":10}],"seed_played":"-4220023691505680411","potions_obtained":[{"floor":5,"key":"Fire Potion"},{"floor":6,"key":"Energy Potion"},{"floor":8,"key":"AttackPotion"},{"floor":13,"key":"Regen Potion"},{"floor":20,"key":"FocusPotion"},{"floor":22,"key":"EssenceOfSteel"},{"floor":24,"key":"SmokeBomb"},{"floor":29,"key":"Weak Potion"}],"is_trial":false,"path_per_floor":["M","M","$","M","M","E","R","E","T","M","?","R","E","?","R","B",null,"M","?","M","?","M","R","E","R","T","M","$","M","R","M","R"],"character_chosen":"DEFECT","items_purchased":["Chill","Go for the Eyes","Self Repair","Oddly Smooth Stone","Orichalcum","Mummified Hand"],"campfire_rested":2,"item_purchase_floors":[3,3,28,28,28,28],"current_hp_per_floor":[62,62,62,55,48,33,33,21,21,20,9,31,20,20,20,26,63,43,27,26,26,12,34,36,36,36,36,36,43,43,50,50,0],"gold":76,"neow_bonus":"BOSS_RELIC","is_prod":false,"is_daily":false,"chose_seed":false,"campfire_upgraded":5,"win_rate":0,"timestamp":1533456910,"path_taken":["M","M","?","?","M","E","R","E","T","M","?","R","E","?","R","BOSS","M","?","M","?","?","R","E","R","T","M","$","M","R","M","R","BOSS"],"build_version":"2018-08-02","purchased_purges":0,"victory":false,"max_hp_per_floor":[75,75,75,75,75,75,75,75,75,75,75,75,75,75,75,75,75,75,75,75,75,75,75,82,82,82,82,82,82,82,82,82,82],"card_choices":[{"not_picked":["Redo","Conserve Battery"],"picked":"Ball Lightning","floor":1},{"not_picked":["Reprogram","Skim"],"picked":"Double Energy","floor":2},{"not_picked":["Streamline","Go for the Eyes"],"picked":"Genetic Algorithm","floor":4},{"not_picked":["Redo","Auto Shields"],"picked":"Compile Driver","floor":5},{"not_picked":["Rip and Tear","Barrage"],"picked":"Rainbow","floor":6},{"not_picked":["Sweeping Beam","Aggregate"],"picked":"Hologram","floor":8},{"not_picked":["Blizzard","FTL"],"picked":"Glacier","floor":13},{"not_picked":["Amplify","Thunder Strike"],"picked":"Core Surge","floor":16},{"not_picked":["Compile Driver","Steam Power"],"picked":"Stack","floor":18},{"not_picked":["Genetic Algorithm+1","Rebound+1"],"picked":"Blizzard","floor":20},{"not_picked":["Gash","Chill"],"picked":"Stack","floor":22},{"not_picked":["Redo","Rip and Tear"],"picked":"Hologram+1","floor":24},{"not_picked":["Rebound","Go for the Eyes"],"picked":"Sunder+1","floor":31}],"player_experience":912618,"relics_obtained":[{"floor":6,"key":"Torii"},{"floor":8,"key":"Vajra"},{"floor":9,"key":"Tiny Chest"},{"floor":13,"key":"Omamori"},{"floor":19,"key":"Necronomicon"},{"floor":24,"key":"Strawberry"},{"floor":26,"key":"The Courier"}],"event_choices":[{"event_name":"World of Goop","player_choice":"Gather Gold","floor":11,"damage_taken":0},{"event_name":"Bonfire Elementals","player_choice":"BASIC","floor":14,"damage_taken":0},{"event_name":"Cursed Tome","player_choice":"Obtained Book","floor":19,"damage_taken":0},{"event_name":"The Joust","player_choice":"Bet on Murderer","floor":21,"damage_taken":0}],"is_beta":false,"boss_relics":[{"not_picked":["Tiny House","Eternal Feather"],"picked":"Astrolabe"}],"items_purged_floors":[],"is_endless":false,"potions_floor_spawned":[5,6,8,10,13,20,22,24,29],"killed_by":"Collector","ascension_level":11}