{"gold_per_floor":[116,116,136,61,61,61,93,93,93,111,286,286,296,5,5,5],"floor_reached":16,"playtime":353,"items_purged":["Strike_B","Defend_B"],"score":123,"play_id":"75e33cd7-3f94-4b5c-978c-ad098fb6922a","local_time":"20190218173230","is_ascension_mode":true,"campfire_choices":[{"data":"Zap","floor":6,"key":"SMITH"},{"data":"Beam Cell","floor":12,"key":"SMITH"},{"data":"Dualcast","floor":15,"key":"SMITH"}],"neow_cost":"TEN_PERCENT_HP_LOSS","seed_source_timestamp":265948093752245,"circlet_count":0,"master_deck":["Strike_B","Strike_B+1","Defend_B+1","Defend_B","Zap+1","Dualcast+1","Beam Cell+1","Conserve Battery","Cold Snap","Doubt"],"relics":["Cracked Core","Ornamental Fan","Blue Candle","MealTicket"],"potions_floor_usage":[16,16,16],"damage_taken":[{"damage":5,"enemies":"Small Slimes","floor":1,"turns":3},{"damage":2,"enemies":"Jaw Worm","floor":3,"turns":3},{"damage":17,"enemies":"Lagavulin","floor":7,"turns":5},{"damage":1,"enemies":"Cultist","floor":10,"turns":3},{"damage":1,"enemies":"2 Fungi Beasts","floor":13,"turns":3},{"damage":49,"enemies":"Slime Boss","floor":16,"turns":10}],"seed_played":"-2849825372765806980","potions_obtained":[{"floor":3,"key":"LiquidBronze"},{"floor":7,"key":"Poison Potion"},{"floor":13,"key":"Weak Potion"}],"is_trial":false,"path_per_floor":["M","?","M","$","?","R","E","$","T","M","?","R","M","$","R","B"],"character_chosen":"DEFECT","items_purchased":["MealTicket"],"campfire_rested":0,"item_purchase_floors":[14],"current_hp_per_floor":[63,49,47,47,68,68,51,51,51,50,50,50,49,49,49,0],"gold":5,"neow_bonus":"REMOVE_TWO","is_prod":false,"is_daily":false,"chose_seed":false,"campfire_upgraded":3,"win_rate":0,"timestamp":1550507550,"path_taken":["M","?","M","$","?","R","E","?","T","M","?","R","M","$","R","BOSS"],"build_version":"2019-01-23","purchased_purges":2,"victory":false,"max_hp_per_floor":[68,68,68,68,68,68,68,68,68,68,68,68,68,68,68,68],"card_choices":[{"not_picked":["Turbo","Stack"],"picked":"Beam Cell","floor":1},{"not_picked":["Steam Power","Beam Cell","Turbo"],"picked":"SKIP","floor":3},{"not_picked":["Scrape","Beam Cell"],"picked":"Conserve Battery","floor":7},{"not_picked":["Consume","Scrape"],"picked":"Cold Snap","floor":10},{"not_picked":["Skim","Redo","Thunder Strike"],"picked":"SKIP","floor":13}],"player_experience":74020,"relics_obtained":[{"floor":7,"key":"Ornamental Fan"},{"floor":9,"key":"Blue Candle"}],"event_choices":[{"damage_healed":0,"gold_gain":0,"player_choice":"Entered Light","damage_taken":14,"max_hp_gain":0,"max_hp_loss":0,"event_name":"Shining Light","floor":2,"gold_loss":0,"cards_upgraded":["Defend_B","Strike_B"]},{"damage_healed":22,"gold_gain":0,"player_choice":"Banana","damage_taken":0,"max_hp_gain":0,"max_hp_loss":0,"event_name":"Big Fish","floor":5,"gold_loss":0},{"damage_healed":0,"gold_gain":175,"player_choice":"AGREE","damage_taken":0,"max_hp_gain":0,"max_hp_loss":0,"event_name":"Liars Game","floor":11,"gold_loss":0,"cards_obtained":["Doubt"]}],"is_beta":false,"boss_relics":[],"items_purged_floors":[4,14],"is_endless":false,"potions_floor_spawned":[3,7,13],"killed_by":"Slime Boss","ascension_level":5}