{"gold_per_floor":[115,65,76,94,94,94,121,121,170,170,188,206,220,145,145,246,246,259,259,105,205,205,205,205,223,223,2,22,22,49,68,68,68],"floor_reached":33,"playtime":844,"items_purged":["Regret","Strike_R","Defend_R"],"score":384,"play_id":"ec94188d-2dec-45f4-91b1-0576e777cc23","local_time":"20190404232715","is_ascension_mode":true,"campfire_choices":[{"data":"Cleave","floor":6.0,"key":"SMITH"},{"data":"Iron Wave","floor":8.0,"key":"SMITH"},{"floor":10.0,"key":"REST"},{"data":"Flame Barrier","floor":15.0,"key":"SMITH"},{"floor":23,"key":"REST"},{"data":"Enlightenment","floor":29,"key":"SMITH"},{"data":"Armaments","floor":32,"key":"SMITH"}],"neow_cost":"NONE","seed_source_timestamp":209653592254360,"circlet_count":0,"master_deck":["Strike_R","Strike_R","Defend_R","Defend_R","Bash+1","Cleave+1","Shrug It Off","Iron Wave+1","Flame Barrier+1","Double Tap","Cleave","Armaments+1","True Grit+1","Enlightenment+1","Cleave"],"special_seed":0,"relics":["Burning Blood","Boot","Bronze Scales","Lantern","Empty Cage","Gambling Chip","Kunai","Potion Belt","MutagenicStrength","Self Forming Clay","PreservedInsect"],"potions_floor_usage":[21,21,21,30,31],"damage_taken":[{"damage":7.0,"enemies":"Jaw Worm","floor":1.0,"turns":3.0},{"damage":1.0,"enemies":"Cultist","floor":3.0,"turns":3.0},{"damage":0.0,"enemies":"2 Louse","floor":4.0,"turns":3.0},{"damage":61.0,"enemies":"Lagavulin","floor":7.0,"turns":8.0},{"damage":3.0,"enemies":"Blue Slaver","floor":11.0,"turns":4.0},{"damage":8.0,"enemies":"Looter","floor":12.0,"turns":3.0},{"damage":1.0,"enemies":"3 Louse","floor":13.0,"turns":2.0},{"damage":13.0,"enemies":"The Guardian","floor":16.0,"turns":12.0},{"damage":8.0,"enemies":"2 Thieves","floor":18.0,"turns":3.0},{"damage":23,"enemies":"Colosseum Slavers","floor":21,"turns":5},{"damage":37,"enemies":"Colosseum Nobs","floor":21,"turns":4},{"damage":6,"enemies":"Spheric Guardian","floor":25,"turns":3},{"damage":4,"enemies":"3 Cultists","floor":28,"turns":4},{"damage":16,"enemies":"Slavers","floor":30,"turns":3},{"damage":2,"enemies":"Cultist and Chosen","floor":31,"turns":4},{"damage":65,"enemies":"Automaton","floor":33,"turns":6}],"seed_played":"-7653422666783835084","potions_obtained":[{"floor":1.0,"key":"LiquidBronze"},{"floor":11.0,"key":"Swift Potion"},{"floor":13.0,"key":"AttackPotion"},{"floor":16.0,"key":"Strength Potion"},{"floor":18.0,"key":"Ancient Potion"},{"floor":21,"key":"Dexterity Potion"},{"floor":30,"key":"Ancient Potion"},{"floor":31,"key":"Ancient Potion"}],"is_trial":false,"path_per_floor":["M","?","M","M","?","R","E","R","T","R","M","M","M","$","R","B",null,"M","?","$","?","T","R","?","M","T","$","M","R","E","M","R","B"],"character_chosen":"IRONCLAD","items_purchased":["Armaments","Enlightenment"],"campfire_rested":2,"item_purchase_floors":[20,27],"current_hp_per_floor":[71,71,76,80,80,80,25,25,25,49,52,50,55,55,55,48,72,70,70,70,22,22,46,46,46,46,46,48,48,38,42,42,0],"gold":68,"neow_bonus":"UPGRADE_CARD","is_prod":false,"is_daily":false,"chose_seed":false,"campfire_upgraded":5,"win_rate":0,"timestamp":1554413235,"path_taken":["M","?","M","M","?","R","E","R","T","R","M","?","?","$","R","BOSS","M","?","$","?","?","R","?","M","T","$","M","R","E","M","R","BOSS"],"build_version":"2019-01-23","purchased_purges":3,"victory":false,"max_hp_per_floor":[80,80,80,80,80,80,80,80,80,80,80,80,80,80,80,80,80,80,80,80,80,80,80,80,80,80,80,80,80,80,80,80,80],"card_choices":[{"not_picked":["Flame Barrier","Fire Breathing"],"picked":"Cleave","floor":1.0},{"not_picked":["Heavy Blade","Cleave"],"picked":"Shrug It Off","floor":3.0},{"not_picked":["Clash","Shockwave","Perfected Strike"],"picked":"SKIP","floor":4.0},{"not_picked":["Body Slam","Twin Strike"],"picked":"Iron Wave","floor":7.0},{"not_picked":["Anger","Shockwave","Armaments"],"picked":"SKIP","floor":11.0},{"not_picked":["Sword Boomerang","Battle Trance","Twin Strike"],"picked":"SKIP","floor":12.0},{"not_picked":["Shrug It Off","Sentinel"],"picked":"Flame Barrier","floor":13.0},{"not_picked":["Demon Form","Limit Break"],"picked":"Double Tap","floor":16.0},{"not_picked":["Clash","Havoc+1","True Grit"],"picked":"SKIP","floor":18.0},{"not_picked":["Sword Boomerang","Iron Wave"],"picked":"True Grit+1","floor":25},{"not_picked":["Hemokinesis+1","Warcry"],"picked":"Cleave","floor":28},{"not_picked":["Thunderclap","Wild Strike","Battle Trance"],"picked":"SKIP","floor":30},{"not_picked":["Shockwave","Feel No Pain","Thunderclap+1"],"picked":"SKIP","floor":31}],"player_experience":146057,"relics_obtained":[{"floor":7.0,"key":"Bronze Scales"},{"floor":9.0,"key":"Lantern"},{"floor":21,"key":"Gambling Chip"},{"floor":21,"key":"Kunai"},{"floor":22,"key":"Potion Belt"},{"floor":26,"key":"Self Forming Clay"},{"floor":30,"key":"PreservedInsect"}],"event_choices":[{"cards_removed":["Strike_R"],"damage_healed":0.0,"max_hp_gain":0.0,"max_hp_loss":0.0,"gold_gain":0.0,"event_name":"The Cleric","player_choice":"Card Removal","floor":2.0,"gold_loss":50.0,"damage_taken":0.0},{"damage_healed":0.0,"max_hp_gain":0.0,"max_hp_loss":0.0,"gold_gain":0.0,"event_name":"Big Fish","player_choice":"Box","floor":5.0,"gold_loss":0.0,"damage_taken":0.0,"relics_obtained":["Boot"],"cards_obtained":["Regret"]},{"damage_healed":0.0,"max_hp_gain":0.0,"max_hp_loss":0.0,"gold_gain":0.0,"event_name":"The Library","player_choice":"Read","floor":19.0,"gold_loss":0.0,"damage_taken":0.0,"cards_obtained":["Cleave"]},{"damage_healed":0,"gold_gain":0,"player_choice":"Fight","damage_taken":0,"max_hp_gain":0,"max_hp_loss":0,"event_name":"Colosseum","floor":21,"gold_loss":0},{"damage_healed":0,"gold_gain":0,"player_choice":"Fought Nobs","damage_taken":0,"max_hp_gain":0,"max_hp_loss":0,"event_name":"Colosseum","floor":21,"gold_loss":0},{"damage_healed":0,"gold_gain":0,"player_choice":"Inject Mutagens","damage_taken":0,"relics_obtained":["MutagenicStrength"],"max_hp_gain":0,"max_hp_loss":0,"event_name":"Drug Dealer","floor":24,"gold_loss":0}],"is_beta":false,"boss_relics":[{"not_picked":["Orrery","Runic Pyramid"],"picked":"Empty Cage"}],"items_purged_floors":[14,20,27],"is_endless":false,"potions_floor_spawned":[1,11,13,16,18,21,30,31],"killed_by":"Automaton","ascension_level":9}