{"gold_per_floor":[114,133,133,147,147,147,173,186,186,4,18,18,30,30,30,106,106,106,31,31,31,31,31,31,31,31,31,31,31,31,31,31,31,31,31,31,31,31,31,31,31,31,31,31,31,31,31,31,31,31,31,31,1,1,1],"floor_reached":55,"playtime":8558,"items_purged":["Strike_G"],"score":1240,"play_id":"3432633e-689d-4c59-a9ae-ffa6833509d9","local_time":"20190520152254","is_ascension_mode":true,"campfire_choices":[{"data":"Neutralize","floor":6,"key":"SMITH"},{"data":"Footwork","floor":12,"key":"SMITH"},{"data":"Noxious Fumes","floor":15,"key":"SMITH"},{"data":"After Image","floor":32,"key":"SMITH"},{"floor":40,"key":"RECALL"},{"data":"Burst","floor":42,"key":"SMITH"},{"data":"Setup","floor":49,"key":"SMITH"},{"data":"Night Terror","floor":52,"key":"SMITH"}],"neow_cost":"NONE","seed_source_timestamp":115169079132111,"circlet_count":0,"master_deck":["AscendersBane","Survivor","Neutralize+1","PiercingWail","Well Laid Plans","Backflip+1","After Image+1","Caltrops","Footwork+1","Noxious Fumes+1","Dash","Blade Dance","Adrenaline","Cloak And Dagger","Escape Plan","Predator","Deadly Poison","Prepared+1","Writhe","Crippling Poison","Ghostly","Ghostly","Ghostly","Ghostly","Ghostly","Terror","Escape Plan+1","Prepared+1","Night Terror","Noxious Fumes","Finisher","Dash","PiercingWail","Burst+1","Choke","Heel Hook","Bullet Time","Catalyst","Dodge and Roll+1","Dodge and Roll","Night Terror+1","Acrobatics","Cloak And Dagger","Setup+1","Well Laid Plans","Footwork+1","Dash","Finisher+1"],"relics":["Ring of the Snake","Meat on the Bone","The Courier","Blue Candle","Orichalcum","Ectoplasm","Torii","Tiny Chest","Happy Flower","Sundial","Pen Nib","Ninja Scroll","Pandora\u0027s Box","Art of War"],"potions_floor_usage":[7,23,23,41,41,46,55],"damage_taken":[{"damage":0,"enemies":"Jaw Worm","floor":1,"turns":5},{"damage":0,"enemies":"2 Louse","floor":2,"turns":2},{"damage":5,"enemies":"Cultist","floor":4,"turns":5},{"damage":31,"enemies":"Lagavulin","floor":7,"turns":12},{"damage":19,"enemies":"Exordium Thugs","floor":8,"turns":8},{"damage":0,"enemies":"Blue Slaver","floor":11,"turns":5},{"damage":0,"enemies":"3 Louse","floor":13,"turns":4},{"damage":23,"enemies":"The Guardian","floor":16,"turns":12},{"damage":2,"enemies":"Spheric Guardian","floor":18,"turns":7},{"damage":0,"enemies":"2 Thieves","floor":19,"turns":4},{"damage":24,"enemies":"Shelled Parasite and Fungi","floor":22,"turns":6},{"damage":27,"enemies":"Slavers","floor":23,"turns":6},{"damage":12,"enemies":"Gremlin Leader","floor":25,"turns":8},{"damage":0,"enemies":"Snake Plant","floor":28,"turns":5},{"damage":1,"enemies":"Book of Stabbing","floor":30,"turns":7},{"damage":0,"enemies":"Centurion and Healer","floor":31,"turns":10},{"damage":3,"enemies":"Collector","floor":33,"turns":12},{"damage":0,"enemies":"Orb Walker","floor":35,"turns":4},{"damage":0,"enemies":"3 Shapes","floor":36,"turns":5},{"damage":0,"enemies":"3 Darklings","floor":37,"turns":6},{"damage":0,"enemies":"Maw","floor":38,"turns":9},{"damage":31,"enemies":"Jaw Worm Horde","floor":41,"turns":6},{"damage":0,"enemies":"Writhing Mass","floor":44,"turns":7},{"damage":0,"enemies":"Maw","floor":45,"turns":7},{"damage":0,"enemies":"Transient","floor":46,"turns":5},{"damage":0,"enemies":"Jaw Worm Horde","floor":48,"turns":4},{"damage":2,"enemies":"Awakened One","floor":50,"turns":18},{"damage":7,"enemies":"Shield and Spear","floor":54,"turns":8},{"damage":49,"enemies":"The Heart","floor":55,"turns":6}],"seed_played":"3889490263043162554","potions_obtained":[{"floor":2,"key":"SkillPotion"},{"floor":13,"key":"EntropicBrew"},{"floor":16,"key":"Fire Potion"},{"floor":19,"key":"Regen Potion"},{"floor":23,"key":"Weak Potion"},{"floor":25,"key":"SpeedPotion"},{"floor":45,"key":"Fire Potion"},{"floor":48,"key":"Ancient Potion"}],"is_trial":false,"path_per_floor":["?","?","$","M","T","?","?","?","?","T","M","?","M","M","?"],"character_chosen":"THE_SILENT","items_purchased":["Footwork","Noxious Fumes","Dash"],"campfire_rested":0,"item_purchase_floors":[10,10,53],"current_hp_per_floor":[65,65,62,57,43,43,24,17,17,17,29,29,41,41,41,30,62,60,60,60,60,48,48,48,48,48,36,36,36,35,35,35,32,35,35,35,35,35,35,35,16,16,16,28,28,28,28,28,28,26,34,34,34,27,0],"gold":1,"neow_bonus":"TEN_PERCENT_HP_BONUS","is_prod":false,"is_daily":false,"chose_seed":false,"campfire_upgraded":7,"win_rate":0,"timestamp":1558380174,"path_taken":["M","M","?","M","?","R","E","M","T","?","?","R","M","?","R","BOSS","M","M","?","?","M","E","?","E","T","?","M","?","E","M","R","BOSS","M","?","M","M","?","R","?","R","T","M","?","M","?","M","R","BOSS","R","$","E","BOSS"],"build_version":"2019-01-23","purchased_purges":1,"victory":false,"max_hp_per_floor":[72,72,72,72,72,72,72,72,72,72,72,72,72,72,72,72,72,72,72,72,72,72,72,72,72,72,36,36,36,36,36,36,36,36,36,36,36,36,36,36,36,36,36,36,36,36,36,36,36,36,36,36,36,36,36],"card_choices":[{"not_picked":["Deadly Poison","Quick Slash"],"picked":"PiercingWail","floor":1},{"not_picked":["Cloak And Dagger","Choke"],"picked":"Well Laid Plans","floor":2},{"not_picked":["Deflect","PiercingWail"],"picked":"Backflip","floor":4},{"not_picked":["Cloak And Dagger","Accuracy"],"picked":"After Image","floor":7},{"not_picked":["Deflect","Bane"],"picked":"Caltrops","floor":8},{"not_picked":["Setup","Underhanded Strike"],"picked":"Dash","floor":11},{"not_picked":["Sucker Punch","All Out Attack"],"picked":"Blade Dance","floor":13},{"not_picked":["Doppelganger","Bullet Time"],"picked":"Adrenaline","floor":16},{"not_picked":["Dagger Spray","Calculated Gamble"],"picked":"Cloak And Dagger","floor":18},{"not_picked":["Dagger Throw","Tactician"],"picked":"Escape Plan","floor":19},{"not_picked":["Underhanded Strike","Flechettes"],"picked":"Deadly Poison","floor":22},{"not_picked":["Bane","Concentrate"],"picked":"Prepared+1","floor":23},{"not_picked":["Blade Dance","Flying Knee"],"picked":"Crippling Poison","floor":25},{"not_picked":["Backflip","Poisoned Stab+1"],"picked":"Terror","floor":28},{"not_picked":["Catalyst","Flechettes"],"picked":"Escape Plan+1","floor":30},{"not_picked":["Underhanded Strike","Flechettes"],"picked":"Prepared+1","floor":31},{"not_picked":["Envenom","Venomology"],"picked":"Night Terror","floor":33},{"not_picked":["Deadly Poison+1","Outmaneuver"],"picked":"Catalyst","floor":35},{"not_picked":["PiercingWail","Expertise"],"picked":"Dodge and Roll+1","floor":36},{"not_picked":["Flying Knee","Blade Dance"],"picked":"Dodge and Roll","floor":37},{"not_picked":["Bane","Slice"],"picked":"Night Terror","floor":38},{"not_picked":["Bane+1","Deadly Poison"],"picked":"Acrobatics","floor":41},{"not_picked":["Reflex","Dagger Spray+1"],"picked":"Cloak And Dagger","floor":44},{"not_picked":["Flying Knee","Dagger Spray"],"picked":"Setup","floor":45},{"not_picked":["Sucker Punch","Masterful Stab"],"picked":"Well Laid Plans","floor":46},{"not_picked":["Grand Finale","Acrobatics"],"picked":"Footwork+1","floor":48},{"not_picked":["Dagger Spray","Blade Dance"],"picked":"Finisher+1","floor":54}],"player_experience":584285,"relics_obtained":[{"floor":7,"key":"The Courier"},{"floor":9,"key":"Blue Candle"},{"floor":14,"key":"Orichalcum"},{"floor":23,"key":"Torii"},{"floor":25,"key":"Happy Flower"},{"floor":26,"key":"Sundial"},{"floor":29,"key":"Pen Nib"},{"floor":30,"key":"Ninja Scroll"},{"floor":54,"key":"Art of War"}],"event_choices":[{"damage_healed":0,"gold_gain":0,"player_choice":"Success","damage_taken":3,"relics_obtained":["Meat on the Bone"],"max_hp_gain":0,"max_hp_loss":0,"event_name":"Scrap Ooze","floor":3,"gold_loss":0},{"damage_healed":0,"gold_gain":0,"player_choice":"Entered Light","damage_taken":14,"max_hp_gain":0,"max_hp_loss":0,"event_name":"Shining Light","floor":5,"gold_loss":0,"cards_upgraded":["Strike_G","Backflip"]},{"damage_healed":0,"gold_gain":0,"player_choice":"Simplicity","damage_taken":0,"max_hp_gain":0,"max_hp_loss":0,"event_name":"Back to Basics","floor":20,"gold_loss":0,"cards_upgraded":["Defend_G","Defend_G","Defend_G","Defend_G","Defend_G","Strike_G","Strike_G","Strike_G"]},{"damage_healed":0,"gold_gain":0,"player_choice":"Read","damage_taken":0,"max_hp_gain":0,"max_hp_loss":0,"event_name":"The Library","floor":21,"gold_loss":0,"cards_obtained":["Predator"]},{"damage_healed":0,"gold_gain":0,"player_choice":"Opened","damage_taken":0,"relics_obtained":["Tiny Chest"],"max_hp_gain":0,"max_hp_loss":0,"event_name":"The Mausoleum","floor":24,"gold_loss":0,"cards_obtained":["Writhe"]},{"damage_healed":0,"gold_gain":0,"player_choice":"Became a Ghost","damage_taken":0,"max_hp_gain":0,"max_hp_loss":36,"event_name":"Ghosts","floor":27,"gold_loss":0,"cards_obtained":["Ghostly","Ghostly","Ghostly","Ghostly","Ghostly"]},{"damage_healed":0,"gold_gain":100,"player_choice":"Pray","damage_taken":0,"max_hp_gain":0,"max_hp_loss":0,"event_name":"Golden Shrine","floor":39,"gold_loss":0},{"cards_removed":["Quick Slash"],"damage_healed":0,"gold_gain":0,"player_choice":"Removed Attack","damage_taken":0,"max_hp_gain":0,"max_hp_loss":0,"event_name":"Falling","floor":47,"gold_loss":0}],"is_beta":false,"boss_relics":[{"not_picked":["Tiny House","Black Star"],"picked":"Ectoplasm"},{"not_picked":["HoveringKite","Velvet Choker"],"picked":"Pandora\u0027s Box"}],"items_purged_floors":[10],"is_endless":false,"potions_floor_spawned":[2,13,16,19,23,25,28,30,36,38,45,48],"killed_by":"The Heart","ascension_level":14}