{"gold_per_floor":[364,364,376,338,370,418,430,475,510,141,141,156,172,1,1,90,90,110,126,126],"floor_reached":20,"playtime":559,"items_purged":["Defend_G","Strike_G"],"score":383,"play_id":"53fb29ad-d3ad-40b7-9607-6ca2335f6079","local_time":"20190515214122","is_ascension_mode":true,"campfire_choices":[{"floor":7,"key":"REST"},{"floor":15,"key":"REST"}],"neow_cost":"TEN_PERCENT_HP_LOSS","seed_source_timestamp":39891651569216,"circlet_count":0,"master_deck":["AscendersBane","Defend_G","Defend_G","Defend_G","Defend_G","Strike_G","Strike_G","Strike_G","Survivor","Neutralize","Dagger Spray","Terror","A Thousand Cuts+1","Backstab","Blade Dance","Infinite Blades","Tools of the Trade","Regret","Decay","Writhe","Dodge and Roll+1","Die Die Die"],"relics":["Ring of the Snake","MawBank","Golden Idol","Darkstone Periapt","Blue Candle","Happy Flower","PreservedInsect","Oddly Smooth Stone","Calling Bell","Art of War","Mercury Hourglass","Tingsha"],"potions_floor_usage":[13,16,20],"damage_taken":[{"damage":2,"enemies":"Jaw Worm","floor":1,"turns":6},{"damage":2,"enemies":"Small Slimes","floor":5,"turns":5},{"damage":21,"enemies":"Gremlin Nob","floor":6,"turns":4},{"damage":27,"enemies":"3 Sentries","floor":8,"turns":8},{"damage":0,"enemies":"Cultist","floor":12,"turns":4},{"damage":0,"enemies":"Lots of Slimes","floor":13,"turns":2},{"damage":0,"enemies":"Slime Boss","floor":16,"turns":6},{"damage":36,"enemies":"Shell Parasite","floor":18,"turns":5},{"damage":25,"enemies":"Spheric Guardian","floor":19,"turns":4},{"damage":32,"enemies":"Cultist and Chosen","floor":20,"turns":4}],"seed_played":"-5906314199332347882","potions_obtained":[{"floor":5,"key":"FearPotion"},{"floor":8,"key":"GhostInAJar"},{"floor":12,"key":"Strength Potion"},{"floor":16,"key":"LiquidBronze"},{"floor":19,"key":"Regen Potion"}],"is_trial":false,"path_per_floor":["M","?","?","?","M","E","R","E","T","$","?","M","M","$","R","B",null,"M","M","M"],"character_chosen":"THE_SILENT","items_purchased":["PreservedInsect","Oddly Smooth Stone","Infinite Blades"],"campfire_rested":2,"item_purchase_floors":[10,10,14],"current_hp_per_floor":[61,54,39,39,37,16,34,7,7,7,7,7,7,7,25,25,72,36,11,0],"gold":126,"neow_bonus":"TWO_FIFTY_GOLD","is_prod":false,"is_daily":false,"chose_seed":false,"campfire_upgraded":0,"win_rate":0,"timestamp":1557949282,"path_taken":["M","?","?","?","M","E","R","E","T","$","?","?","M","$","R","BOSS","M","?","?"],"build_version":"2019-01-23","purchased_purges":2,"victory":false,"max_hp_per_floor":[63,63,63,63,63,63,63,63,63,63,63,63,63,63,63,63,81,81,81,81],"card_choices":[{"not_picked":["Blade Dance","PiercingWail"],"picked":"Dagger Spray","floor":1},{"not_picked":["Tactician","Outmaneuver"],"picked":"Terror","floor":5},{"not_picked":["Finisher","All Out Attack"],"picked":"A Thousand Cuts","floor":6},{"not_picked":["Expertise","Underhanded Strike","Poisoned Stab"],"picked":"SKIP","floor":8},{"not_picked":["Terror","Noxious Fumes"],"picked":"Backstab","floor":12},{"not_picked":["Quick Slash","Sucker Punch"],"picked":"Blade Dance","floor":13},{"not_picked":["Wraith Form v2","Phantasmal Killer"],"picked":"Tools of the Trade","floor":16},{"not_picked":["All Out Attack+1","Dash"],"picked":"Dodge and Roll+1","floor":18},{"not_picked":["Deadly Poison","PiercingWail+1"],"picked":"Die Die Die","floor":19}],"player_experience":214067,"relics_obtained":[{"floor":6,"key":"Darkstone Periapt"},{"floor":8,"key":"Blue Candle"},{"floor":9,"key":"Happy Flower"},{"floor":17,"key":"Art of War"},{"floor":17,"key":"Mercury Hourglass"},{"floor":17,"key":"Tingsha"}],"event_choices":[{"damage_healed":0,"gold_gain":0,"player_choice":"Success","damage_taken":7,"relics_obtained":["MawBank"],"max_hp_gain":0,"max_hp_loss":0,"event_name":"Scrap Ooze","floor":2,"gold_loss":0},{"damage_healed":0,"gold_gain":0,"player_choice":"Take Damage","damage_taken":15,"relics_obtained":["Golden Idol"],"max_hp_gain":0,"max_hp_loss":0,"event_name":"Golden Idol","floor":3,"gold_loss":0},{"cards_removed":["Strike_G"],"damage_healed":0,"gold_gain":0,"player_choice":"Card Removal","damage_taken":0,"max_hp_gain":0,"max_hp_loss":0,"event_name":"The Cleric","floor":4,"gold_loss":50},{"damage_healed":0,"gold_gain":0,"player_choice":"Grow","damage_taken":0,"max_hp_gain":0,"max_hp_loss":0,"event_name":"Living Wall","floor":11,"gold_loss":0,"cards_upgraded":["A Thousand Cuts"]}],"is_beta":false,"boss_relics":[{"not_picked":["Black Star","Fusion Hammer"],"picked":"Calling Bell"}],"items_purged_floors":[10,14],"is_endless":false,"potions_floor_spawned":[5,8,12,16,19],"killed_by":"Cultist and Chosen","ascension_level":13}