{"gold_per_floor":[211,224,174,174,187,219,219,230,230,230],"floor_reached":10,"playtime":491,"items_purged":[],"score":95,"play_id":"c2a0cd47-c091-4cda-96f3-845b4448d186","local_time":"20190509161404","is_ascension_mode":true,"campfire_choices":[],"neow_cost":"NONE","seed_source_timestamp":4413438237457101,"circlet_count":0,"master_deck":["Strike_R","Strike_R","Strike_R","Strike_R","Defend_R","Defend_R","Defend_R","Defend_R","Bash","Spot Weakness","Headbutt","Heavy Blade","Seeing Red","Exhume"],"relics":["Burning Blood","Bottled Lightning","Art of War","The Courier"],"potions_floor_usage":[8],"damage_taken":[{"damage":8,"enemies":"Jaw Worm","floor":1,"turns":5},{"damage":7,"enemies":"2 Louse","floor":2,"turns":3},{"damage":0,"enemies":"Small Slimes","floor":5,"turns":3},{"damage":50,"enemies":"3 Sentries","floor":6,"turns":10},{"damage":6,"enemies":"Exordium Thugs","floor":8,"turns":3},{"damage":38,"enemies":"Large Slime","floor":10,"turns":8}],"seed_played":"95062945094691164","potions_obtained":[{"floor":1,"key":"AttackPotion"},{"floor":2,"key":"Swift Potion"},{"floor":6,"key":"Energy Potion"}],"is_trial":false,"path_per_floor":["?","?","?","M"],"character_chosen":"IRONCLAD","items_purchased":[],"campfire_rested":0,"item_purchase_floors":[],"current_hp_per_floor":[70,69,69,74,80,36,36,36,36,0],"gold":230,"neow_bonus":"HUNDRED_GOLD","is_prod":false,"is_daily":false,"chose_seed":false,"campfire_upgraded":0,"win_rate":0,"timestamp":1557432844,"path_taken":["M","M","?","?","M","E","?","?","T","M"],"build_version":"2019-01-23","purchased_purges":0,"victory":false,"max_hp_per_floor":[80,80,80,85,85,85,85,85,85,85],"card_choices":[{"not_picked":["Ghostly Armor","Reckless Charge"],"picked":"Spot Weakness","floor":1},{"not_picked":["Rampage","Thunderclap"],"picked":"Headbutt","floor":2},{"not_picked":["Pommel Strike","Sword Boomerang"],"picked":"Heavy Blade","floor":5},{"not_picked":["Second Wind","Clothesline"],"picked":"Seeing Red","floor":6},{"not_picked":["Flex","Thunderclap"],"picked":"Exhume","floor":8}],"player_experience":337855,"relics_obtained":[{"floor":6,"key":"Bottled Lightning"},{"floor":9,"key":"The Courier"}],"event_choices":[{"cards_removed":["Strike_R"],"damage_healed":0,"gold_gain":0,"player_choice":"Card Removal","damage_taken":0,"max_hp_gain":0,"max_hp_loss":0,"event_name":"The Cleric","floor":3,"gold_loss":50},{"damage_healed":0,"gold_gain":0,"player_choice":"Donut","damage_taken":0,"max_hp_gain":5,"max_hp_loss":0,"event_name":"Big Fish","floor":4,"gold_loss":0},{"damage_healed":0,"gold_gain":0,"player_choice":"Gave Potion","damage_taken":0,"relics_obtained":["Art of War"],"max_hp_gain":0,"max_hp_loss":0,"event_name":"WeMeetAgain","floor":7,"gold_loss":0}],"is_beta":false,"boss_relics":[],"items_purged_floors":[],"is_endless":false,"potions_floor_spawned":[1,2,6],"killed_by":"Large Slime","ascension_level":8}