{"gold_per_floor":[131,171,190,27,105,105,188,188,214,244,244,296,332,332,332,431,431,442,453,728,127,158,158,158,158,205,205,236,61,61,91,91,91],"floor_reached":33,"playtime":1924,"items_purged":["Strike_R","Regret"],"score":557,"play_id":"ae97199e-9c6a-4dfe-b6ac-d30fcdb635fd","local_time":"20190527134603","is_ascension_mode":true,"campfire_choices":[{"data":"Shockwave","floor":6,"key":"SMITH"},{"data":"Rampage","floor":8,"key":"SMITH"},{"data":"Flame Barrier","floor":11,"key":"SMITH"},{"floor":15,"key":"REST"},{"data":"Armaments","floor":23,"key":"SMITH"},{"data":"Entrench","floor":25,"key":"SMITH"},{"floor":27,"key":"REST"},{"floor":32,"key":"REST"}],"neow_cost":"PERCENT_DAMAGE","seed_source_timestamp":720797793154997,"circlet_count":0,"master_deck":["AscendersBane","Bash","Good Instincts","HandOfGreed","Rampage+1","Intimidate","Burning Pact","Spot Weakness","Shockwave+1","Flame Barrier+1","True Grit","Demon Form","Immolate","Bludgeon","Immolate","Combust","Combust","Armaments+1","Whirlwind","Barricade","Hemokinesis","Havoc","Battle Trance","Flame Barrier","Ghostly Armor","Entrench+1","Limit Break","Bite","Bite","Bite","Bite","Bite","Feed"],"relics":["Burning Blood","Tiny Chest","Oddly Smooth Stone","Centennial Puzzle","Pandora\u0027s Box","Lee\u0027s Waffle","Nilry\u0027s Codex","Ancient Tea Set","Dream Catcher"],"potions_floor_usage":[16,16,28],"damage_taken":[{"damage":4,"enemies":"Jaw Worm","floor":1,"turns":4},{"damage":3,"enemies":"2 Louse","floor":2,"turns":2},{"damage":0,"enemies":"Cultist","floor":3,"turns":4},{"damage":4,"enemies":"3 Louse","floor":5,"turns":6},{"damage":29,"enemies":"Gremlin Nob","floor":7,"turns":4},{"damage":13,"enemies":"Large Slime","floor":10,"turns":5},{"damage":2,"enemies":"2 Fungi Beasts","floor":12,"turns":5},{"damage":5,"enemies":"Looter","floor":13,"turns":3},{"damage":6,"enemies":"The Guardian","floor":16,"turns":8},{"damage":3,"enemies":"Chosen","floor":18,"turns":5},{"damage":21,"enemies":"2 Thieves","floor":19,"turns":4},{"damage":22,"enemies":"Chosen and Byrds","floor":22,"turns":6},{"damage":56,"enemies":"Slavers","floor":28,"turns":5},{"damage":18,"enemies":"Snecko","floor":31,"turns":7},{"damage":67,"enemies":"Collector","floor":33,"turns":5}],"seed_played":"-4678394821290441818","potions_obtained":[{"floor":10,"key":"SpeedPotion"},{"floor":12,"key":"Fire Potion"},{"floor":13,"key":"LiquidBronze"},{"floor":16,"key":"Dexterity Potion"}],"is_trial":false,"path_per_floor":["?","?","M","?","?"],"character_chosen":"IRONCLAD","items_purchased":["Spot Weakness","Lee\u0027s Waffle","Flame Barrier","Blood Vial","Ghostly Armor","Limit Break"],"campfire_rested":3,"item_purchase_floors":[4,21,21,21,21,29],"current_hp_per_floor":[52,55,61,61,63,63,40,40,40,33,33,37,38,12,34,34,65,68,53,53,82,66,66,45,45,45,69,21,21,21,17,41,0],"gold":91,"neow_bonus":"RANDOM_COLORLESS_2","is_prod":false,"is_daily":false,"chose_seed":false,"campfire_upgraded":5,"win_rate":0,"timestamp":1558979163,"path_taken":["M","M","M","$","M","R","E","R","T","M","R","M","M","?","R","BOSS","M","M","?","$","?","R","?","R","T","R","E","$","?","M","R","BOSS"],"build_version":"2019-01-23","purchased_purges":2,"victory":false,"max_hp_per_floor":[75,75,75,75,75,75,75,75,75,75,75,75,75,75,75,75,75,75,75,75,82,82,82,82,82,82,82,82,82,82,82,82,82],"card_choices":[{"not_picked":["Sword Boomerang","Heavy Blade"],"picked":"Rampage","floor":1},{"not_picked":["Power Through","Cleave"],"picked":"Intimidate","floor":2},{"not_picked":["Heavy Blade","Perfected Strike"],"picked":"Burning Pact","floor":3},{"not_picked":["Body Slam","Dual Wield"],"picked":"Shockwave","floor":5},{"not_picked":["Pummel","Heavy Blade","Entrench"],"picked":"SKIP","floor":7},{"not_picked":["Armaments","Evolve"],"picked":"Flame Barrier","floor":10},{"not_picked":["Armaments","Anger"],"picked":"True Grit","floor":12},{"not_picked":["Body Slam","Pommel Strike"],"picked":"Demon Form","floor":13},{"not_picked":["Brutality","Barricade"],"picked":"Immolate","floor":16},{"not_picked":["Thunderclap+1","Bloodletting"],"picked":"Havoc","floor":18},{"not_picked":["Warcry","Anger"],"picked":"Battle Trance","floor":19},{"not_picked":["Spot Weakness","Havoc"],"picked":"Entrench","floor":22},{"not_picked":["Burning Pact","Perfected Strike","Wild Strike"],"picked":"SKIP","floor":28},{"not_picked":["Inflame","Sever Soul","Reckless Charge"],"picked":"SKIP","floor":31},{"not_picked":["Battle Trance","Intimidate"],"picked":"Feed","floor":32}],"player_experience":718709,"relics_obtained":[{"floor":7,"key":"Tiny Chest"},{"floor":9,"key":"Oddly Smooth Stone"},{"floor":24,"key":"Nilry\u0027s Codex"},{"floor":26,"key":"Ancient Tea Set"},{"floor":28,"key":"Dream Catcher"}],"event_choices":[{"damage_healed":0,"gold_gain":0,"player_choice":"Success","damage_taken":26,"relics_obtained":["Centennial Puzzle"],"max_hp_gain":0,"max_hp_loss":0,"event_name":"Scrap Ooze","floor":14,"gold_loss":0},{"damage_healed":0,"gold_gain":275,"player_choice":"Desecrate","damage_taken":0,"max_hp_gain":0,"max_hp_loss":0,"event_name":"Golden Shrine","floor":20,"gold_loss":0,"cards_obtained":["Regret"]},{"damage_healed":0,"gold_gain":0,"player_choice":"Obtained Book","damage_taken":21,"max_hp_gain":0,"max_hp_loss":0,"event_name":"Cursed Tome","floor":24,"gold_loss":0},{"damage_healed":0,"gold_gain":0,"player_choice":"Became a vampire (Vial)","damage_taken":0,"max_hp_gain":0,"max_hp_loss":0,"event_name":"Vampires","floor":30,"relics_lost":["Blood Vial"],"gold_loss":0,"cards_obtained":["Bite","Bite","Bite","Bite","Bite"]}],"is_beta":false,"boss_relics":[{"not_picked":["Black Blood","Runic Cube"],"picked":"Pandora\u0027s Box"}],"items_purged_floors":[4,21],"is_endless":false,"potions_floor_spawned":[10,12,13,16],"killed_by":"Collector","ascension_level":18}