{"gold_per_floor":[117,42,57,70,70,70,95,95,95,114,134,134,153,153,153,256,256,274,294,40,52,64,92,92,104,104,115,129,47,63,63,63,165,215,226,226,239,114,114,114,128,128,173,184,198,48,48,65,65,65],"floor_reached":50,"playtime":4310,"items_purged":["Strike_B","Heatsinks","Decay","Capacitor"],"score":470,"play_id":"c749bc4a-f60e-4402-a884-880ab64541a1","local_time":"20190217232353","is_ascension_mode":false,"campfire_choices":[{"data":"Conserve Battery","floor":6,"key":"SMITH"},{"floor":8,"key":"REST"},{"data":"Static Discharge","floor":12,"key":"SMITH"},{"floor":15,"key":"REST"},{"floor":24,"key":"REST"},{"floor":32,"key":"REST"},{"floor":40,"key":"REST"},{"floor":47,"key":"REST"},{"floor":49,"key":"REST"}],"neow_cost":"PERCENT_DAMAGE","seed_source_timestamp":215262016134946,"circlet_count":0,"master_deck":["Strike_B","Strike_B","Defend_B","Defend_B","Sweeping Beam","Conserve Battery+1","Static Discharge+1","BootSequence","Rebound","Electrodynamics","Gash+1","Flash of Steel","BootSequence+1","Barrage","Loop","Master of Strategy","Auto Shields"],"relics":["Cracked Core","Pocketwatch","Ginger","Busted Crown","Regal Pillow","Bottled Lightning","Tiny House","Bag of Preparation"],"potions_floor_usage":[16,16,19,33,33,33,33,35,35,48,48,48,48,48,50],"damage_taken":[{"damage":1,"enemies":"Cultist","floor":1,"turns":4},{"damage":1,"enemies":"2 Louse","floor":3,"turns":2},{"damage":0,"enemies":"Small Slimes","floor":4,"turns":3},{"damage":21,"enemies":"3 Sentries","floor":7,"turns":7},{"damage":0,"enemies":"Gremlin Gang","floor":10,"turns":3},{"damage":5,"enemies":"Looter","floor":11,"turns":4},{"damage":0,"enemies":"Blue Slaver","floor":13,"turns":4},{"damage":31,"enemies":"Hexaghost","floor":16,"turns":8},{"damage":10,"enemies":"Spheric Guardian","floor":18,"turns":4},{"damage":4,"enemies":"3 Byrds","floor":19,"turns":2},{"damage":15,"enemies":"Shelled Parasite and Fungi","floor":21,"turns":5},{"damage":11,"enemies":"Cultist and Chosen","floor":22,"turns":4},{"damage":22,"enemies":"Book of Stabbing","floor":23,"turns":4},{"damage":4,"enemies":"Centurion and Healer","floor":25,"turns":5},{"damage":11,"enemies":"Snake Plant","floor":27,"turns":4},{"damage":10,"enemies":"Sentry and Sphere","floor":28,"turns":4},{"damage":10,"enemies":"Snecko","floor":30,"turns":4},{"damage":42,"enemies":"Collector","floor":33,"turns":7},{"damage":7,"enemies":"3 Shapes","floor":35,"turns":4},{"damage":29,"enemies":"3 Darklings","floor":37,"turns":5},{"damage":25,"enemies":"Transient","floor":41,"turns":5},{"damage":31,"enemies":"Spire Growth","floor":44,"turns":6},{"damage":30,"enemies":"3 Darklings","floor":45,"turns":3},{"damage":3,"enemies":"Transient","floor":48,"turns":5},{"damage":105,"enemies":"Time Eater","floor":50,"turns":9}],"seed_played":"3868384484374505794","potions_obtained":[{"floor":3,"key":"SpeedPotion"},{"floor":7,"key":"Poison Potion"},{"floor":10,"key":"Poison Potion"},{"floor":13,"key":"Fire Potion"},{"floor":19,"key":"SteroidPotion"},{"floor":27,"key":"Swift Potion"},{"floor":28,"key":"EntropicBrew"},{"floor":33,"key":"SkillPotion"},{"floor":34,"key":"PowerPotion"},{"floor":41,"key":"Ancient Potion"},{"floor":45,"key":"EntropicBrew"},{"floor":48,"key":"Ancient Potion"}],"is_trial":false,"path_per_floor":["M","$","M","M","?","R","E","R","T","M","M","R","M","?","R","B",null,"M","M","$","M","M","E","R","M","T","M","M","$","M","?","R","B",null,"M","?","M","$","?","R","M","$","T","M","M","$","R","M","R","B"],"character_chosen":"DEFECT","items_purchased":["Flash of Steel","Capacitor","Loop"],"campfire_rested":7,"item_purchase_floors":[20,20,29],"current_hp_per_floor":[53,53,52,52,52,52,31,53,53,53,48,48,48,48,70,39,75,65,61,61,46,35,13,50,46,46,35,25,25,15,15,52,10,80,73,73,44,44,44,80,55,55,55,24,8,8,47,44,80,0],"gold":65,"neow_bonus":"REMOVE_TWO","is_prod":false,"is_daily":false,"chose_seed":false,"campfire_upgraded":2,"win_rate":0.0,"timestamp":1550474633,"path_taken":["M","$","?","M","?","R","E","R","T","M","M","R","?","?","R","BOSS","M","M","$","?","M","E","R","M","T","M","M","$","M","?","R","BOSS","M","?","M","$","?","R","M","$","T","M","M","?","R","M","R","BOSS"],"build_version":"2019-01-23","purchased_purges":4,"victory":false,"max_hp_per_floor":[75,75,75,75,75,75,75,75,75,75,75,75,75,75,75,75,75,75,75,75,75,75,75,75,75,75,75,75,75,75,75,75,75,80,80,80,80,80,80,80,80,80,80,80,80,80,80,80,80,80],"card_choices":[{"not_picked":["Steam","Stack"],"picked":"Sweeping Beam","floor":1},{"not_picked":["Chill","Go for the Eyes"],"picked":"Conserve Battery","floor":3},{"not_picked":["Compile Driver","Beam Cell","Darkness"],"picked":"SKIP","floor":4},{"not_picked":["Coolheaded","Compile Driver","Undo"],"picked":"SKIP","floor":7},{"not_picked":["Streamline","Hologram"],"picked":"Static Discharge","floor":10},{"not_picked":["Go for the Eyes","Redo"],"picked":"BootSequence","floor":11},{"not_picked":["Go for the Eyes","Fusion"],"picked":"Rebound","floor":13},{"not_picked":["Machine Learning","Fission"],"picked":"Electrodynamics","floor":16},{"not_picked":[],"picked":"Gash","floor":18},{"not_picked":["Barrage+1"],"picked":"SKIP","floor":19},{"not_picked":["Storm"],"picked":"SKIP","floor":21},{"not_picked":[],"picked":"BootSequence+1","floor":22},{"not_picked":[],"picked":"Barrage","floor":23},{"not_picked":["Stack"],"picked":"SKIP","floor":25},{"not_picked":["Compile Driver"],"picked":"SKIP","floor":27},{"not_picked":["Leap"],"picked":"SKIP","floor":28},{"not_picked":["Turbo"],"picked":"SKIP","floor":30},{"not_picked":["Beam Cell"],"picked":"SKIP","floor":35},{"not_picked":["Beam Cell"],"picked":"SKIP","floor":35},{"not_picked":[],"picked":"Master of Strategy","floor":36},{"not_picked":[],"picked":"Auto Shields","floor":37},{"not_picked":["Turbo+1"],"picked":"SKIP","floor":41},{"not_picked":["Compile Driver+1"],"picked":"SKIP","floor":44},{"not_picked":["Beam Cell"],"picked":"SKIP","floor":45},{"not_picked":["Cold Snap+1"],"picked":"SKIP","floor":48}],"player_experience":69260,"relics_obtained":[{"floor":7,"key":"Pocketwatch"},{"floor":9,"key":"Ginger"},{"floor":23,"key":"Regal Pillow"},{"floor":26,"key":"Bottled Lightning"},{"floor":43,"key":"Bag of Preparation"}],"event_choices":[{"damage_healed":0,"gold_gain":0,"cards_transformed":["Dualcast"],"player_choice":"Transformed","damage_taken":0,"max_hp_gain":0,"max_hp_loss":0,"event_name":"Transmorgrifier","floor":5,"gold_loss":0,"cards_obtained":["Heatsinks"]},{"cards_removed":["Defend_B"],"damage_healed":0,"gold_gain":0,"player_choice":"Offered Basic","damage_taken":0,"max_hp_gain":0,"max_hp_loss":0,"event_name":"Bonfire Elementals","floor":14,"gold_loss":0},{"damage_healed":0,"gold_gain":0,"player_choice":"Smashed Altar","damage_taken":0,"max_hp_gain":0,"max_hp_loss":0,"event_name":"Forgotten Altar","floor":31,"gold_loss":0,"cards_obtained":["Decay"]},{"damage_healed":0,"gold_gain":0,"player_choice":"Memory 1","damage_taken":0,"max_hp_gain":0,"max_hp_loss":0,"event_name":"SensoryStone","floor":36,"gold_loss":0},{"cards_removed":["Zap"],"damage_healed":0,"gold_gain":0,"player_choice":"Removed Skill","damage_taken":0,"max_hp_gain":0,"max_hp_loss":0,"event_name":"Falling","floor":39,"gold_loss":0}],"is_beta":false,"boss_relics":[{"not_picked":["Philosopher\u0027s Stone","White Beast Statue"],"picked":"Busted Crown"},{"not_picked":["Calling Bell","Snecko Eye"],"picked":"Tiny House"}],"items_purged_floors":[2,20,38,46],"is_endless":false,"potions_floor_spawned":[3,7,10,13,19,27,28,33,41,45,48],"killed_by":"Time Eater","ascension_level":0}