{"gold_per_floor":[116,127,139,158,158,172,172,172,172,192,211,211,232,252,252,372,372,365,386,404,84,84,84,103,103,103,103,118,38,38,54,54,175,175,195,528,540,554,554,554,564,577,577,592,605,605,620,646,646,646],"floor_reached":51,"playtime":2875,"items_purged":["Strike_G","Defend_G"],"score":676,"play_id":"3e06ffaa-cc5b-4e66-a2f3-e00ec715ac74","local_time":"20190531233126","is_ascension_mode":false,"campfire_choices":[{"floor":8,"key":"REST"},{"data":"Cloak And Dagger","floor":15,"key":"SMITH"},{"data":"Infinite Blades","floor":23,"key":"SMITH"},{"data":"Blade Dance","floor":25,"key":"SMITH"},{"data":"Backflip","floor":27,"key":"SMITH"},{"data":"Deflect","floor":32,"key":"SMITH"},{"floor":40,"key":"REST"},{"data":"Cloak And Dagger","floor":46,"key":"SMITH"},{"floor":49,"key":"REST"}],"neow_cost":"NONE","seed_source_timestamp":1445512735212304,"circlet_count":0,"master_deck":["Defend_G","Defend_G+1","Defend_G+1","Defend_G","Neutralize+1","Backstab","Finisher","Acrobatics","Deflect","Escape Plan","Cloak And Dagger+1","Prepared","Adrenaline","Blade Dance+1","Blade Dance+1","Infinite Blades+1","Swift Strike","Bite","Bite","Bite","Bite","Bite","Backflip+1","Deflect+1","Cloak And Dagger+1","Slice","Adrenaline","Backstab","Expertise+1","Parasite","Leg Sweep+1","Cloak And Dagger+1"],"relics":["WristBlade","Kunai","Philosopher\u0027s Stone","Whetstone","The Courier","Lizard Tail","Meat on the Bone","Omamori"],"potions_floor_usage":[4,6,18,20,33,33,37,42,45,47,50],"damage_taken":[{"damage":5,"enemies":"Jaw Worm","floor":1,"turns":6},{"damage":0,"enemies":"Small Slimes","floor":2,"turns":3},{"damage":0,"enemies":"2 Louse","floor":3,"turns":2},{"damage":0,"enemies":"Lots of Slimes","floor":4,"turns":2},{"damage":7,"enemies":"3 Louse","floor":6,"turns":7},{"damage":1,"enemies":"2 Fungi Beasts","floor":10,"turns":3},{"damage":3,"enemies":"Red Slaver","floor":11,"turns":4},{"damage":0,"enemies":"Looter","floor":13,"turns":3},{"damage":0,"enemies":"Blue Slaver","floor":14,"turns":3},{"damage":13,"enemies":"The Guardian","floor":16,"turns":16},{"damage":0,"enemies":"2 Thieves","floor":18,"turns":4},{"damage":0,"enemies":"Spheric Guardian","floor":19,"turns":3},{"damage":0,"enemies":"Snake Plant","floor":20,"turns":4},{"damage":8,"enemies":"Shelled Parasite and Fungi","floor":24,"turns":3},{"damage":5,"enemies":"Centurion and Healer","floor":28,"turns":3},{"damage":0,"enemies":"Sentry and Sphere","floor":31,"turns":3},{"damage":15,"enemies":"Automaton","floor":33,"turns":9},{"damage":0,"enemies":"3 Shapes","floor":35,"turns":3},{"damage":5,"enemies":"Orb Walker","floor":37,"turns":2},{"damage":26,"enemies":"Jaw Worm Horde","floor":38,"turns":4},{"damage":0,"enemies":"Maw","floor":41,"turns":7},{"damage":32,"enemies":"Writhing Mass","floor":42,"turns":6},{"damage":24,"enemies":"Sphere and 2 Shapes","floor":44,"turns":4},{"damage":0,"enemies":"Jaw Worm Horde","floor":45,"turns":4},{"damage":18,"enemies":"Maw","floor":47,"turns":7},{"damage":92,"enemies":"Donu and Deca","floor":50,"turns":14}],"seed_played":"4134709651376932536","potions_obtained":[{"floor":1,"key":"Regen Potion"},{"floor":3,"key":"Explosive Potion"},{"floor":10,"key":"GhostInAJar"},{"floor":14,"key":"Block Potion"},{"floor":16,"key":"Weak Potion"},{"floor":20,"key":"Ancient Potion"},{"floor":28,"key":"SteroidPotion"},{"floor":33,"key":"AttackPotion"},{"floor":35,"key":"Strength Potion"},{"floor":41,"key":"Strength Potion"},{"floor":44,"key":"Explosive Potion"}],"is_trial":false,"path_per_floor":["M","M","M","M","?","M","?","R","T","M","M","?","M","M","R","B",null,"M","M","M","$","?","R","M","R","T","R","M","$","?","M","R","B",null,"M","?","M","M","?","R","M","M","T","M","M","R","M","T","R","B",null],"character_chosen":"THE_SILENT","items_purchased":["Whetstone","Swift Strike"],"campfire_rested":3,"item_purchase_floors":[21,21],"current_hp_per_floor":[65,65,65,65,51,59,42,63,63,62,59,59,59,59,59,46,70,70,70,70,70,49,49,49,49,49,49,46,46,46,49,49,46,49,49,49,48,27,27,41,49,25,25,21,35,35,35,35,49,23],"gold":646,"neow_bonus":"BOSS_RELIC","is_prod":false,"is_daily":false,"chose_seed":false,"campfire_upgraded":6,"win_rate":0,"timestamp":1559359886,"path_taken":["M","M","M","M","?","M","?","R","T","M","M","?","M","M","R","BOSS","M","M","?","$","?","R","M","R","T","R","M","$","?","M","R","BOSS","M","?","M","M","?","R","M","M","T","M","M","R","M","?","R","BOSS"],"build_version":"2019-01-23","purchased_purges":2,"victory":true,"max_hp_per_floor":[70,70,70,70,70,70,70,70,70,70,70,70,70,70,70,70,70,70,70,70,70,49,49,49,49,49,49,49,49,49,49,49,49,49,49,49,49,49,49,49,49,49,49,49,49,49,49,49,49,49],"card_choices":[{"not_picked":["All Out Attack","Accuracy"],"picked":"Backstab","floor":1},{"not_picked":["PiercingWail","Well Laid Plans","Sucker Punch"],"picked":"SKIP","floor":2},{"not_picked":["Deadly Poison","Dagger Throw","Predator"],"picked":"SKIP","floor":3},{"not_picked":["Quick Slash","PiercingWail"],"picked":"Finisher","floor":4},{"not_picked":["Dagger Throw","Leg Sweep"],"picked":"Acrobatics","floor":6},{"not_picked":["Flechettes","Dagger Spray"],"picked":"Deflect","floor":10},{"not_picked":["Outmaneuver","Doppelganger"],"picked":"Escape Plan","floor":11},{"not_picked":["Dodge and Roll","Reflex"],"picked":"Cloak And Dagger","floor":13},{"not_picked":["Heel Hook","Bouncing Flask"],"picked":"Prepared","floor":14},{"not_picked":["Corpse Explosion","Venomology"],"picked":"Adrenaline","floor":16},{"not_picked":["Reflex","Sucker Punch"],"picked":"Blade Dance+1","floor":18},{"not_picked":["Dagger Throw","Predator"],"picked":"Blade Dance","floor":19},{"not_picked":["Dagger Throw+1","Deflect"],"picked":"Infinite Blades","floor":20},{"not_picked":["Predator","Flying Knee+1"],"picked":"Backflip","floor":24},{"not_picked":["Dagger Throw+1","Sucker Punch"],"picked":"Deflect","floor":28},{"not_picked":["Dodge and Roll","Bane"],"picked":"Slice","floor":31},{"not_picked":["Doppelganger","Storm of Steel"],"picked":"Adrenaline","floor":33},{"not_picked":["Bouncing Flask+1","Deadly Poison"],"picked":"Backstab","floor":35},{"not_picked":["Dash+1","Sucker Punch+1","Dagger Throw+1"],"picked":"SKIP","floor":37},{"not_picked":["Outmaneuver+1","Underhanded Strike"],"picked":"Expertise+1","floor":38},{"not_picked":["Predator+1","Flechettes","Flying Knee+1"],"picked":"SKIP","floor":41},{"not_picked":["Backflip","Skewer+1","Bane"],"picked":"SKIP","floor":42},{"not_picked":["Underhanded Strike+1","Dash+1"],"picked":"Leg Sweep+1","floor":44},{"not_picked":["Quick Slash","Underhanded Strike+1"],"picked":"Cloak And Dagger","floor":45},{"not_picked":["Envenom","Outmaneuver","Sucker Punch+1"],"picked":"SKIP","floor":47}],"player_experience":65076,"relics_obtained":[{"floor":9,"key":"Kunai"},{"floor":26,"key":"The Courier"},{"floor":43,"key":"Meat on the Bone"},{"floor":48,"key":"Omamori"}],"event_choices":[{"damage_healed":0,"gold_gain":0,"player_choice":"Entered Light","damage_taken":14,"max_hp_gain":0,"max_hp_loss":0,"event_name":"Shining Light","floor":5,"gold_loss":0,"cards_upgraded":["Defend_G","Defend_G"]},{"damage_healed":0,"gold_gain":0,"player_choice":"Take Damage","damage_taken":17,"relics_obtained":["Golden Idol"],"max_hp_gain":0,"max_hp_loss":0,"event_name":"Golden Idol","floor":7,"gold_loss":0},{"damage_healed":0,"gold_gain":0,"player_choice":"Ignored","damage_taken":0,"max_hp_gain":0,"max_hp_loss":0,"event_name":"NoteForYourself","floor":12,"gold_loss":0},{"damage_healed":0,"gold_gain":0,"player_choice":"Became a vampire","damage_taken":0,"max_hp_gain":0,"max_hp_loss":21,"event_name":"Vampires","floor":22,"gold_loss":0,"cards_obtained":["Bite","Bite","Bite","Bite","Bite"]},{"damage_healed":0,"gold_gain":0,"player_choice":"Copied","damage_taken":0,"max_hp_gain":0,"max_hp_loss":0,"event_name":"Duplicator","floor":30,"gold_loss":0,"cards_obtained":["Cloak And Dagger"]},{"damage_healed":0,"gold_gain":333,"player_choice":"Gave Idol","damage_taken":0,"max_hp_gain":0,"max_hp_loss":0,"event_name":"The Moai Head","floor":36,"relics_lost":["Golden Idol"],"gold_loss":0},{"cards_removed":["Survivor"],"damage_healed":0,"gold_gain":0,"player_choice":"Removed Skill","damage_taken":0,"max_hp_gain":0,"max_hp_loss":0,"event_name":"Falling","floor":39,"gold_loss":0}],"is_beta":false,"boss_relics":[{"not_picked":["Eternal Feather","Sozu"],"picked":"Philosopher\u0027s Stone"},{"not_picked":["White Beast Statue","Velvet Choker"],"picked":"Lizard Tail"}],"items_purged_floors":[21,29],"is_endless":false,"potions_floor_spawned":[1,3,10,14,16,20,28,31,33,35,41,44],"ascension_level":0}