{"gold_per_floor":[110,159,174,194,207,237,256,214,214,243,260,270,36,55,55,160,160,174,174,27,41,41,68,68,85,85,147,161,235,245,263,263,263],"floor_reached":33,"playtime":2687,"items_purged":[],"score":358,"play_id":"fb0e0ebf-c78f-4fa6-b4f3-e94c4c26fba0","local_time":"20181009172934","is_ascension_mode":true,"campfire_choices":[{"floor":15.0,"key":"REST"},{"data":"Shockwave","floor":24.0,"key":"SMITH"},{"floor":32.0,"key":"REST"}],"neow_cost":"NONE","seed_source_timestamp":0,"circlet_count":0,"master_deck":["Defend_R","Defend_R+1","Defend_R+1","Bash","Uppercut","Iron Wave","Cleave","Pommel Strike","Inflame","Clash","Body Slam","Twin Strike","Uppercut","Flex","Shockwave+1","True Grit","Sword Boomerang","Bludgeon","Headbutt","Bite","Bite","Bite","Bite","Bite","Battle Trance+1","Pommel Strike+1","Iron Wave+1","Power Through+1","Uppercut","Anger+1","Brutality"],"special_seed":0,"relics":["Burning Blood","War Paint","Unceasing Top","Pantograph","Thread and Needle","Bag of Preparation","Mark of Pain","PreservedInsect","Darkstone Periapt","Paper Frog","Tiny Chest","Bottled Flame"],"potions_floor_usage":[],"damage_taken":[{"damage":6.0,"enemies":"Cultist","floor":1.0,"turns":3.0},{"damage":1.0,"enemies":"Small Slimes","floor":3.0,"turns":4.0},{"damage":4.0,"enemies":"Jaw Worm","floor":4.0,"turns":3.0},{"damage":20.0,"enemies":"Gremlin Gang","floor":5.0,"turns":5.0},{"damage":28.0,"enemies":"Lagavulin","floor":6.0,"turns":6.0},{"damage":6.0,"enemies":"Exordium Thugs","floor":7.0,"turns":4.0},{"damage":21.0,"enemies":"Gremlin Nob","floor":10.0,"turns":4.0},{"damage":10.0,"enemies":"Large Slime","floor":11.0,"turns":4.0},{"damage":0.0,"enemies":"2 Fungi Beasts","floor":12.0,"turns":3.0},{"damage":7.0,"enemies":"Exordium Wildlife","floor":14.0,"turns":3.0},{"damage":29.0,"enemies":"Slime Boss","floor":16.0,"turns":9.0},{"damage":0.0,"enemies":"Chosen","floor":18.0,"turns":4.0},{"damage":7.0,"enemies":"Shell Parasite","floor":21.0,"turns":3.0},{"damage":19.0,"enemies":"Slavers","floor":23.0,"turns":3.0},{"damage":9.0,"enemies":"Snecko","floor":25.0,"turns":4.0},{"damage":14.0,"enemies":"Gremlin Leader","floor":27.0,"turns":4.0},{"damage":14.0,"enemies":"Snake Plant","floor":28.0,"turns":3.0},{"damage":12.0,"enemies":"3 Cultists","floor":30.0,"turns":5.0},{"damage":14.0,"enemies":"Shelled Parasite and Fungi","floor":31.0,"turns":4.0},{"damage":88,"enemies":"Collector","floor":33,"turns":8}],"seed_played":"9069590424877519353","potions_obtained":[{"floor":4.0,"key":"FearPotion"},{"floor":7.0,"key":"Swift Potion"},{"floor":10.0,"key":"SpeedPotion"},{"floor":12.0,"key":"FairyPotion"},{"floor":14.0,"key":"AttackPotion"},{"floor":18.0,"key":"Block Potion"},{"floor":23.0,"key":"Fire Potion"},{"floor":28.0,"key":"SpeedPotion"}],"is_trial":false,"path_per_floor":["M","T","M","M","M","E","M","?","T","E","M","M","$","M","R","B",null,"M","?","$","M","?","E","R","M","T","E","M","T","M","M","R"],"character_chosen":"IRONCLAD","items_purchased":["Shockwave","True Grit","Bag of Preparation","PreservedInsect"],"campfire_rested":2,"item_purchase_floors":[13,13,13,20],"current_hp_per_floor":[80,80,80,80,66,44,44,44,44,29,25,31,31,30,54,56,80,80,56,56,56,56,47,47,46,46,42,36,36,32,32,48,0],"gold":263,"neow_bonus":"THREE_CARDS","is_prod":false,"is_daily":false,"chose_seed":false,"campfire_upgraded":1,"win_rate":0,"timestamp":1539120574,"path_taken":["M","?","?","M","M","E","M","?","T","E","M","M","$","M","R","BOSS","M","?","$","M","?","E","R","M","T","E","?","?","M","M","R","BOSS"],"build_version":"2018-09-06","purchased_purges":0,"victory":false,"max_hp_per_floor":[80,80,80,80,80,80,80,80,80,80,80,80,80,80,80,80,80,80,56,56,56,56,56,56,56,56,56,56,56,56,56,56,56],"card_choices":[{"not_picked":["Clash","Inflame"],"picked":"Uppercut","floor":0.0},{"not_picked":["Burning Pact","Armaments"],"picked":"Iron Wave","floor":1.0},{"not_picked":["True Grit","Rage"],"picked":"Cleave","floor":3.0},{"not_picked":["Clash","Perfected Strike"],"picked":"Pommel Strike","floor":4.0},{"not_picked":["Thunderclap","Clothesline"],"picked":"Inflame","floor":5.0},{"not_picked":["Second Wind","Havoc"],"picked":"Clash","floor":6.0},{"not_picked":["Disarm","Clash"],"picked":"Body Slam","floor":7.0},{"not_picked":["Battle Trance","Inflame"],"picked":"Twin Strike","floor":10.0},{"not_picked":["Berserk","Body Slam"],"picked":"Uppercut","floor":11.0},{"not_picked":["Warcry","Perfected Strike"],"picked":"Flex","floor":12.0},{"not_picked":["Reckless Charge","Body Slam"],"picked":"Sword Boomerang","floor":14.0},{"not_picked":["Berserk","Brutality"],"picked":"Bludgeon","floor":16.0},{"not_picked":["Pummel","Twin Strike+1"],"picked":"Headbutt","floor":18.0},{"not_picked":["Clash","Twin Strike+1"],"picked":"Battle Trance+1","floor":21.0},{"not_picked":["Seeing Red+1","Cleave"],"picked":"Pommel Strike+1","floor":23.0},{"not_picked":["Combust","Bloodletting"],"picked":"Iron Wave+1","floor":25.0},{"not_picked":["Wild Strike","Flex"],"picked":"Power Through+1","floor":27.0},{"not_picked":["Twin Strike","Fire Breathing"],"picked":"Uppercut","floor":28.0},{"not_picked":["Whirlwind","Perfected Strike"],"picked":"Anger+1","floor":30.0},{"not_picked":["Clash","Warcry"],"picked":"Brutality","floor":31.0}],"player_experience":78580,"relics_obtained":[{"floor":2.0,"key":"War Paint"},{"floor":6.0,"key":"Unceasing Top"},{"floor":9.0,"key":"Pantograph"},{"floor":10.0,"key":"Thread and Needle"},{"floor":23.0,"key":"Darkstone Periapt"},{"floor":26.0,"key":"Paper Frog"},{"floor":27.0,"key":"Tiny Chest"},{"floor":29.0,"key":"Bottled Flame"}],"event_choices":[{"event_name":"World of Goop","player_choice":"Left","floor":8.0,"damage_taken":0.0},{"event_name":"Vampires","player_choice":"Became a vampire","floor":19.0,"damage_taken":0.0},{"event_name":"Back to Basics","player_choice":"Elegance","floor":22.0,"damage_taken":0.0}],"is_beta":false,"boss_relics":[{"not_picked":["Cursed Key","Philosopher\u0027s Stone"],"picked":"Mark of Pain"}],"items_purged_floors":[],"is_endless":false,"potions_floor_spawned":[4,7,10,12,14,18,23,28],"killed_by":"Collector","ascension_level":2}