{"gold_per_floor":[114,289,289,62,89,121,121,135,135,35,51,82,82,98,98,196,196,213,228,103,114,134,134,134],"floor_reached":24,"playtime":698,"items_purged":["Defend_R","Strike_R","Strike_R"],"score":323,"play_id":"58c7924e-dc40-48c3-82bb-f19b1391c118","local_time":"20190403115237","is_ascension_mode":true,"campfire_choices":[{"data":"Rampage","floor":7,"key":"SMITH"},{"data":"Flame Barrier","floor":13,"key":"SMITH"},{"data":"Body Slam","floor":15,"key":"SMITH"},{"data":"Flame Barrier","floor":23,"key":"SMITH"}],"neow_cost":"NONE","seed_source_timestamp":81803811676941,"circlet_count":0,"master_deck":["Strike_R","Strike_R","Strike_R","Defend_R","Defend_R","Defend_R","Bash","Ghostly Armor","Flame Barrier+1","Rampage+1","Iron Wave","Flame Barrier+1","Battle Trance","Ghostly Armor","Body Slam+1","Iron Wave+1"],"relics":["Burning Blood","NeowsBlessing","Potion Belt","Bag of Preparation","Prayer Wheel","Mango","Black Star"],"potions_floor_usage":[18,21,21],"damage_taken":[{"damage":0,"enemies":"2 Louse","floor":1,"turns":1},{"damage":0,"enemies":"3 Sentries","floor":6,"turns":1},{"damage":0,"enemies":"Small Slimes","floor":8,"turns":1},{"damage":0,"enemies":"Jaw Worm","floor":11,"turns":4},{"damage":58,"enemies":"Gremlin Nob","floor":12,"turns":6},{"damage":0,"enemies":"3 Louse","floor":14,"turns":3},{"damage":18,"enemies":"The Guardian","floor":16,"turns":12},{"damage":18,"enemies":"Spheric Guardian","floor":18,"turns":7},{"damage":18,"enemies":"Shell Parasite","floor":19,"turns":8},{"damage":11,"enemies":"3 Cultists","floor":21,"turns":8},{"damage":3,"enemies":"Snake Plant","floor":22,"turns":4},{"damage":65,"enemies":"Gremlin Leader","floor":24,"turns":7}],"seed_played":"-3741323694277807534","potions_obtained":[{"floor":1,"key":"Explosive Potion"},{"floor":16,"key":"EssenceOfSteel"},{"floor":19,"key":"Weak Potion"}],"is_trial":false,"path_per_floor":["M","?","?","$","T","E","R","M","T","$","M","E","R","M","R","B",null,"M","M","$","M","M","R","E"],"character_chosen":"IRONCLAD","items_purchased":["Flame Barrier","Rampage"],"campfire_rested":0,"item_purchase_floors":[4,4],"current_hp_per_floor":[78,78,78,78,78,80,80,80,80,80,80,42,42,48,48,36,80,68,56,56,51,54,54,0],"gold":134,"neow_bonus":"THREE_ENEMY_KILL","is_prod":false,"is_daily":false,"chose_seed":false,"campfire_upgraded":4,"win_rate":0,"timestamp":1554285157,"path_taken":["M","?","?","$","?","E","R","M","T","$","M","E","R","M","R","BOSS","M","M","$","M","M","R","E"],"build_version":"2019-01-23","purchased_purges":3,"victory":false,"max_hp_per_floor":[80,80,80,80,80,80,80,80,80,80,80,94,94,94,94,94,94,94,94,94,94,94,94,94],"card_choices":[{"not_picked":["Reckless Charge","Wild Strike"],"picked":"Ghostly Armor","floor":1},{"not_picked":["Twin Strike","Sentinel"],"picked":"Iron Wave","floor":6},{"not_picked":["Clothesline","Warcry"],"picked":"Flame Barrier","floor":8},{"not_picked":["True Grit","Second Wind"],"picked":"Battle Trance","floor":11},{"not_picked":["Wild Strike","Rupture","Heavy Blade"],"picked":"SKIP","floor":11},{"not_picked":["Heavy Blade","Twin Strike"],"picked":"Ghostly Armor","floor":12},{"not_picked":["Dual Wield","Battle Trance"],"picked":"Body Slam","floor":14},{"not_picked":["Fiend Fire","Sword Boomerang","Thunderclap"],"picked":"SKIP","floor":14},{"not_picked":["Sever Soul+1","Thunderclap","Clash+1"],"picked":"SKIP","floor":18},{"not_picked":["Second Wind+1","Combust","Heavy Blade"],"picked":"SKIP","floor":18},{"not_picked":["Heavy Blade+1","Body Slam"],"picked":"Iron Wave+1","floor":19},{"not_picked":["Exhume","Sentinel","Sever Soul"],"picked":"SKIP","floor":19},{"not_picked":["Havoc","Sword Boomerang+1","Clothesline"],"picked":"SKIP","floor":21},{"not_picked":["Feed","Iron Wave","Carnage"],"picked":"SKIP","floor":21},{"not_picked":["Heavy Blade","Reckless Charge","Battle Trance"],"picked":"SKIP","floor":22},{"not_picked":["Battle Trance","Corruption","Inflame"],"picked":"SKIP","floor":22}],"player_experience":135128,"relics_obtained":[{"floor":5,"key":"Potion Belt"},{"floor":6,"key":"Bag of Preparation"},{"floor":9,"key":"Prayer Wheel"},{"floor":12,"key":"Mango"}],"event_choices":[{"damage_healed":0,"gold_gain":175,"player_choice":"AGREE","damage_taken":0,"max_hp_gain":0,"max_hp_loss":0,"event_name":"Liars Game","floor":2,"gold_loss":0,"cards_obtained":["Doubt"]},{"cards_removed":["Doubt"],"damage_healed":0,"gold_gain":0,"player_choice":"Forget","damage_taken":0,"max_hp_gain":0,"max_hp_loss":0,"event_name":"Living Wall","floor":3,"gold_loss":0}],"is_beta":false,"boss_relics":[{"not_picked":["Ectoplasm","Black Blood"],"picked":"Black Star"}],"items_purged_floors":[4,10,20],"is_endless":false,"potions_floor_spawned":[1,16,19],"killed_by":"Gremlin Leader","ascension_level":8}