{"gold_per_floor":[113,123,135,148,48,48,81,81,134,80,94,94,94,94,94,94],"floor_reached":16,"playtime":383,"items_purged":["Strike_R"],"score":100,"play_id":"4ef93e0a-d45b-4a00-a340-6f7fe73ecd36","local_time":"20181018202828","is_ascension_mode":false,"campfire_choices":[{"data":"Bash","floor":6,"key":"SMITH"},{"data":"True Grit","floor":8,"key":"SMITH"},{"data":"Shockwave","floor":13,"key":"SMITH"},{"data":"Clash","floor":15,"key":"SMITH"}],"neow_cost":"","seed_source_timestamp":19427231687654,"circlet_count":0,"master_deck":["Strike_R","Strike_R","Strike_R","Strike_R","Defend_R","Defend_R","Defend_R","Defend_R","Bash+1","Shockwave+1","Cleave","Ghostly Armor","True Grit+1","Flame Barrier","Shrug It Off","Clash+1"],"relics":["Burning Blood","Self Forming Clay"],"potions_floor_usage":[],"damage_taken":[{"damage":1,"enemies":"Cultist","floor":1,"turns":3},{"damage":10,"enemies":"Small Slimes","floor":2,"turns":5},{"damage":0,"enemies":"2 Louse","floor":3,"turns":4},{"damage":17,"enemies":"Large Slime","floor":4,"turns":6},{"damage":23,"enemies":"Lagavulin","floor":7,"turns":9},{"damage":9,"enemies":"Gremlin Gang","floor":11,"turns":4},{"damage":0,"enemies":"Slime Boss","floor":16,"turns":1}],"seed_played":"-7166829224312180075","potions_obtained":[{"floor":1,"key":"SpeedPotion"},{"floor":2,"key":"LiquidBronze"},{"floor":7,"key":"Swift Potion"},{"floor":11,"key":"EntropicBrew"}],"is_trial":false,"path_per_floor":["M","M","M","M","$","R","E","R","T","$","M","?","R","?","R"],"character_chosen":"IRONCLAD","items_purchased":["True Grit","Shrug It Off"],"campfire_rested":0,"item_purchase_floors":[5,10],"current_hp_per_floor":[80,76,80,69,69,69,52,52,52,52,49,49,49,49,49,49],"gold":94,"neow_bonus":"","is_prod":false,"is_daily":false,"chose_seed":false,"campfire_upgraded":4,"win_rate":0,"timestamp":1539887308,"path_taken":["M","M","M","M","?","R","E","R","T","$","M","?","R","?","R","BOSS"],"build_version":"2018-10-11","purchased_purges":1,"victory":false,"max_hp_per_floor":[80,80,80,80,80,80,80,80,80,80,80,80,80,80,80,80],"card_choices":[{"not_picked":["Armaments","Anger"],"picked":"Shockwave","floor":1},{"not_picked":["Twin Strike","Reckless Charge"],"picked":"Cleave","floor":2},{"not_picked":["Pommel Strike","Evolve"],"picked":"Ghostly Armor","floor":3},{"not_picked":["Sentinel","True Grit"],"picked":"Flame Barrier","floor":7},{"not_picked":["Spot Weakness","Seeing Red"],"picked":"Clash","floor":11}],"player_experience":1249596,"relics_obtained":[{"floor":7,"key":"Self Forming Clay"}],"event_choices":[{"event_name":"Golden Idol","player_choice":"Ignored","floor":12,"damage_taken":0},{"event_name":"The Lab","player_choice":"Got Potions","floor":14,"damage_taken":0}],"is_beta":false,"boss_relics":[],"items_purged_floors":[5],"is_endless":false,"potions_floor_spawned":[1,2,7,11],"killed_by":"Slime Boss","ascension_level":0}