{"gold_per_floor":[114,114,114,139,166,208,235,277,339,381,393,420,432,459,471,583,595,622,909,936,963,990,1032,1044,1086,1123,1150,1162,1189,1216,430,430,530,530,545,560,575,575,590,590,620,635,685,700,730,745,21,36,36,36],"floor_reached":51,"playtime":8614,"items_purged":["Normality","Defend_G"],"score":1075,"play_id":"22267d2c-2609-46ae-a1f4-ab98d33e3185","local_time":"20190515222957","daily_mods":["Cursed Run","Vintage","Terminal"],"is_ascension_mode":false,"campfire_choices":[{"data":"Strike_G","floor":11.0,"key":"SMITH"},{"floor":13.0,"key":"REST"},{"data":"Strike_G","floor":15.0,"key":"SMITH"},{"floor":28.0,"key":"REST"},{"floor":32,"key":"REST"},{"floor":40,"key":"REST"},{"floor":49,"key":"REST"}],"neow_cost":"","seed_source_timestamp":0,"circlet_count":0,"master_deck":["Defend_G","Defend_G","Defend_G","Defend_G","Strike_G+1","Strike_G+1","Strike_G+1","Survivor","Neutralize+1","Noxious Fumes+1","Flechettes+1","Writhe","Noxious Fumes+1","Parasite","Storm of Steel","Blade Dance+1","Prepared","Cloak And Dagger+1","Accuracy+1","Panache+1","Accuracy+1","Backflip+1","Doppelganger+1","Accuracy+1","Infinite Blades+1","Shame","Adrenaline+1","Regret","Tools of the Trade+1","Violence+1","Pain"],"special_seed":18031,"relics":["Cursed Key","Darkstone Periapt","Du-Vu Doll","Bag of Marbles","MawBank","Frozen Egg 2","Anchor","The Courier","Ornamental Fan","Centennial Puzzle","Vajra","Shuriken","Sundial","Fusion Hammer","Omamori","Orichalcum","Ninja Scroll","Gremlin Horn","Mercury Hourglass","Bag of Preparation","Bronze Scales","Dodecahedron","Smiling Mask","PreservedInsect","Toxic Egg 2","Empty Cage","Paper Crane","Molten Egg 2","Singing Bowl","Happy Flower","Art of War","Blood Vial","Whetstone","Pantograph","Bottled Lightning","Bottled Flame","Unceasing Top","Mango","Calipers"],"potions_floor_usage":[39,50],"damage_taken":[{"damage":0.0,"enemies":"Jaw Worm","floor":1.0,"turns":5.0},{"damage":0.0,"enemies":"Small Slimes","floor":5.0,"turns":4.0},{"damage":1.0,"enemies":"3 Sentries","floor":6.0,"turns":11.0},{"damage":0.0,"enemies":"2 Louse","floor":7.0,"turns":3.0},{"damage":18.0,"enemies":"Gremlin Nob","floor":8.0,"turns":5.0},{"damage":5.0,"enemies":"3 Sentries","floor":10.0,"turns":7.0},{"damage":4.0,"enemies":"Red Slaver","floor":12.0,"turns":4.0},{"damage":0.0,"enemies":"2 Fungi Beasts","floor":14.0,"turns":3.0},{"damage":5.0,"enemies":"The Guardian","floor":16.0,"turns":9.0},{"damage":0.0,"enemies":"Chosen","floor":18.0,"turns":4.0},{"damage":9.0,"enemies":"Spheric Guardian","floor":20.0,"turns":4.0},{"damage":0.0,"enemies":"Shelled Parasite and Fungi","floor":21.0,"turns":5.0},{"damage":0.0,"enemies":"Centurion and Healer","floor":22.0,"turns":4.0},{"damage":9.0,"enemies":"Slavers","floor":23.0,"turns":3.0},{"damage":0.0,"enemies":"Gremlin Leader","floor":25.0,"turns":4.0},{"damage":0.0,"enemies":"3 Cultists","floor":27.0,"turns":3.0},{"damage":0.0,"enemies":"Chosen and Byrds","floor":29.0,"turns":2.0},{"damage":0.0,"enemies":"Cultist and Chosen","floor":30.0,"turns":4.0},{"damage":0,"enemies":"Champ","floor":33,"turns":4},{"damage":0,"enemies":"Orb Walker","floor":35,"turns":2},{"damage":0,"enemies":"3 Shapes","floor":36,"turns":1},{"damage":0,"enemies":"Maw","floor":37,"turns":4},{"damage":0,"enemies":"Transient","floor":39,"turns":5},{"damage":0,"enemies":"Giant Head","floor":41,"turns":4},{"damage":0,"enemies":"4 Shapes","floor":42,"turns":2},{"damage":0,"enemies":"Jaw Worm Horde","floor":44,"turns":1},{"damage":0,"enemies":"Reptomancer","floor":45,"turns":1},{"damage":0,"enemies":"Transient","floor":46,"turns":5},{"damage":0,"enemies":"Maw","floor":48,"turns":3},{"damage":0,"enemies":"Awakened One","floor":50,"turns":4}],"seed_played":"-1876816699338199353","potions_obtained":[{"floor":5.0,"key":"LiquidBronze"},{"floor":6.0,"key":"SkillPotion"},{"floor":16.0,"key":"SpeedPotion"},{"floor":18.0,"key":"Dexterity Potion"},{"floor":25.0,"key":"SmokeBomb"},{"floor":29.0,"key":"Block Potion"},{"floor":30.0,"key":"AttackPotion"},{"floor":39,"key":"Energy Potion"},{"floor":44,"key":"SpeedPotion"}],"is_trial":false,"path_per_floor":["M","?","?","T","M","E","M","E","T","E","R","M","R","M","R","B",null,"M","?","M","M","M","E","?","E","T","M","R","M","M","$","R","B",null,"M","M","M","?","M","R","E","M","T","M","E","M","$","M","R","B",null],"character_chosen":"THE_SILENT","items_purchased":["Toxic Egg 2","Cloak And Dagger+1","Accuracy+1","Panache+1","Accuracy+1","Backflip+1","Doppelganger+1","Accuracy+1","Infinite Blades+1","Violence+1","Unceasing Top","Mango","Strength Potion"],"campfire_rested":5,"item_purchase_floors":[31,31,31,31,31,31,31,31,31,47,47,47,47],"current_hp_per_floor":[68,67,66,71,70,69,68,50,56,51,51,47,67,67,66,67,70,69,68,59,59,59,50,50,50,50,50,59,58,57,56,55,60,59,58,57,56,55,54,53,54,53,58,57,56,55,68,67,66,71],"gold":36,"neow_bonus":"","is_prod":false,"is_daily":true,"chose_seed":false,"campfire_upgraded":2,"win_rate":0,"timestamp":1557970197,"path_taken":["M","?","?","?","M","E","M","E","T","E","R","M","R","M","R","BOSS","M","?","?","M","M","E","?","E","T","?","R","M","M","?","R","BOSS","M","M","M","?","M","R","E","M","T","M","E","M","$","M","R","BOSS"],"build_version":"2019-01-23","purchased_purges":2,"victory":true,"max_hp_per_floor":[68,67,66,71,70,69,68,67,72,71,70,69,68,67,66,71,70,69,68,67,66,65,64,63,62,61,60,59,58,57,56,55,60,59,58,57,56,55,54,53,54,53,58,57,56,55,68,67,66,71],"card_choices":[{"not_picked":["Skewer","Accuracy+1"],"picked":"Noxious Fumes+1","floor":6.0},{"not_picked":["Outmaneuver","Quick Slash"],"picked":"Flechettes","floor":8.0},{"not_picked":["Bane","Doppelganger"],"picked":"Noxious Fumes+1","floor":10.0},{"not_picked":["Glass Knife","Bullet Time"],"picked":"Storm of Steel","floor":16.0},{"not_picked":["Outmaneuver","Dagger Spray"],"picked":"Blade Dance","floor":23.0},{"not_picked":["Sucker Punch+1","Escape Plan+1"],"picked":"Prepared","floor":25.0},{"not_picked":["Malaise+1","Unload"],"picked":"Adrenaline+1","floor":33},{"not_picked":["Dodge and Roll+1","PiercingWail+1","Deadly Poison+1"],"picked":"Singing Bowl","floor":41},{"not_picked":["Skewer+1","Escape Plan+1"],"picked":"Tools of the Trade+1","floor":45}],"player_experience":67641,"relics_obtained":[{"floor":1.0,"key":"Bag of Marbles"},{"floor":4.0,"key":"MawBank"},{"floor":5.0,"key":"Frozen Egg 2"},{"floor":6.0,"key":"Anchor"},{"floor":7.0,"key":"The Courier"},{"floor":8.0,"key":"Ornamental Fan"},{"floor":9.0,"key":"Centennial Puzzle"},{"floor":10.0,"key":"Vajra"},{"floor":12.0,"key":"Shuriken"},{"floor":14.0,"key":"Sundial"},{"floor":18.0,"key":"Omamori"},{"floor":20.0,"key":"Orichalcum"},{"floor":21.0,"key":"Ninja Scroll"},{"floor":22.0,"key":"Gremlin Horn"},{"floor":23.0,"key":"Mercury Hourglass"},{"floor":25.0,"key":"Bag of Preparation"},{"floor":26.0,"key":"Bronze Scales"},{"floor":27.0,"key":"Dodecahedron"},{"floor":29.0,"key":"Smiling Mask"},{"floor":30.0,"key":"PreservedInsect"},{"floor":35,"key":"Paper Crane"},{"floor":36,"key":"Molten Egg 2"},{"floor":37,"key":"Singing Bowl"},{"floor":39,"key":"Happy Flower"},{"floor":41,"key":"Art of War"},{"floor":42,"key":"Blood Vial"},{"floor":43,"key":"Whetstone"},{"floor":44,"key":"Pantograph"},{"floor":45,"key":"Bottled Lightning"},{"floor":46,"key":"Bottled Flame"},{"floor":48,"key":"Calipers"}],"event_choices":[{"damage_healed":0.0,"max_hp_gain":0.0,"max_hp_loss":0.0,"gold_gain":0.0,"event_name":"Golden Wing","player_choice":"Ignored","floor":2.0,"gold_loss":0.0,"damage_taken":0.0},{"damage_healed":0.0,"max_hp_gain":0.0,"max_hp_loss":0.0,"gold_gain":0.0,"event_name":"Living Wall","player_choice":"Grow","floor":3.0,"gold_loss":0.0,"damage_taken":0.0,"cards_upgraded":["Neutralize"]},{"damage_healed":0.0,"max_hp_gain":0.0,"max_hp_loss":0.0,"gold_gain":275.0,"event_name":"Golden Shrine","player_choice":"Desecrate","floor":19.0,"gold_loss":0.0,"damage_taken":0.0,"cards_obtained":["Regret"]},{"damage_healed":0.0,"max_hp_gain":0.0,"max_hp_loss":0.0,"gold_gain":0.0,"event_name":"Upgrade Shrine","player_choice":"Upgraded","floor":24.0,"gold_loss":0.0,"damage_taken":0.0,"cards_upgraded":["Blade Dance"]},{"damage_healed":0,"gold_gain":0,"player_choice":"Ignored","damage_taken":0,"max_hp_gain":0,"max_hp_loss":0,"event_name":"Tomb of Lord Red Mask","floor":38,"gold_loss":0}],"is_beta":false,"boss_relics":[{"not_picked":["Busted Crown","Philosopher\u0027s Stone"],"picked":"Fusion Hammer"},{"not_picked":["Orrery","Snecko Eye"],"picked":"Empty Cage"}],"items_purged_floors":[31,47],"is_endless":false,"potions_floor_spawned":[5,6,16,18,25,29,30,39,41,44,46,48],"ascension_level":0}