{"gold_per_floor":[119,133,133,143,163,194,194,204,204,379,398,428,189,204,204,303,303,343,343,243,262,282,282,313,313,337,337,372,384,259,279,279,279],"floor_reached":33,"playtime":8620,"items_purged":["Doubt","Strike_B","Defend_B"],"score":299,"play_id":"bebe2f90-e566-40b3-8af0-e269ad4b621f","local_time":"20181231222232","is_ascension_mode":false,"campfire_choices":[{"floor":7.0,"key":"RECALL"},{"data":"Transmutation","floor":15.0,"key":"SMITH"},{"data":"Rainbow","floor":23.0,"key":"SMITH"},{"floor":25,"key":"REST"},{"data":"Seek","floor":27,"key":"SMITH"},{"floor":32,"key":"REST"}],"neow_cost":"NONE","seed_source_timestamp":0,"circlet_count":0,"master_deck":["Strike_B","Strike_B+1","Strike_B+1","Defend_B","Defend_B","Zap","Dualcast","Cold Snap","Reinforced Body","Dark Shackles","Hello World","Chill","Rainbow+1","Transmutation+1","Seek+1","Auto Shields+1","Self Repair","Blizzard"],"special_seed":0,"relics":["Philosopher\u0027s Stone","Bottled Tornado","Anchor","Nuclear Battery","Whetstone","Oddly Smooth Stone","Bag of Preparation"],"potions_floor_usage":[33,33],"damage_taken":[{"damage":0.0,"enemies":"2 Louse","floor":1.0,"turns":4.0},{"damage":0.0,"enemies":"Cultist","floor":2.0,"turns":3.0},{"damage":0.0,"enemies":"Small Slimes","floor":4.0,"turns":3.0},{"damage":1.0,"enemies":"Exordium Thugs","floor":5.0,"turns":5.0},{"damage":1.0,"enemies":"Lagavulin","floor":6.0,"turns":10.0},{"damage":13.0,"enemies":"Gremlin Gang","floor":8.0,"turns":5.0},{"damage":1.0,"enemies":"Lots of Slimes","floor":11.0,"turns":5.0},{"damage":2.0,"enemies":"Gremlin Nob","floor":12.0,"turns":4.0},{"damage":0.0,"enemies":"Blue Slaver","floor":14.0,"turns":4.0},{"damage":33.0,"enemies":"The Guardian","floor":16.0,"turns":11.0},{"damage":0.0,"enemies":"Spheric Guardian","floor":18.0,"turns":4.0},{"damage":0.0,"enemies":"Chosen","floor":21.0,"turns":6.0},{"damage":16.0,"enemies":"Snake Plant","floor":22.0,"turns":5.0},{"damage":10.0,"enemies":"Gremlin Leader","floor":24.0,"turns":11.0},{"damage":40,"enemies":"Slavers","floor":28,"turns":5},{"damage":0,"enemies":"Snecko","floor":29,"turns":5},{"damage":13,"enemies":"3 Cultists","floor":31,"turns":7},{"damage":75,"enemies":"Automaton","floor":33,"turns":12}],"seed_played":"-3225020655176705591","potions_obtained":[{"floor":2.0,"key":"Swift Potion"},{"floor":4.0,"key":"Block Potion"},{"floor":5.0,"key":"Swift Potion"},{"floor":11.0,"key":"Dexterity Potion"},{"floor":18.0,"key":"Ancient Potion"},{"floor":22.0,"key":"LiquidBronze"}],"is_trial":false,"path_per_floor":["M","M","?","M","M","E","R","M","T","?","M","E","$","M","R","B",null,"M","?","$","M","M","R","E","E","R","T","R","E","M","$","M","R","B"],"character_chosen":"DEFECT","items_purchased":["Transmutation"],"campfire_rested":2,"item_purchase_floors":[13],"current_hp_per_floor":[75,75,75,75,74,73,73,60,60,60,59,57,57,57,57,24,75,75,75,75,75,59,59,49,71,71,71,31,31,31,25,47,0],"gold":279,"neow_bonus":"BOSS_RELIC","is_prod":false,"is_daily":false,"chose_seed":false,"campfire_upgraded":3,"win_rate":1,"timestamp":1546291352,"path_taken":["M","M","?","?","M","E","R","M","T","?","M","E","$","M","R","BOSS","M","?","?","M","?","R","E","R","T","R","E","M","$","M","R","BOSS"],"build_version":"2018-12-20","purchased_purges":3,"victory":false,"max_hp_per_floor":[75,75,75,75,75,75,75,75,75,75,75,75,75,75,75,75,75,75,75,75,75,75,75,75,75,75,75,75,75,75,75,75,75],"card_choices":[{"not_picked":["Coolheaded","Lockon"],"picked":"Cold Snap","floor":1.0},{"not_picked":["Gash","Conserve Battery"],"picked":"Reinforced Body","floor":2.0},{"not_picked":["Steam","Conserve Battery"],"picked":"Hello World","floor":4.0},{"not_picked":["Gash","Cold Snap","Coolheaded"],"picked":"SKIP","floor":5.0},{"not_picked":["Fusion","Undo"],"picked":"Chill","floor":6.0},{"not_picked":["Streamline","Glacier","Gash"],"picked":"SKIP","floor":8.0},{"not_picked":["Lockon","White Noise"],"picked":"Rainbow","floor":11.0},{"not_picked":["Skim","Compile Driver","Reinforced Body"],"picked":"SKIP","floor":12.0},{"not_picked":["Gash","Compile Driver","Cold Snap"],"picked":"SKIP","floor":14.0},{"not_picked":["Echo Form","Electrodynamics"],"picked":"Seek","floor":16.0},{"not_picked":["Go for the Eyes","Cold Snap+1","Coolheaded"],"picked":"SKIP","floor":18.0},{"not_picked":["Capacitor","Fusion"],"picked":"Auto Shields+1","floor":21.0},{"not_picked":["Coolheaded","Hello World","Steam Power"],"picked":"SKIP","floor":22.0},{"not_picked":["Reinforced Body+1","Scrape","Compile Driver"],"picked":"SKIP","floor":24},{"not_picked":["Reinforced Body+1","Scrape","Compile Driver"],"picked":"SKIP","floor":24},{"not_picked":["Leap","Lockon","Beam Cell+1"],"picked":"SKIP","floor":28},{"not_picked":["Coolheaded","Beam Cell"],"picked":"Self Repair","floor":29},{"not_picked":["Streamline+1","Ball Lightning"],"picked":"Blizzard","floor":31}],"player_experience":42474,"relics_obtained":[{"floor":6.0,"key":"Bottled Tornado"},{"floor":12.0,"key":"Anchor"},{"floor":24,"key":"Whetstone"},{"floor":26,"key":"Oddly Smooth Stone"},{"floor":28,"key":"Bag of Preparation"}],"event_choices":[{"damage_healed":0.0,"max_hp_gain":0.0,"max_hp_loss":0.0,"gold_gain":0.0,"event_name":"Match and Keep!","player_choice":"1 cards matched","floor":3.0,"gold_loss":0.0,"damage_taken":0.0,"cards_obtained":["Dark Shackles"]},{"damage_healed":0.0,"max_hp_gain":0.0,"max_hp_loss":0.0,"gold_gain":175.0,"event_name":"Liars Game","player_choice":"AGREE","floor":10.0,"gold_loss":0.0,"damage_taken":0.0,"cards_obtained":["Doubt"]},{"cards_removed":["Defend_B"],"damage_healed":0.0,"max_hp_gain":0.0,"max_hp_loss":0.0,"gold_gain":0.0,"event_name":"Bonfire Elementals","player_choice":"Offered Basic","floor":19.0,"gold_loss":0.0,"damage_taken":0.0}],"is_beta":false,"boss_relics":[{"not_picked":["Orrery","Empty Cage"],"picked":"Nuclear Battery"}],"items_purged_floors":[13,20,30],"is_endless":false,"potions_floor_spawned":[2,4,5,11,18,22],"killed_by":"Automaton","ascension_level":0}