{"gold_per_floor":[116,135,146,146,1,27,27,57,57,88,88,103,103,120,120,194,194,211,231,231],"floor_reached":20,"playtime":1509,"items_purged":["Strike_G"],"score":427,"play_id":"60183115-ad44-424b-8120-0d546d340c28","local_time":"20180816183807","is_ascension_mode":true,"campfire_choices":[{"data":"Neutralize","floor":7,"key":"SMITH"},{"data":"Cloak And Dagger","floor":11,"key":"SMITH"},{"data":"Defend_G","floor":15,"key":"PURGE"}],"neow_cost":"NONE","seed_source_timestamp":3060965072788911,"circlet_count":0,"master_deck":["Defend_G","Defend_G","Defend_G","Defend_G","Strike_G","Strike_G","Strike_G","Strike_G","Survivor","Neutralize+1","AscendersBane","Backstab","Cloak And Dagger+1","A Thousand Cuts","Well Laid Plans","Flying Knee","Venomology","Tools of the Trade","Tactician","Blur","Poison Darts","Dagger Spray","Backflip"],"relics":["Ring of the Snake","Potion Belt","InfiniteJournal","Ornamental Fan","Paper Crane","Darkstone Periapt","Painkiller Herb"],"potions_floor_usage":[6,6,10,16,16,16,16,18,20],"damage_taken":[{"damage":0,"enemies":"Cultist","floor":1,"turns":5},{"damage":0,"enemies":"Small Slimes","floor":2,"turns":5},{"damage":1,"enemies":"2 Louse","floor":3,"turns":4},{"damage":11,"enemies":"Gremlin Nob","floor":6,"turns":4},{"damage":6,"enemies":"3 Sentries","floor":8,"turns":9},{"damage":6,"enemies":"Erikyupuro","floor":10,"turns":10},{"damage":4,"enemies":"Large Slime","floor":12,"turns":7},{"damage":8,"enemies":"Blue Slaver","floor":14,"turns":4},{"damage":0,"enemies":"Slime Boss","floor":16,"turns":2},{"damage":18,"enemies":"Chosen","floor":18,"turns":5},{"damage":14,"enemies":"2 Thieves","floor":19,"turns":4},{"damage":30,"enemies":"Sentry and Sphere","floor":20,"turns":5}],"seed_played":"467438422214561527","potions_obtained":[{"floor":1,"key":"Energy Potion"},{"floor":4,"key":"Cursed Concoction"},{"floor":4,"key":"SteroidPotion"},{"floor":6,"key":"Toxic Potion"},{"floor":10,"key":"Explosive Potion"},{"floor":14,"key":"Strength Potion"},{"floor":16,"key":"Venom Potion"}],"is_trial":false,"path_per_floor":["M","M","M","?","$","E","R","E","T","E","R","M","?","M","R","B",null,"?","?"],"character_chosen":"THE_SILENT","items_purchased":["Well Laid Plans"],"campfire_rested":0,"item_purchase_floors":[5],"current_hp_per_floor":[59,59,58,58,58,47,47,41,41,35,35,31,36,28,28,28,60,42,28,0],"gold":231,"neow_bonus":"RANDOM_COMMON_RELIC","is_prod":false,"is_daily":false,"chose_seed":false,"campfire_upgraded":2,"win_rate":0,"timestamp":1534437487,"path_taken":["M","M","?","?","?","E","R","E","T","E","R","M","?","M","R","BOSS","?","?","?"],"build_version":"2018-08-09","purchased_purges":1,"victory":false,"max_hp_per_floor":[66,66,66,66,66,66,66,66,66,66,66,66,71,71,71,71,71,71,71,71],"card_choices":[{"not_picked":["All Out Attack","ReplayTheSpireMod:Scrap Shanks"],"picked":"Backstab","floor":1},{"not_picked":["Fluid Movement","Prepared"],"picked":"Cloak And Dagger","floor":2},{"not_picked":["ReplayTheSpireMod:Exploit Weakness","Quick Slash"],"picked":"A Thousand Cuts","floor":3},{"not_picked":["Eviscerate","Prepared"],"picked":"Flying Knee","floor":6},{"not_picked":["Accuracy","Deflect"],"picked":"Venomology","floor":8},{"not_picked":["Slice","Eviscerate"],"picked":"Tools of the Trade","floor":10},{"not_picked":["Riddle With Holes","Bane"],"picked":"Tactician","floor":12},{"not_picked":["Flying Knee","Underhanded Strike"],"picked":"Blur","floor":14},{"not_picked":["Venomology","ReplayTheSpireMod:Necrosis"],"picked":"Poison Darts","floor":16},{"not_picked":["Blade Dance","Dodge and Roll"],"picked":"Dagger Spray","floor":18},{"not_picked":["Poisoned Stab","Quick Slash"],"picked":"Backflip","floor":19}],"player_experience":1026675,"relics_obtained":[{"floor":6,"key":"InfiniteJournal"},{"floor":8,"key":"Ornamental Fan"},{"floor":9,"key":"Paper Crane"},{"floor":10,"key":"Darkstone Periapt"}],"event_choices":[{"event_name":"The Lab","player_choice":"Got Potions","floor":4,"damage_taken":0},{"event_name":"Big Fish","player_choice":"Donut","floor":13,"damage_taken":0}],"is_beta":false,"boss_relics":[{"not_picked":["White Beast Statue","Honey Jar"],"picked":"Painkiller Herb"}],"items_purged_floors":[5],"is_endless":false,"potions_floor_spawned":[1,6,10,14,16],"killed_by":"Sentry and Sphere","ascension_level":15}