{"gold_per_floor":[11,186,203,203,219,252,252,252],"floor_reached":8,"playtime":337,"items_purged":[],"score":78,"play_id":"89faf67e-6ec9-49e9-b114-e31e866c7def","local_time":"20190509194557","is_ascension_mode":true,"campfire_choices":[{"floor":7,"key":"REST"}],"neow_cost":"NO_GOLD","seed_source_timestamp":4426305526701598,"circlet_count":0,"master_deck":["Strike_R","Strike_R","Strike_R","Strike_R","Strike_R","Defend_R","Defend_R","Defend_R","Defend_R","Bash","Feed","True Grit","Doubt","Injury","Shrug It Off","Feed"],"relics":["Burning Blood","Golden Idol","Omamori"],"potions_floor_usage":[6,8],"damage_taken":[{"damage":19,"enemies":"Jaw Worm","floor":1,"turns":5},{"damage":2,"enemies":"2 Louse","floor":3,"turns":4},{"damage":1,"enemies":"Cultist","floor":5,"turns":4},{"damage":75,"enemies":"Lagavulin","floor":6,"turns":10},{"damage":38,"enemies":"Gremlin Nob","floor":8,"turns":5}],"seed_played":"-7057326628823799773","potions_obtained":[{"floor":3,"key":"LiquidBronze"},{"floor":5,"key":"SpeedPotion"}],"is_trial":false,"path_per_floor":["?","?"],"character_chosen":"IRONCLAD","items_purchased":[],"campfire_rested":1,"item_purchase_floors":[],"current_hp_per_floor":[62,62,69,69,77,8,34,0],"gold":252,"neow_bonus":"THREE_RARE_CARDS","is_prod":false,"is_daily":false,"chose_seed":false,"campfire_upgraded":0,"win_rate":0,"timestamp":1557445557,"path_taken":["M","?","M","?","M","E","R","E"],"build_version":"2019-01-23","purchased_purges":0,"victory":false,"max_hp_per_floor":[83,83,86,86,89,89,89,89],"card_choices":[{"not_picked":["Reaper","Limit Break"],"picked":"Feed","floor":0},{"not_picked":["Body Slam","Whirlwind"],"picked":"True Grit","floor":1},{"not_picked":["Blood for Blood","Rampage","Anger"],"picked":"SKIP","floor":3},{"not_picked":["Pommel Strike","True Grit"],"picked":"Shrug It Off","floor":5},{"not_picked":["Dark Embrace","Wild Strike"],"picked":"Feed","floor":6}],"player_experience":350144,"relics_obtained":[{"floor":6,"key":"Omamori"}],"event_choices":[{"damage_healed":0,"gold_gain":175,"player_choice":"AGREE","damage_taken":0,"max_hp_gain":0,"max_hp_loss":0,"event_name":"Liars Game","floor":2,"gold_loss":0,"cards_obtained":["Doubt"]},{"damage_healed":0,"gold_gain":0,"player_choice":"Take Wound","damage_taken":0,"relics_obtained":["Golden Idol"],"max_hp_gain":0,"max_hp_loss":0,"event_name":"Golden Idol","floor":4,"gold_loss":0,"cards_obtained":["Injury"]}],"is_beta":false,"boss_relics":[],"items_purged_floors":[],"is_endless":false,"potions_floor_spawned":[3,5],"killed_by":"Gremlin Nob","ascension_level":8}