{"gold_per_floor":[115,115,190,190,37,72,72,86,155,155,191,203,231,256,268,399,411,444,476,506,538,124,164,178,221,221,269,269,285,285,45,45,173,173,186,205,205,218,233,273,292,336,409,452,77,108,121,0,0,0],"floor_reached":51,"playtime":5418,"items_purged":["Strike_R","Parasite"],"score":1277,"play_id":"ae9cef98-c750-43f7-814a-570aa7f34c4c","local_time":"20190516164602","is_ascension_mode":true,"campfire_choices":[{"data":"Uppercut","floor":7,"key":"SMITH"},{"floor":10,"key":"REST"},{"data":"Havoc","floor":12,"key":"SMITH"},{"data":"Entrench","floor":15,"key":"SMITH"},{"data":"Shockwave","floor":28,"key":"SMITH"},{"data":"Shockwave","floor":30,"key":"SMITH"},{"data":"Disarm","floor":32,"key":"SMITH"},{"floor":49,"key":"REST"}],"neow_cost":"NONE","seed_source_timestamp":2221900064078,"circlet_count":0,"master_deck":["AscendersBane","Strike_R","Strike_R","Strike_R","Defend_R+1","Defend_R+1","Defend_R","Defend_R","Bash","Uppercut+1","Anger","Corruption","Havoc+1","Carnage","Headbutt","Entrench+1","Reaper","Disarm+1","Dropkick","Shrug It Off","Dark Shackles","Feel No Pain","Shrug It Off","Shockwave+1","Shockwave+1","Offering","Havoc","True Grit","Impervious","Dual Wield","Metallicize+1","Whirlwind+1","Evolve","Battle Trance+1","Jack Of All Trades","HandOfGreed","Uppercut+1","Blood for Blood"],"relics":["Burning Blood","Golden Idol","Oddly Smooth Stone","Vajra","Shuriken","MawBank","Velvet Choker","War Paint","Letter Opener","Anchor","Paper Frog","Blood Vial","Mummified Hand","Philosopher\u0027s Stone","Orichalcum","Bottled Lightning","Frozen Egg 2","Art of War","Happy Flower","Red Mask"],"potions_floor_usage":[16,21,23,25,44,46,50,50],"damage_taken":[{"damage":8,"enemies":"Jaw Worm","floor":1,"turns":5},{"damage":34,"enemies":"Gremlin Nob","floor":6,"turns":5},{"damage":4,"enemies":"Small Slimes","floor":8,"turns":3},{"damage":12,"enemies":"Lagavulin","floor":11,"turns":5},{"damage":0,"enemies":"2 Louse","floor":13,"turns":2},{"damage":4,"enemies":"Red Slaver","floor":14,"turns":2},{"damage":10,"enemies":"Hexaghost","floor":16,"turns":9},{"damage":17,"enemies":"Shell Parasite","floor":18,"turns":4},{"damage":22,"enemies":"3 Byrds","floor":19,"turns":6},{"damage":21,"enemies":"Sentry and Sphere","floor":20,"turns":5},{"damage":35,"enemies":"Shelled Parasite and Fungi","floor":21,"turns":6},{"damage":12,"enemies":"Gremlin Leader","floor":23,"turns":8},{"damage":3,"enemies":"Cultist and Chosen","floor":24,"turns":7},{"damage":15,"enemies":"Slavers","floor":25,"turns":4},{"damage":6,"enemies":"3 Cultists","floor":29,"turns":4},{"damage":46,"enemies":"Champ","floor":33,"turns":11},{"damage":17,"enemies":"3 Darklings","floor":35,"turns":5},{"damage":0,"enemies":"Orb Walker","floor":36,"turns":2},{"damage":10,"enemies":"Writhing Mass","floor":38,"turns":8},{"damage":11,"enemies":"Sphere and 2 Shapes","floor":39,"turns":7},{"damage":44,"enemies":"Reptomancer","floor":40,"turns":10},{"damage":9,"enemies":"Spire Growth","floor":41,"turns":6},{"damage":13,"enemies":"Giant Head","floor":42,"turns":8},{"damage":53,"enemies":"Reptomancer","floor":44,"turns":8},{"damage":35,"enemies":"Nemesis","floor":46,"turns":3},{"damage":0,"enemies":"Jaw Worm Horde","floor":47,"turns":3},{"damage":22,"enemies":"Awakened One","floor":50,"turns":12}],"seed_played":"-8535176175094900766","potions_obtained":[{"floor":6,"key":"Weak Potion"},{"floor":8,"key":"Poison Potion"},{"floor":11,"key":"SkillPotion"},{"floor":16,"key":"Strength Potion"},{"floor":20,"key":"BloodPotion"},{"floor":21,"key":"SkillPotion"},{"floor":25,"key":"Weak Potion"},{"floor":33,"key":"Regen Potion"},{"floor":42,"key":"EssenceOfSteel"},{"floor":44,"key":"SteroidPotion"},{"floor":46,"key":"Dexterity Potion"}],"is_trial":false,"path_per_floor":["?","?","?","T","?","M","?"],"character_chosen":"IRONCLAD","items_purchased":["Oddly Smooth Stone","Dark Shackles","Feel No Pain","War Paint","Shrug It Off","Mummified Hand","Jack Of All Trades","HandOfGreed"],"campfire_rested":2,"item_purchase_floors":[5,22,22,22,22,31,45,45],"current_hp_per_floor":[78,56,56,56,56,28,28,30,30,56,50,50,56,58,58,54,80,77,68,53,50,50,68,80,82,82,82,82,88,88,88,88,58,81,72,85,85,87,83,63,62,69,69,50,50,23,31,31,56,52],"gold":0,"neow_bonus":"TEN_PERCENT_HP_BONUS","is_prod":false,"is_daily":false,"chose_seed":false,"campfire_upgraded":6,"win_rate":0,"timestamp":1558039562,"path_taken":["M","?","?","?","$","E","R","M","T","R","E","R","M","M","R","BOSS","M","M","M","M","$","E","M","E","T","?","R","M","R","$","R","BOSS","M","M","?","M","M","E","M","E","T","E","$","E","?","?","R","BOSS"],"build_version":"2019-01-23","purchased_purges":2,"victory":true,"max_hp_per_floor":[88,88,88,88,88,88,88,88,88,88,88,88,88,88,88,88,88,88,88,88,88,88,88,88,88,88,88,88,88,88,88,88,88,88,88,88,88,88,88,88,88,88,88,88,85,85,85,85,85,85],"card_choices":[{"not_picked":["Armaments","Pommel Strike"],"picked":"Uppercut","floor":1},{"not_picked":["Searing Blow","Rampage"],"picked":"Corruption","floor":6},{"not_picked":["True Grit","Cleave"],"picked":"Havoc","floor":8},{"not_picked":["Searing Blow","Twin Strike"],"picked":"Carnage","floor":11},{"not_picked":["Hemokinesis","Power Through"],"picked":"Headbutt","floor":13},{"not_picked":["True Grit","Reckless Charge"],"picked":"Entrench","floor":14},{"not_picked":["Juggernaut","Brutality"],"picked":"Reaper","floor":16},{"not_picked":["Cleave","Thunderclap","Anger"],"picked":"SKIP","floor":18},{"not_picked":["Warcry","Thunderclap"],"picked":"Disarm","floor":19},{"not_picked":["Havoc","True Grit"],"picked":"Dropkick","floor":20},{"not_picked":["Pommel Strike","Fiend Fire"],"picked":"Shrug It Off","floor":21},{"not_picked":["Wild Strike","Thunderclap","Clothesline"],"picked":"SKIP","floor":23},{"not_picked":["Wild Strike","Thunderclap","Clothesline"],"picked":"SKIP","floor":23},{"not_picked":["Iron Wave","Anger","Headbutt"],"picked":"SKIP","floor":24},{"not_picked":["Rupture","Sword Boomerang"],"picked":"Shockwave","floor":25},{"not_picked":["Havoc","Flex"],"picked":"Shockwave","floor":29},{"not_picked":["Exhume","Barricade"],"picked":"Offering","floor":33},{"not_picked":["Evolve","Blood for Blood"],"picked":"Havoc","floor":35},{"not_picked":["Rupture","Cleave"],"picked":"True Grit","floor":36},{"not_picked":["True Grit","Carnage"],"picked":"Dual Wield","floor":38},{"not_picked":["Whirlwind","Flex"],"picked":"Metallicize+1","floor":39},{"not_picked":["Cleave","Twin Strike","Rage"],"picked":"SKIP","floor":40},{"not_picked":["Body Slam+1","Entrench"],"picked":"Whirlwind+1","floor":41},{"not_picked":["Dual Wield","Carnage"],"picked":"Evolve","floor":42},{"not_picked":["Heavy Blade","Clash"],"picked":"Battle Trance+1","floor":44},{"not_picked":["Intimidate","Cleave"],"picked":"Uppercut+1","floor":46},{"not_picked":["Twin Strike","Combust+1"],"picked":"Blood for Blood","floor":47}],"player_experience":491129,"relics_obtained":[{"floor":6,"key":"Vajra"},{"floor":9,"key":"Shuriken"},{"floor":11,"key":"MawBank"},{"floor":23,"key":"Letter Opener"},{"floor":25,"key":"Anchor"},{"floor":26,"key":"Paper Frog"},{"floor":27,"key":"Blood Vial"},{"floor":40,"key":"Orichalcum"},{"floor":42,"key":"Bottled Lightning"},{"floor":43,"key":"Frozen Egg 2"},{"floor":44,"key":"Art of War"},{"floor":46,"key":"Happy Flower"}],"event_choices":[{"damage_healed":0,"gold_gain":0,"player_choice":"Take Damage","damage_taken":22,"relics_obtained":["Golden Idol"],"max_hp_gain":0,"max_hp_loss":0,"event_name":"Golden Idol","floor":2,"gold_loss":0},{"damage_healed":0,"gold_gain":75,"player_choice":"Gained Gold","damage_taken":0,"max_hp_gain":0,"max_hp_loss":0,"event_name":"Golden Wing","floor":3,"gold_loss":0},{"damage_healed":0,"gold_gain":0,"cards_transformed":["Strike_R"],"player_choice":"Transformed","damage_taken":0,"max_hp_gain":0,"max_hp_loss":0,"event_name":"Transmorgrifier","floor":4,"gold_loss":0,"cards_obtained":["Anger"]},{"damage_healed":0,"gold_gain":0,"player_choice":"1 cards matched","damage_taken":0,"max_hp_gain":0,"max_hp_loss":0,"event_name":"Match and Keep!","floor":37,"gold_loss":0,"cards_obtained":["Impervious"]},{"damage_healed":0,"gold_gain":0,"player_choice":"Paid","damage_taken":0,"relics_obtained":["Red Mask"],"max_hp_gain":0,"max_hp_loss":0,"event_name":"Tomb of Lord Red Mask","floor":48,"gold_loss":121}],"is_beta":false,"boss_relics":[{"not_picked":["Pandora\u0027s Box","Runic Pyramid"],"picked":"Velvet Choker"},{"not_picked":["Lizard Tail","Fusion Hammer"],"picked":"Philosopher\u0027s Stone"}],"items_purged_floors":[22,45],"is_endless":false,"potions_floor_spawned":[6,8,11,14,16,20,21,25,33,35,40,42,44,46],"ascension_level":12}