{"gold_per_floor":[110,110,35,35,53,53,71,71,71,71,86,104,104,4,4,4],"floor_reached":16,"playtime":286,"items_purged":["Strike_R","Strike_R"],"score":90,"play_id":"22d500da-080b-47a7-9890-7e3be6467fd2","local_time":"20190125062153","is_ascension_mode":false,"campfire_choices":[{"data":"Body Slam","floor":6,"key":"SMITH"},{"data":"Juggernaut","floor":8,"key":"SMITH"},{"data":"Defend_R","floor":15,"key":"SMITH"}],"neow_cost":"CURSE","seed_source_timestamp":1284941745233,"circlet_count":0,"master_deck":["Strike_R","Strike_R","Strike_R","Defend_R+1","Defend_R","Defend_R+1","Defend_R","Bash+1","Juggernaut+1","Body Slam+1"],"relics":["Burning Blood","Incense Burner","Golden Idol"],"potions_floor_usage":[12],"damage_taken":[{"damage":3,"enemies":"2 Louse","floor":1,"turns":4},{"damage":0,"enemies":"Small Slimes","floor":5,"turns":3},{"damage":3,"enemies":"Jaw Worm","floor":7,"turns":3},{"damage":9,"enemies":"3 Louse","floor":11,"turns":4},{"damage":2,"enemies":"Blue Slaver","floor":12,"turns":4},{"damage":60,"enemies":"Hexaghost","floor":16,"turns":11}],"seed_played":"-3021167727153383305","potions_obtained":[{"floor":7,"key":"FearPotion"},{"floor":11,"key":"Regen Potion"}],"is_trial":false,"path_per_floor":["M","?","$","?","M","R","M","R","T","?","M","M","?","$","R","B"],"character_chosen":"IRONCLAD","items_purchased":[],"campfire_rested":0,"item_purchase_floors":[],"current_hp_per_floor":[80,73,73,57,63,63,66,66,66,46,43,59,59,59,59,0],"gold":4,"neow_bonus":"THREE_RARE_CARDS","is_prod":false,"is_daily":false,"chose_seed":false,"campfire_upgraded":3,"win_rate":0.0,"timestamp":1548393713,"path_taken":["M","?","$","?","M","R","?","R","T","?","M","M","?","$","R","BOSS"],"build_version":"2019-01-23","purchased_purges":2,"victory":false,"max_hp_per_floor":[80,80,80,80,80,80,80,80,80,80,80,80,80,80,80,80],"card_choices":[{"not_picked":["Feed","Berserk"],"picked":"Juggernaut","floor":0},{"not_picked":["Clothesline","Iron Wave"],"picked":"Body Slam","floor":1},{"not_picked":["Pommel Strike","Heavy Blade","Disarm"],"picked":"SKIP","floor":5},{"not_picked":["Clothesline","Anger","Double Tap"],"picked":"SKIP","floor":7},{"not_picked":["Cleave","Heavy Blade","Corruption"],"picked":"SKIP","floor":11},{"not_picked":["Seeing Red","Dropkick","True Grit"],"picked":"SKIP","floor":12}],"player_experience":7833,"relics_obtained":[{"floor":9,"key":"Incense Burner"}],"event_choices":[{"cards_removed":["Shame"],"damage_healed":0,"gold_gain":0,"player_choice":"Card Removal","damage_taken":7,"max_hp_gain":0,"max_hp_loss":0,"event_name":"Golden Wing","floor":2,"gold_loss":0},{"damage_healed":0,"gold_gain":0,"player_choice":"Entered Light","damage_taken":16,"max_hp_gain":0,"max_hp_loss":0,"event_name":"Shining Light","floor":4,"gold_loss":0,"cards_upgraded":["Bash","Defend_R"]},{"damage_healed":0,"gold_gain":0,"player_choice":"Take Damage","damage_taken":20,"relics_obtained":["Golden Idol"],"max_hp_gain":0,"max_hp_loss":0,"event_name":"Golden Idol","floor":10,"gold_loss":0},{"damage_healed":0,"gold_gain":0,"player_choice":"Ignored","damage_taken":0,"max_hp_gain":0,"max_hp_loss":0,"event_name":"Liars Game","floor":13,"gold_loss":0}],"is_beta":false,"boss_relics":[],"items_purged_floors":[3,14],"is_endless":false,"potions_floor_spawned":[7,11],"killed_by":"Hexaghost","ascension_level":0}