{"gold_per_floor":[116,19,19,36,36,36,51,76,146,146,146,146,159,194,194,295,295,311,324,77,177,127,127,153,166,166,166,181,245,255,273,273,273],"floor_reached":33,"playtime":1255,"items_purged":["Defend_R","Strike_R+1"],"score":413,"play_id":"2529300d-0195-49ee-b0ba-7f3ac2ffdb7b","local_time":"20190401203107","is_ascension_mode":true,"campfire_choices":[{"data":"Rage","floor":6.0,"key":"SMITH"},{"data":"Bash","floor":10.0,"key":"SMITH"},{"data":"Cleave","floor":12.0,"key":"SMITH"},{"data":"Exhume","floor":15.0,"key":"SMITH"},{"floor":23.0,"key":"REST"},{"floor":27.0,"key":"REST"},{"floor":32,"key":"REST"}],"neow_cost":"NONE","seed_source_timestamp":890654642866400,"circlet_count":0,"master_deck":["Defend_R","Defend_R","Defend_R","Bash+1","Rage+1","Shrug It Off+1","Twin Strike+1","Disarm","Cleave+1","Sword Boomerang+1","Exhume+1","Limit Break","Body Slam+1","True Grit+1","Brutality+1","Heavy Blade","Thunderclap+1","Inflame+1","Pummel","Ghostly Armor+1"],"special_seed":0,"relics":["Burning Blood","Art of War","Strawberry","Vajra","Matryoshka","Bottled Flame","Astrolabe","Oddly Smooth Stone","Thread and Needle","Sundial","Whetstone","PreservedInsect","Toxic Egg 2","Tiny Chest"],"potions_floor_usage":[29,29,33],"damage_taken":[{"damage":7.0,"enemies":"Jaw Worm","floor":1.0,"turns":4.0},{"damage":3.0,"enemies":"Cultist","floor":4.0,"turns":4.0},{"damage":0.0,"enemies":"Small Slimes","floor":7.0,"turns":3.0},{"damage":5.0,"enemies":"3 Sentries","floor":8.0,"turns":9.0},{"damage":0.0,"enemies":"Gremlin Gang","floor":13.0,"turns":3.0},{"damage":25.0,"enemies":"Lagavulin","floor":14.0,"turns":5.0},{"damage":20.0,"enemies":"Hexaghost","floor":16.0,"turns":12.0},{"damage":12.0,"enemies":"3 Byrds","floor":18.0,"turns":5.0},{"damage":11.0,"enemies":"Chosen","floor":19.0,"turns":5.0},{"damage":16.0,"enemies":"Colosseum Slavers","floor":21.0,"turns":4.0},{"damage":44.0,"enemies":"Colosseum Nobs","floor":21.0,"turns":4.0},{"damage":33.0,"enemies":"Book of Stabbing","floor":24.0,"turns":6.0},{"damage":10.0,"enemies":"Centurion and Healer","floor":25.0,"turns":7.0},{"damage":8.0,"enemies":"Sentry and Sphere","floor":28.0,"turns":5.0},{"damage":24,"enemies":"Slavers","floor":29,"turns":4},{"damage":4,"enemies":"3 Cultists","floor":30,"turns":5},{"damage":9,"enemies":"Centurion and Healer","floor":31,"turns":5},{"damage":61,"enemies":"Collector","floor":33,"turns":6}],"seed_played":"1539889158001202473","potions_obtained":[{"floor":1.0,"key":"SpeedPotion"},{"floor":7.0,"key":"Fire Potion"},{"floor":14.0,"key":"BloodPotion"},{"floor":19.0,"key":"Poison Potion"},{"floor":25.0,"key":"Strength Potion"},{"floor":28.0,"key":"EssenceOfSteel"},{"floor":31,"key":"Block Potion"}],"is_trial":false,"path_per_floor":["M","$","?","M","?","R","M","E","T","R","?","R","M","E","R","B",null,"M","M","$","?","?","R","E","M","T","R","M","E","M","M","R","B"],"character_chosen":"IRONCLAD","items_purchased":["Shrug It Off","Oddly Smooth Stone"],"campfire_rested":3,"item_purchase_floors":[2,20],"current_hp_per_floor":[71,71,71,74,57,57,63,64,64,64,64,64,70,51,51,37,75,69,64,64,24,24,50,23,19,19,45,43,25,27,24,50,0],"gold":273,"neow_bonus":"RANDOM_COMMON_RELIC","is_prod":false,"is_daily":false,"chose_seed":false,"campfire_upgraded":4,"win_rate":0,"timestamp":1554143467,"path_taken":["M","$","?","M","?","R","M","E","T","R","?","R","M","E","R","BOSS","M","?","$","?","?","R","E","?","T","R","M","E","M","M","R","BOSS"],"build_version":"2019-01-23","purchased_purges":2,"victory":false,"max_hp_per_floor":[80,80,87,87,87,87,87,87,87,87,87,87,87,87,87,87,87,87,87,87,87,87,87,87,87,87,87,87,87,87,87,87,87],"card_choices":[{"not_picked":["Dual Wield","Thunderclap"],"picked":"Rage","floor":1.0},{"not_picked":["Thunderclap","Warcry"],"picked":"Twin Strike","floor":4.0},{"not_picked":["Bloodletting","Perfected Strike"],"picked":"Disarm","floor":7.0},{"not_picked":["Anger","Dark Embrace"],"picked":"Cleave","floor":8.0},{"not_picked":["Anger","Disarm"],"picked":"Sword Boomerang","floor":13.0},{"not_picked":["Body Slam","Burning Pact"],"picked":"Exhume","floor":14.0},{"not_picked":["Exhume","Barricade"],"picked":"Limit Break","floor":16.0},{"not_picked":["Shrug It Off","Reckless Charge"],"picked":"Heavy Blade","floor":18.0},{"not_picked":["Pommel Strike","Warcry","Wild Strike"],"picked":"SKIP","floor":19.0},{"not_picked":["Reaper","Sword Boomerang"],"picked":"Thunderclap+1","floor":21.0},{"not_picked":["Fiend Fire","Intimidate+1","Disarm"],"picked":"SKIP","floor":24.0},{"not_picked":["Entrench+1","Twin Strike"],"picked":"Inflame+1","floor":25.0},{"not_picked":["Armaments+1","Inflame","Havoc+1"],"picked":"SKIP","floor":28.0},{"not_picked":["Spot Weakness+1","Immolate"],"picked":"Pummel","floor":29},{"not_picked":["Flex+1","Perfected Strike","Combust"],"picked":"SKIP","floor":30},{"not_picked":["Warcry+1","Anger"],"picked":"Ghostly Armor+1","floor":31}],"player_experience":129615,"relics_obtained":[{"floor":8.0,"key":"Vajra"},{"floor":9.0,"key":"Matryoshka"},{"floor":14.0,"key":"Bottled Flame"},{"floor":21.0,"key":"Thread and Needle"},{"floor":21.0,"key":"Sundial"},{"floor":24.0,"key":"Whetstone"},{"floor":26.0,"key":"PreservedInsect"},{"floor":26.0,"key":"Toxic Egg 2"},{"floor":29,"key":"Tiny Chest"}],"event_choices":[{"damage_healed":0.0,"max_hp_gain":0.0,"max_hp_loss":0.0,"gold_gain":0.0,"event_name":"Scrap Ooze","player_choice":"Success","floor":3.0,"gold_loss":0.0,"damage_taken":7.0,"relics_obtained":["Strawberry"]},{"damage_healed":0.0,"max_hp_gain":0.0,"max_hp_loss":0.0,"gold_gain":0.0,"event_name":"Shining Light","player_choice":"Entered Light","floor":5.0,"gold_loss":0.0,"damage_taken":17.0,"cards_upgraded":["Strike_R","Shrug It Off"]},{"cards_removed":["Strike_R"],"damage_healed":0.0,"max_hp_gain":0.0,"max_hp_loss":0.0,"gold_gain":0.0,"event_name":"Purifier","player_choice":"Purged","floor":11.0,"gold_loss":0.0,"damage_taken":0.0},{"damage_healed":0.0,"max_hp_gain":0.0,"max_hp_loss":0.0,"gold_gain":0.0,"event_name":"Colosseum","player_choice":"Fight","floor":21.0,"gold_loss":0.0,"damage_taken":0.0},{"damage_healed":0.0,"max_hp_gain":0.0,"max_hp_loss":0.0,"gold_gain":0.0,"event_name":"Colosseum","player_choice":"Fought Nobs","floor":21.0,"gold_loss":0.0,"damage_taken":0.0},{"damage_healed":0.0,"max_hp_gain":0.0,"max_hp_loss":0.0,"gold_gain":0.0,"event_name":"The Joust","player_choice":"Bet on Murderer","floor":22.0,"gold_loss":50.0,"damage_taken":0.0}],"is_beta":false,"boss_relics":[{"not_picked":["Coffee Dripper","Runic Cube"],"picked":"Astrolabe"}],"items_purged_floors":[2,20],"is_endless":false,"potions_floor_spawned":[1,7,14,19,25,28,31],"killed_by":"Collector","ascension_level":8}