{"gold_per_floor":[115,115,115,115,131,164,164,181,181,208,33,33,33],"floor_reached":13,"playtime":296,"items_purged":[],"score":162,"play_id":"bf7161bc-9b2c-419e-97b6-70c06602d2d7","local_time":"20190403114038","is_ascension_mode":true,"campfire_choices":[{"data":"Limit Break","floor":7,"key":"SMITH"}],"neow_cost":"NONE","seed_source_timestamp":81487352265472,"circlet_count":0,"master_deck":["Strike_R","Strike_R","Strike_R","Strike_R","Strike_R","Defend_R","Defend_R","Defend_R","Defend_R","Bash","Wild Strike","Regret","Flame Barrier","Limit Break+1","Rupture","True Grit","Whirlwind"],"relics":["Burning Blood","NeowsBlessing","Question Card","Boot","The Courier","Pantograph","Singing Bowl","Blood Vial","Golden Idol"],"potions_floor_usage":[13],"damage_taken":[{"damage":0,"enemies":"Cultist","floor":1,"turns":1},{"damage":0,"enemies":"2 Louse","floor":5,"turns":1},{"damage":0,"enemies":"Lagavulin","floor":6,"turns":1},{"damage":6,"enemies":"Small Slimes","floor":8,"turns":5},{"damage":74,"enemies":"3 Sentries","floor":10,"turns":13},{"damage":40,"enemies":"Red Slaver","floor":13,"turns":5}],"seed_played":"-4932760465303301926","potions_obtained":[{"floor":1,"key":"FearPotion"},{"floor":4,"key":"Strength Potion"},{"floor":4,"key":"FairyPotion"},{"floor":8,"key":"Ancient Potion"}],"is_trial":false,"path_per_floor":["M","T","?","?","M","E","R","M","T","E","$","?","M"],"character_chosen":"IRONCLAD","items_purchased":["Whirlwind","Blood Vial"],"campfire_rested":0,"item_purchase_floors":[11,11],"current_hp_per_floor":[78,78,78,78,80,80,80,80,80,12,12,12,0],"gold":33,"neow_bonus":"THREE_ENEMY_KILL","is_prod":false,"is_daily":false,"chose_seed":false,"campfire_upgraded":1,"win_rate":0,"timestamp":1554284438,"path_taken":["M","?","?","?","?","E","R","M","T","E","$","?","M"],"build_version":"2019-01-23","purchased_purges":0,"victory":false,"max_hp_per_floor":[80,80,80,80,80,80,80,80,80,80,80,74,74],"card_choices":[{"not_picked":["Anger","Power Through"],"picked":"Wild Strike","floor":1},{"not_picked":["Armaments","Sword Boomerang","Sever Soul"],"picked":"Flame Barrier","floor":5},{"not_picked":["Armaments","Perfected Strike","Sword Boomerang"],"picked":"Limit Break","floor":6},{"not_picked":["Body Slam","Searing Blow","Cleave"],"picked":"Rupture","floor":8},{"not_picked":["Thunderclap","Berserk","Feel No Pain"],"picked":"True Grit","floor":10}],"player_experience":134832,"relics_obtained":[{"floor":2,"key":"Question Card"},{"floor":6,"key":"The Courier"},{"floor":9,"key":"Pantograph"},{"floor":10,"key":"Singing Bowl"}],"event_choices":[{"damage_healed":0,"gold_gain":0,"player_choice":"Box","damage_taken":0,"relics_obtained":["Boot"],"max_hp_gain":0,"max_hp_loss":0,"event_name":"Big Fish","floor":3,"gold_loss":0,"cards_obtained":["Regret"]},{"damage_healed":0,"gold_gain":0,"player_choice":"Got Potions","damage_taken":0,"max_hp_gain":0,"max_hp_loss":0,"event_name":"Lab","floor":4,"gold_loss":0},{"damage_healed":0,"gold_gain":0,"player_choice":"Lose Max HP","damage_taken":0,"relics_obtained":["Golden Idol"],"max_hp_gain":0,"max_hp_loss":6,"event_name":"Golden Idol","floor":12,"gold_loss":0}],"is_beta":false,"boss_relics":[],"items_purged_floors":[],"is_endless":false,"potions_floor_spawned":[1,8,10],"killed_by":"Red Slaver","ascension_level":8}