{"gold_per_floor":[114,389,401,246,264,296,296,323,323,323],"floor_reached":10,"playtime":1096,"items_purged":["Regret"],"score":76,"play_id":"f73a375a-65f4-4fb2-9c9d-64471379722e","local_time":"20190515145208","is_ascension_mode":false,"campfire_choices":[{"data":"Chaos","floor":7,"key":"SMITH"}],"neow_cost":"NONE","seed_source_timestamp":14255905343539,"circlet_count":0,"master_deck":["Strike_B","Strike_B","Strike_B","Strike_B","Defend_B","Defend_B","Defend_B","Defend_B","Zap","Dualcast","Aggregate","Chaos+1","Storm","Compile Driver","Conserve Battery","Capacitor"],"relics":["Cracked Core","Bottled Tornado","Prayer Wheel","Peace Pipe"],"potions_floor_usage":[8],"damage_taken":[{"damage":1,"enemies":"Jaw Worm","floor":1,"turns":4},{"damage":8,"enemies":"Cultist","floor":3,"turns":4},{"damage":0,"enemies":"Small Slimes","floor":5,"turns":4},{"damage":40,"enemies":"Lagavulin","floor":6,"turns":7},{"damage":30,"enemies":"3 Sentries","floor":8,"turns":8},{"damage":6,"enemies":"2 Fungi Beasts","floor":10,"turns":1}],"seed_played":"-4885678947174414711","potions_obtained":[{"floor":6,"key":"SpeedPotion"},{"floor":8,"key":"Energy Potion"}],"is_trial":false,"path_per_floor":["M","?","M","$","M","E","R","E","T","M"],"character_chosen":"DEFECT","items_purchased":["Storm"],"campfire_rested":0,"item_purchase_floors":[4],"current_hp_per_floor":[81,81,73,73,73,33,33,3,3,0],"gold":323,"neow_bonus":"TEN_PERCENT_HP_BONUS","is_prod":false,"is_daily":false,"chose_seed":false,"campfire_upgraded":1,"win_rate":0.0,"timestamp":1557942728,"path_taken":["M","?","M","$","M","E","R","E","T","?"],"build_version":"2019-01-23","purchased_purges":1,"victory":false,"max_hp_per_floor":[82,82,82,82,82,82,82,82,82,82],"card_choices":[{"not_picked":["Barrage","Stack"],"picked":"Aggregate","floor":1},{"not_picked":["Sweeping Beam","Coolheaded"],"picked":"Chaos","floor":3},{"not_picked":["Reinforced Body","Genetic Algorithm"],"picked":"Compile Driver","floor":5},{"not_picked":["Leap","Barrage"],"picked":"Conserve Battery","floor":6},{"not_picked":["Steam Power","Compile Driver"],"picked":"Capacitor","floor":8}],"player_experience":53961,"relics_obtained":[{"floor":6,"key":"Bottled Tornado"},{"floor":8,"key":"Prayer Wheel"},{"floor":9,"key":"Peace Pipe"}],"event_choices":[{"damage_healed":0,"gold_gain":275,"player_choice":"Desecrate","damage_taken":0,"max_hp_gain":0,"max_hp_loss":0,"event_name":"Golden Shrine","floor":2,"gold_loss":0,"cards_obtained":["Regret"]}],"is_beta":false,"boss_relics":[],"items_purged_floors":[4],"is_endless":false,"potions_floor_spawned":[6,8],"killed_by":"2 Fungi Beasts","ascension_level":0}