{"gold_per_floor":[110,127,37,37,51,77,77,95,95,111,138,138,163,175,175,246,246,265,138,188,206,206],"floor_reached":22,"playtime":7544,"items_purged":["Strike_G"],"score":439,"play_id":"8c912414-7879-420f-af29-a39f7cddd1ac","local_time":"20181006170314","is_ascension_mode":true,"campfire_choices":[{"floor":7.0,"key":"REST"},{"floor":12.0,"key":"REST"},{"data":"Cloak And Dagger","floor":15.0,"key":"SMITH"}],"neow_cost":"","seed_source_timestamp":2013617447867913,"circlet_count":0,"master_deck":["Defend_G","Defend_G","Defend_G","Defend_G","Defend_G","Strike_G","Strike_G","Strike_G","Strike_G","Survivor","Neutralize+1","AscendersBane","Cloak And Dagger+1","Infinite Blades","Well Laid Plans","Terror","Footwork","Deflect","Blade Dance","Glass Knife","Infinite Blades","Infinite Blades","Envenom","Dodge and Roll"],"special_seed":0,"relics":["Ring of the Snake","Regal Pillow","Mercury Hourglass","Darkstone Periapt","Torii","Busted Crown"],"potions_floor_usage":[],"damage_taken":[{"damage":4.0,"enemies":"Cultist","floor":1.0,"turns":5.0},{"damage":2.0,"enemies":"Small Slimes","floor":2.0,"turns":4.0},{"damage":0.0,"enemies":"Jaw Worm","floor":5.0,"turns":5.0},{"damage":27.0,"enemies":"Gremlin Nob","floor":6.0,"turns":4.0},{"damage":7.0,"enemies":"Large Slime","floor":8.0,"turns":7.0},{"damage":24.0,"enemies":"Exordium Thugs","floor":10.0,"turns":6.0},{"damage":0.0,"enemies":"Lagavulin","floor":11.0,"turns":6.0},{"damage":36.0,"enemies":"Gremlin Nob","floor":13.0,"turns":4.0},{"damage":3.0,"enemies":"Gremlin Gang","floor":14.0,"turns":4.0},{"damage":3.0,"enemies":"Hexaghost","floor":16.0,"turns":8.0},{"damage":27.0,"enemies":"Shell Parasite","floor":18.0,"turns":4.0},{"damage":25.0,"enemies":"Spheric Guardian","floor":21.0,"turns":6.0},{"damage":20,"enemies":"Cultist and Chosen","floor":22,"turns":6}],"seed_played":"3540964747972738070","potions_obtained":[{"floor":6.0,"key":"SpeedPotion"},{"floor":10.0,"key":"GamblersBrew"},{"floor":11.0,"key":"Weak Potion"},{"floor":14.0,"key":"Block Potion"}],"is_trial":false,"path_per_floor":["M","M","$","?","M","E","R","M","T","M","E","R","E","M","R","B",null,"M","$","?","M"],"character_chosen":"THE_SILENT","items_purchased":["Well Laid Plans","Dodge and Roll"],"campfire_rested":2,"item_purchase_floors":[3,19],"current_hp_per_floor":[55,53,53,53,53,26,60,53,53,29,29,63,27,24,24,21,55,28,28,28,3,0],"gold":206,"neow_bonus":"","is_prod":false,"is_daily":false,"chose_seed":false,"campfire_upgraded":1,"win_rate":0,"timestamp":1538838194,"path_taken":["M","M","$","?","M","E","R","?","T","M","E","R","E","M","R","BOSS","M","$","?","?","M"],"build_version":"2018-10-04v2","purchased_purges":1,"victory":false,"max_hp_per_floor":[66,66,66,66,66,66,66,66,66,66,66,66,66,66,66,66,66,66,66,66,66,66],"card_choices":[{"not_picked":["Dagger Spray","Slice"],"picked":"Cloak And Dagger","floor":1.0},{"not_picked":["Prepared","Deadly Poison"],"picked":"Infinite Blades","floor":2.0},{"not_picked":["Sucker Punch","Underhanded Strike"],"picked":"Terror","floor":5.0},{"not_picked":["Dodge and Roll","Cloak And Dagger"],"picked":"Footwork","floor":6.0},{"not_picked":["Dodge and Roll","Eviscerate"],"picked":"Deflect","floor":8.0},{"not_picked":["Deadly Poison","Heel Hook"],"picked":"Blade Dance","floor":10.0},{"not_picked":["Dagger Throw","Noxious Fumes"],"picked":"Glass Knife","floor":11.0},{"not_picked":["Sucker Punch","Distraction"],"picked":"Infinite Blades","floor":13.0},{"not_picked":["Blade Dance","Dagger Spray"],"picked":"Infinite Blades","floor":14.0},{"not_picked":["Venomology","Doppelganger"],"picked":"Envenom","floor":16.0}],"player_experience":1172452,"relics_obtained":[{"floor":6.0,"key":"Regal Pillow"},{"floor":9.0,"key":"Mercury Hourglass"},{"floor":11.0,"key":"Darkstone Periapt"},{"floor":13.0,"key":"Torii"}],"event_choices":[{"event_name":"Upgrade Shrine","player_choice":"Upgraded","floor":4.0,"damage_taken":0.0},{"event_name":"Golden Shrine","player_choice":"Pray","floor":20.0,"damage_taken":0.0}],"is_beta":false,"boss_relics":[{"not_picked":["Astrolabe","WristBlade"],"picked":"Busted Crown"}],"items_purged_floors":[19],"is_endless":false,"potions_floor_spawned":[6,10,11,14],"killed_by":"Cultist and Chosen","ascension_level":18}