{"gold_per_floor":[113,188,188,207,207,236,236,266,266,266,281,281,311,7,7],"floor_reached":15,"playtime":925,"items_purged":["Strike_B"],"score":252,"play_id":"778bd337-ec62-4c78-9b9c-dc0ae688b4dd","local_time":"20181002140118","is_ascension_mode":true,"campfire_choices":[{"floor":7.0,"key":"REST"},{"floor":10.0,"key":"REST"},{"data":"Zap","floor":12.0,"key":"SMITH"}],"neow_cost":"NONE","seed_source_timestamp":0,"circlet_count":1,"master_deck":["Strike_B","Strike_B","Defend_B","Defend_B","Defend_B","Defend_B","Zap+1","Dualcast","AscendersBane","Flash of Steel","Coolheaded","Madness+1","Coolheaded","Coolheaded+1","Conserve Battery+1"],"special_seed":0,"relics":["Cracked Core","Gambling Chip","Toxic Egg 2","Circlet","Runic Capacitor"],"potions_floor_usage":[],"damage_taken":[{"damage":0.0,"enemies":"Small Slimes","floor":1.0,"turns":3.0},{"damage":8.0,"enemies":"2 Louse","floor":4.0,"turns":3.0},{"damage":31.0,"enemies":"Gremlin Nob","floor":6.0,"turns":4.0},{"damage":16.0,"enemies":"Erikyupuro","floor":8.0,"turns":7.0},{"damage":3.0,"enemies":"Jaw Worm","floor":11.0,"turns":5.0},{"damage":0.0,"enemies":"Gremlin Nob","floor":13.0,"turns":4.0}],"seed_played":"-334520342702388200","potions_obtained":[{"floor":4.0,"key":"Reflective Coating"},{"floor":11.0,"key":"Block Potion"}],"is_trial":false,"path_per_floor":["M","?","?","M","?","E","R","E","T","R","M","R","E","$"],"character_chosen":"DEFECT","items_purchased":["Runic Capacitor"],"campfire_rested":2,"item_purchase_floors":[14],"current_hp_per_floor":[64,53,46,38,38,7,28,12,12,33,30,30,30,30,30],"gold":7,"neow_bonus":"COLORLESS_CARD","is_prod":false,"is_daily":false,"chose_seed":false,"campfire_upgraded":1,"win_rate":0,"timestamp":1538481678,"path_taken":["M","?","?","?","?","E","R","E","T","R","M","R","E","$","R"],"build_version":"2018-09-27","purchased_purges":1,"victory":false,"max_hp_per_floor":[71,71,71,71,71,71,71,71,71,71,71,71,71,71,71],"card_choices":[{"not_picked":["Steam","Leap"],"picked":"Coolheaded","floor":1.0},{"not_picked":["Leap","Conserve Battery"],"picked":"Time Bomb","floor":4.0},{"not_picked":["Gash","Blizzard"],"picked":"Coolheaded","floor":6.0},{"not_picked":["Sweeping Beam","Aggregate"],"picked":"Coolheaded","floor":8.0},{"not_picked":["Buffer","White Noise+1"],"picked":"Conserve Battery+1","floor":11.0}],"player_experience":1091200,"relics_obtained":[{"floor":6.0,"key":"Gambling Chip"},{"floor":8.0,"key":"Toxic Egg 2"},{"floor":9.0,"key":"Solar Panel"}],"event_choices":[{"event_name":"World of Goop","player_choice":"Gather Gold","floor":2.0,"damage_taken":0.0},{"event_name":"Golden Wing","player_choice":"Card Removal","floor":3.0,"damage_taken":0.0},{"event_name":"Accursed Blacksmith","player_choice":"Forge","floor":5.0,"damage_taken":0.0}],"is_beta":false,"boss_relics":[],"items_purged_floors":[14],"is_endless":false,"potions_floor_spawned":[4,11],"ascension_level":17}