{"gold_per_floor":[112,37,37,53,53,80,97,97,165,165,240,256,281,291,291,291],"floor_reached":16,"playtime":417,"items_purged":["Strike_R"],"score":135,"play_id":"23f0bfec-815c-4c5c-9224-bc281ecbadc6","local_time":"20190415144542","is_ascension_mode":false,"campfire_choices":[{"data":"Defend_R","floor":10.0,"key":"SMITH"},{"data":"Defend_R","floor":15.0,"key":"SMITH"}],"neow_cost":"NONE","seed_source_timestamp":410740356525931,"circlet_count":0,"master_deck":["Strike_R","Strike_R","Strike_R","Defend_R+1","Defend_R+1","Defend_R+1","Defend_R+1","Bash+1","Dropkick"],"special_seed":0,"relics":["Burning Blood","NeowsBlessing","War Paint","Kunai","Du-Vu Doll"],"potions_floor_usage":[16,16,16],"damage_taken":[{"damage":0.0,"enemies":"2 Louse","floor":1.0,"turns":1.0},{"damage":0.0,"enemies":"Cultist","floor":4.0,"turns":1.0},{"damage":0.0,"enemies":"Lagavulin","floor":6.0,"turns":1.0},{"damage":2.0,"enemies":"Small Slimes","floor":7.0,"turns":3.0},{"damage":12.0,"enemies":"Exordium Thugs","floor":12.0,"turns":7.0},{"damage":43.0,"enemies":"3 Sentries","floor":13.0,"turns":11.0},{"damage":0.0,"enemies":"Blue Slaver","floor":14.0,"turns":5.0},{"damage":37,"enemies":"Hexaghost","floor":16,"turns":16}],"seed_played":"-7195754280343771619","potions_obtained":[{"floor":4.0,"key":"EssenceOfSteel"},{"floor":7.0,"key":"Energy Potion"},{"floor":14.0,"key":"Poison Potion"}],"is_trial":false,"path_per_floor":["M","$","?","M","?","E","M","$","T","R","?","M","E","M","R","B"],"character_chosen":"IRONCLAD","items_purchased":[],"campfire_rested":0,"item_purchase_floors":[],"current_hp_per_floor":[80,80,80,80,80,80,80,80,80,80,69,63,26,32,32,0],"gold":291,"neow_bonus":"THREE_ENEMY_KILL","is_prod":false,"is_daily":false,"chose_seed":false,"campfire_upgraded":2,"win_rate":0,"timestamp":1555332342,"path_taken":["M","$","?","?","?","E","M","?","T","R","?","M","E","M","R","BOSS"],"build_version":"2019-01-23","purchased_purges":1,"victory":false,"max_hp_per_floor":[80,80,80,80,80,80,80,80,80,80,80,80,80,80,80,80],"card_choices":[{"not_picked":["Iron Wave","Flex","Body Slam"],"picked":"SKIP","floor":1.0},{"not_picked":["Twin Strike","Metallicize","Sever Soul"],"picked":"SKIP","floor":4.0},{"not_picked":["Shrug It Off","Rupture","Armaments"],"picked":"SKIP","floor":6.0},{"not_picked":["Barricade","Disarm"],"picked":"Dropkick","floor":7.0},{"not_picked":["Cleave","Thunderclap","Blood for Blood"],"picked":"SKIP","floor":12.0},{"not_picked":["Havoc","Fire Breathing","Bloodletting"],"picked":"SKIP","floor":13.0},{"not_picked":["Cleave","Wild Strike","Inflame"],"picked":"SKIP","floor":14.0}],"player_experience":175191,"relics_obtained":[{"floor":6.0,"key":"War Paint"},{"floor":9.0,"key":"Kunai"},{"floor":13.0,"key":"Du-Vu Doll"}],"event_choices":[{"cards_removed":["Strike_R"],"damage_healed":0.0,"max_hp_gain":0.0,"max_hp_loss":0.0,"gold_gain":0.0,"event_name":"Purifier","player_choice":"Purged","floor":3.0,"gold_loss":0.0,"damage_taken":0.0},{"damage_healed":0.0,"max_hp_gain":0.0,"max_hp_loss":0.0,"gold_gain":0.0,"event_name":"Accursed Blacksmith","player_choice":"Forge","floor":5.0,"gold_loss":0.0,"damage_taken":0.0,"cards_upgraded":["Bash"]},{"damage_healed":0.0,"max_hp_gain":0.0,"max_hp_loss":0.0,"gold_gain":75.0,"event_name":"World of Goop","player_choice":"Gather Gold","floor":11.0,"gold_loss":0.0,"damage_taken":11.0}],"is_beta":false,"boss_relics":[],"items_purged_floors":[2],"is_endless":false,"potions_floor_spawned":[4,7,14],"killed_by":"Hexaghost","ascension_level":0}