{"gold_per_floor":[364,374,59,59,79,79,79,114,114,114,134,134,152,172,172,247,247,266,266,6,23,23,23,23],"floor_reached":24,"playtime":1157,"items_purged":["Strike_R","Pain"],"score":372,"play_id":"8f7e490c-dbf7-48d7-b04b-3509808cd112","local_time":"20190526132018","is_ascension_mode":true,"campfire_choices":[{"data":"Searing Blow","floor":6,"key":"SMITH"},{"data":"Searing Blow+2","floor":10,"key":"SMITH"},{"floor":15,"key":"REST"},{"data":"Searing Blow+3","floor":23,"key":"SMITH"}],"neow_cost":"TEN_PERCENT_HP_LOSS","seed_source_timestamp":633629554703845,"circlet_count":0,"master_deck":["AscendersBane","Strike_R","Strike_R+1","Strike_R","Defend_R","Defend_R","Defend_R","Defend_R","Bash","Whirlwind","Shrug It Off","Searing Blow+4","Clothesline","Metallicize+1","Armaments","Headbutt+1","Spot Weakness","Fire Breathing","Shrug It Off","Offering","Evolve","Reaper","Feel No Pain","Ghostly","Ghostly","Ghostly"],"relics":["Burning Blood","Gremlin Horn","Whetstone","Snecko Eye","WarpedTongs"],"potions_floor_usage":[16,16,24,24],"damage_taken":[{"damage":11,"enemies":"Jaw Worm","floor":1,"turns":5},{"damage":4,"enemies":"2 Louse","floor":2,"turns":3},{"damage":4,"enemies":"Cultist","floor":5,"turns":4},{"damage":31,"enemies":"3 Sentries","floor":8,"turns":8},{"damage":6,"enemies":"Looter","floor":11,"turns":2},{"damage":2,"enemies":"2 Fungi Beasts","floor":13,"turns":3},{"damage":0,"enemies":"3 Louse","floor":14,"turns":1},{"damage":43,"enemies":"Slime Boss","floor":16,"turns":13},{"damage":8,"enemies":"3 Byrds","floor":18,"turns":4},{"damage":28,"enemies":"Spheric Guardian","floor":21,"turns":5},{"damage":36,"enemies":"Slavers","floor":24,"turns":5}],"seed_played":"7494926578907675270","potions_obtained":[{"floor":1,"key":"FearPotion"},{"floor":8,"key":"Weak Potion"},{"floor":11,"key":"Strength Potion"},{"floor":16,"key":"AttackPotion"},{"floor":18,"key":"SpeedPotion"}],"is_trial":false,"path_per_floor":["?","?","?","?","M","?"],"character_chosen":"IRONCLAD","items_purchased":["Searing Blow","Clothesline","Metallicize","Armaments","Reaper"],"campfire_rested":1,"item_purchase_floors":[3,3,3,3,20],"current_hp_per_floor":[63,65,65,45,47,47,52,27,27,27,27,20,24,30,51,14,58,56,56,56,37,36,36,0],"gold":23,"neow_bonus":"TWO_FIFTY_GOLD","is_prod":false,"is_daily":false,"chose_seed":false,"campfire_upgraded":3,"win_rate":0,"timestamp":1558891218,"path_taken":["M","M","$","?","M","R","?","E","T","R","M","?","M","M","R","BOSS","M","?","$","?","?","R","E"],"build_version":"2019-01-23","purchased_purges":2,"victory":false,"max_hp_per_floor":[68,68,68,68,68,68,73,73,73,73,73,73,73,73,73,73,73,73,73,73,73,36,36,36],"card_choices":[{"not_picked":["Feel No Pain","Corruption"],"picked":"Whirlwind","floor":1},{"not_picked":["Wild Strike","Entrench"],"picked":"Shrug It Off","floor":2},{"not_picked":["Thunderclap","Clash","Flex"],"picked":"SKIP","floor":5},{"not_picked":["Iron Wave","Juggernaut"],"picked":"Headbutt","floor":8},{"not_picked":["Shrug It Off","Havoc"],"picked":"Spot Weakness","floor":11},{"not_picked":["Searing Blow","Flex"],"picked":"Fire Breathing","floor":13},{"not_picked":["Cleave","Spot Weakness"],"picked":"Shrug It Off","floor":14},{"not_picked":["Double Tap","Immolate"],"picked":"Offering","floor":16},{"not_picked":["Flex","Thunderclap"],"picked":"Evolve","floor":18},{"not_picked":["Sword Boomerang","Body Slam"],"picked":"Feel No Pain","floor":21}],"player_experience":712546,"relics_obtained":[{"floor":8,"key":"Gremlin Horn"},{"floor":9,"key":"Whetstone"}],"event_choices":[{"damage_healed":0,"gold_gain":0,"player_choice":"Entered Light","damage_taken":20,"max_hp_gain":0,"max_hp_loss":0,"event_name":"Shining Light","floor":4,"gold_loss":0,"cards_upgraded":["Metallicize","Strike_R"]},{"damage_healed":0,"gold_gain":0,"player_choice":"Donut","damage_taken":0,"max_hp_gain":5,"max_hp_loss":0,"event_name":"Big Fish","floor":7,"gold_loss":0},{"cards_removed":["Strike_R"],"damage_healed":0,"gold_gain":0,"player_choice":"Card Removal","damage_taken":7,"max_hp_gain":0,"max_hp_loss":0,"event_name":"Golden Wing","floor":12,"gold_loss":0},{"damage_healed":0,"gold_gain":0,"player_choice":"Rummage","damage_taken":0,"relics_obtained":["WarpedTongs"],"max_hp_gain":0,"max_hp_loss":0,"event_name":"Accursed Blacksmith","floor":19,"gold_loss":0,"cards_obtained":["Pain"]},{"damage_healed":0,"gold_gain":0,"player_choice":"Became a Ghost","damage_taken":0,"max_hp_gain":0,"max_hp_loss":37,"event_name":"Ghosts","floor":22,"gold_loss":0,"cards_obtained":["Ghostly","Ghostly","Ghostly"]}],"is_beta":false,"boss_relics":[{"not_picked":["Tiny House","Sozu"],"picked":"Snecko Eye"}],"items_purged_floors":[3,20],"is_endless":false,"potions_floor_spawned":[1,8,11,14,16,18],"killed_by":"Slavers","ascension_level":18}