{"gold_per_floor":[18,35,54,54,129,157,157,177,177,177,207,207,207],"floor_reached":13,"playtime":374,"items_purged":[],"score":163,"play_id":"aa4e9642-a5e3-4121-a99a-4aa2ff4b228d","local_time":"20180829083635","is_ascension_mode":true,"campfire_choices":[{"data":"Entrench","floor":7.0,"key":"SMITH"},{"floor":10.0,"key":"REST"}],"neow_cost":"NO_GOLD","seed_source_timestamp":949141123848866,"circlet_count":0,"master_deck":["Strike_R","Strike_R","Strike_R","Defend_R","Defend_R","Defend_R","Bash","AscendersBane","Inflame","Entrench+1","Disarm","Sword Boomerang","Shockwave","Flex","Body Slam"],"special_seed":0,"relics":["Burning Blood","Paper Frog","Thread and Needle","Unceasing Top"],"potions_floor_usage":[13],"damage_taken":[{"damage":6.0,"enemies":"Cultist","floor":1.0,"turns":4.0},{"damage":23.0,"enemies":"Jaw Worm","floor":2.0,"turns":4.0},{"damage":6.0,"enemies":"2 Louse","floor":3.0,"turns":4.0},{"damage":21.0,"enemies":"Lagavulin","floor":6.0,"turns":8.0},{"damage":4.0,"enemies":"Blue Slaver","floor":8.0,"turns":2.0},{"damage":36.0,"enemies":"Gremlin Nob","floor":11.0,"turns":5.0},{"damage":14,"enemies":"Lagavulin","floor":13,"turns":5}],"seed_played":"1686136870209867936","potions_obtained":[{"floor":3.0,"key":"FearPotion"},{"floor":11.0,"key":"LiquidBronze"}],"is_trial":false,"path_per_floor":["M","M","M","?","?","E","R","M","T","R","E","?"],"character_chosen":"IRONCLAD","items_purchased":[],"campfire_rested":1,"item_purchase_floors":[],"current_hp_per_floor":[68,51,51,44,33,18,18,20,20,42,12,12,0],"gold":207,"neow_bonus":"TRANSFORM_TWO_CARDS","is_prod":false,"is_daily":false,"chose_seed":false,"campfire_upgraded":1,"win_rate":0,"timestamp":1535524595,"path_taken":["M","M","M","?","?","E","R","M","T","R","E","?","E"],"build_version":"2018-08-23v2","purchased_purges":0,"victory":false,"max_hp_per_floor":[75,75,75,75,75,75,75,75,75,75,75,75,75],"card_choices":[{"not_picked":["Pommel Strike","Shrug It Off"],"picked":"Disarm","floor":1.0},{"not_picked":["Wild Strike","Warcry"],"picked":"Sword Boomerang","floor":2.0},{"not_picked":["Burning Pact","Metallicize"],"picked":"Shockwave","floor":3.0},{"not_picked":["Uppercut","Armaments"],"picked":"Flex","floor":6.0},{"not_picked":["Rampage","Carnage"],"picked":"Body Slam","floor":11.0}],"player_experience":1011567,"relics_obtained":[{"floor":6.0,"key":"Paper Frog"},{"floor":9.0,"key":"Thread and Needle"},{"floor":11.0,"key":"Unceasing Top"}],"event_choices":[{"event_name":"Golden Wing","player_choice":"Card Removal","floor":4.0,"damage_taken":0.0},{"event_name":"World of Goop","player_choice":"Gather Gold","floor":5.0,"damage_taken":0.0},{"event_name":"Liars Game","player_choice":"disagreed","floor":12.0,"damage_taken":0.0}],"is_beta":false,"boss_relics":[],"items_purged_floors":[],"is_endless":false,"potions_floor_spawned":[3,11],"killed_by":"Lagavulin","ascension_level":15}