{"gold_per_floor":[20,95,95,95,115,115,115,155,226,226,151,165,153,168,168,261,261,231,231,250,275,275],"floor_reached":22,"playtime":620,"items_purged":["Strike_R"],"score":326,"play_id":"b4461579-7224-4897-a019-4e6cfafee0cb","local_time":"20190529042158","is_ascension_mode":true,"campfire_choices":[{"data":"Barricade","floor":6.0,"key":"SMITH"},{"data":"Double Tap","floor":10.0,"key":"SMITH"},{"data":"Metallicize","floor":15.0,"key":"SMITH"}],"neow_cost":"NO_GOLD","seed_source_timestamp":148111190560469,"circlet_count":0,"master_deck":["AscendersBane","Strike_R","Strike_R","Strike_R","Defend_R","Defend_R","Defend_R","Defend_R","Bash","Barricade+1","Double Tap+1","Metallicize+1","Twin Strike","Limit Break","Body Slam"],"special_seed":0,"relics":["Burning Blood","Golden Idol","Centennial Puzzle","Champion Belt","Pear","Busted Crown"],"potions_floor_usage":[],"damage_taken":[{"damage":11.0,"enemies":"Cultist","floor":1.0,"turns":4.0},{"damage":7.0,"enemies":"2 Louse","floor":5.0,"turns":4.0},{"damage":24.0,"enemies":"Gremlin Nob","floor":8.0,"turns":4.0},{"damage":4.0,"enemies":"Jaw Worm","floor":12.0,"turns":2.0},{"damage":11.0,"enemies":"Exordium Thugs","floor":13.0,"turns":4.0},{"damage":8.0,"enemies":"Exordium Wildlife","floor":14.0,"turns":4.0},{"damage":31.0,"enemies":"The Guardian","floor":16.0,"turns":15.0},{"damage":3.0,"enemies":"2 Thieves","floor":18.0,"turns":2.0},{"damage":20.0,"enemies":"Shell Parasite","floor":20.0,"turns":7.0},{"damage":44.0,"enemies":"Shelled Parasite and Fungi","floor":21.0,"turns":11.0},{"damage":19,"enemies":"Chosen and Byrds","floor":22,"turns":4}],"seed_played":"-4058565727004397442","potions_obtained":[{"floor":1.0,"key":"AttackPotion"},{"floor":7.0,"key":"Fruit Juice"},{"floor":7.0,"key":"SmokeBomb"},{"floor":13.0,"key":"Poison Potion"},{"floor":14.0,"key":"Fire Potion"},{"floor":16.0,"key":"Explosive Potion"}],"is_trial":false,"path_per_floor":["M","?","?","T","M","R","?","E","T","R","$","M","M","M","R","B",null,"M","?","M","M","M"],"character_chosen":"IRONCLAD","items_purchased":[],"campfire_rested":0,"item_purchase_floors":[],"current_hp_per_floor":[63,52,52,52,51,51,56,38,48,48,48,50,45,43,43,18,67,70,70,56,18,0],"gold":275,"neow_bonus":"THREE_RARE_CARDS","is_prod":false,"is_daily":false,"chose_seed":false,"campfire_upgraded":3,"win_rate":0,"timestamp":1559096518,"path_taken":["M","?","?","?","?","R","?","E","T","R","$","M","?","M","R","BOSS","M","?","M","M","M"],"build_version":"2019-01-23","purchased_purges":1,"victory":false,"max_hp_per_floor":[75,75,68,68,68,68,73,73,83,83,83,83,83,83,83,83,83,83,83,83,83,83],"card_choices":[{"not_picked":["Fiend Fire","Reaper"],"picked":"Barricade","floor":0.0},{"not_picked":["Burning Pact","Havoc","Flex"],"picked":"SKIP","floor":1.0},{"not_picked":["Seeing Red","Blood for Blood","Flex"],"picked":"SKIP","floor":5.0},{"not_picked":["Perfected Strike","Exhume"],"picked":"Double Tap","floor":8.0},{"not_picked":["Blood for Blood","Flex"],"picked":"Metallicize","floor":12.0},{"not_picked":["Searing Blow","Seeing Red","Shockwave"],"picked":"SKIP","floor":13.0},{"not_picked":["Heavy Blade","Sword Boomerang"],"picked":"Twin Strike","floor":14.0},{"not_picked":["Exhume","Bludgeon"],"picked":"Limit Break","floor":16.0},{"not_picked":["Thunderclap"],"picked":"SKIP","floor":20.0},{"not_picked":["Thunderclap"],"picked":"SKIP","floor":20.0},{"not_picked":["Headbutt"],"picked":"SKIP","floor":21.0}],"player_experience":266206,"relics_obtained":[{"floor":4.0,"key":"Centennial Puzzle"},{"floor":8.0,"key":"Champion Belt"},{"floor":9.0,"key":"Pear"}],"event_choices":[{"damage_healed":0.0,"max_hp_gain":0.0,"max_hp_loss":0.0,"gold_gain":75.0,"event_name":"World of Goop","player_choice":"Gather Gold","floor":2.0,"gold_loss":0.0,"damage_taken":11.0},{"damage_healed":0.0,"max_hp_gain":0.0,"max_hp_loss":7.0,"gold_gain":0.0,"event_name":"Golden Idol","player_choice":"Lose Max HP","floor":3.0,"gold_loss":0.0,"damage_taken":0.0,"relics_obtained":["Golden Idol"]},{"damage_healed":0.0,"max_hp_gain":0.0,"max_hp_loss":0.0,"gold_gain":0.0,"event_name":"Lab","player_choice":"Got Potions","floor":7.0,"gold_loss":0.0,"damage_taken":0.0},{"damage_healed":0.0,"max_hp_gain":0.0,"max_hp_loss":0.0,"gold_gain":0.0,"cards_transformed":["Strike_R"],"event_name":"Transmorgrifier","player_choice":"Transformed","floor":19.0,"gold_loss":0.0,"damage_taken":0.0,"cards_obtained":["Body Slam"]}],"is_beta":false,"boss_relics":[{"not_picked":["Runic Dome","Orrery"],"picked":"Busted Crown"}],"items_purged_floors":[11],"is_endless":false,"potions_floor_spawned":[1,13,14,16,18],"killed_by":"Chosen and Byrds","ascension_level":15}