{"gold_per_floor":[369,369,381,391,401,401,401,434,513,530,546,561,561,561,561,656,706,718,101,112,122,122,122,147,181,207,230,50,149,149,167,167,266,266,281,37,48,48,148,148,167,0,0,0,47,57,57,69,69,69],"floor_reached":50,"playtime":1192,"items_purged":["Strike_B","Strike_B"],"score":581,"play_id":"611ffea3-c8fd-4939-90ae-d7c0a7d3b746","local_time":"20190131051906","is_ascension_mode":true,"campfire_choices":[{"data":"Defragment","floor":6,"key":"SMITH"},{"floor":13,"key":"REST"},{"data":"Loop","floor":15,"key":"SMITH"},{"data":"Defragment","floor":23,"key":"SMITH"},{"floor":30,"key":"REST"},{"floor":32,"key":"REST"},{"data":"Mayhem","floor":40,"key":"SMITH"},{"floor":49,"key":"REST"}],"neow_cost":"TEN_PERCENT_HP_LOSS","seed_source_timestamp":189297210268745,"circlet_count":0,"master_deck":["Strike_B","Defend_B+1","Defend_B","Defend_B","Defend_B","Zap+1","Dualcast+1","Ball Lightning","Defragment+1","Ball Lightning","Conserve Battery+1","Loop+1","Reboot+1","Electrodynamics","White Noise+1","Defragment+1","Mayhem+1","Force Field+1","Conserve Battery+1","Conserve Battery+1","Echo Form","Force Field+1","Amplify+1","Ball Lightning+1","Echo Form","Writhe","Leap+1","Good Instincts+1","Defragment","White Noise+1"],"relics":["Cracked Core","CultistMask","Toxic Egg 2","Tiny Chest","Dream Catcher","Tiny House","Mango","Boot","War Paint","Bag of Marbles","Juzu Bracelet","Happy Flower","Sozu","Oddly Smooth Stone","Incense Burner","Red Mask","Cables","Prayer Wheel"],"potions_floor_usage":[8,10,10,10,12,31,31,31],"damage_taken":[{"damage":5,"enemies":"Small Slimes","floor":1,"turns":3},{"damage":1,"enemies":"Cultist","floor":3,"turns":3},{"damage":2,"enemies":"Jaw Worm","floor":4,"turns":2},{"damage":8,"enemies":"Red Slaver","floor":5,"turns":3},{"damage":30,"enemies":"3 Sentries","floor":8,"turns":5},{"damage":7,"enemies":"Looter","floor":10,"turns":3},{"damage":1,"enemies":"3 Louse","floor":11,"turns":3},{"damage":0,"enemies":"Exordium Wildlife","floor":12,"turns":3},{"damage":19,"enemies":"The Guardian","floor":16,"turns":8},{"damage":12,"enemies":"3 Byrds","floor":18,"turns":3},{"damage":2,"enemies":"Shell Parasite","floor":20,"turns":4},{"damage":12,"enemies":"Snake Plant","floor":21,"turns":4},{"damage":46,"enemies":"Book of Stabbing","floor":25,"turns":5},{"damage":28,"enemies":"Snecko","floor":31,"turns":5},{"damage":10,"enemies":"Collector","floor":33,"turns":7},{"damage":14,"enemies":"Orb Walker","floor":35,"turns":4},{"damage":3,"enemies":"3 Darklings","floor":37,"turns":3},{"damage":0,"enemies":"Mind Bloom Boss Battle","floor":39,"turns":4},{"damage":16,"enemies":"Maw","floor":41,"turns":5},{"damage":11,"enemies":"2 Orb Walkers","floor":45,"turns":5},{"damage":35,"enemies":"Spire Growth","floor":46,"turns":4},{"damage":20,"enemies":"Transient","floor":48,"turns":5},{"damage":54,"enemies":"Donu and Deca","floor":50,"turns":6}],"seed_played":"3144197785600371554","potions_obtained":[{"floor":3,"key":"Dexterity Potion"},{"floor":7,"key":"EssenceOfSteel"},{"floor":7,"key":"FocusPotion"},{"floor":7,"key":"EntropicBrew"},{"floor":10,"key":"FearPotion"},{"floor":16,"key":"FearPotion"},{"floor":17,"key":"Regen Potion"},{"floor":21,"key":"Regen Potion"}],"is_trial":false,"path_per_floor":["M","?","M","M","M","R","?","E","T","M","M","M","R","?","R","B",null,"M","$","M","M","?","R","T","E","T","T","$","?","R","M","R","B",null,"M","$","M","?","?","R","M","?","T","?","?","M","?","M","R","B"],"character_chosen":"DEFECT","items_purchased":["Mayhem","Force Field+1","Mango","Conserve Battery+1","Happy Flower","Oddly Smooth Stone"],"campfire_rested":4,"item_purchase_floors":[19,19,19,28,28,36],"current_hp_per_floor":[63,63,62,60,52,52,52,22,22,15,14,14,34,34,34,15,73,61,75,73,61,61,61,61,15,15,15,15,15,41,23,49,39,87,73,73,70,70,70,70,54,54,54,76,65,30,30,10,36,0],"gold":69,"neow_bonus":"TWO_FIFTY_GOLD","is_prod":false,"is_daily":false,"chose_seed":false,"campfire_upgraded":4,"win_rate":0,"timestamp":1548908346,"path_taken":["M","?","M","?","M","R","?","E","T","M","?","M","R","?","R","BOSS","M","$","M","M","?","R","?","E","T","?","?","?","R","M","R","BOSS","M","$","M","?","?","R","M","?","T","?","?","M","?","M","R","BOSS"],"build_version":"2019-01-23","purchased_purges":2,"victory":false,"max_hp_per_floor":[68,68,68,68,68,68,68,68,68,68,68,68,68,68,68,68,73,73,87,87,87,87,87,87,87,87,87,87,87,87,87,87,87,87,87,87,87,87,87,87,87,87,87,87,87,87,87,87,87,87],"card_choices":[{"not_picked":["Streamline","Sunder"],"picked":"Ball Lightning","floor":1},{"not_picked":["Turbo","Go for the Eyes","Cold Snap"],"picked":"SKIP","floor":3},{"not_picked":["Go for the Eyes","Heatsinks"],"picked":"Defragment","floor":4},{"not_picked":["Thunder Strike","Gash"],"picked":"Ball Lightning","floor":5},{"not_picked":["Leap","Turbo"],"picked":"Conserve Battery","floor":8},{"not_picked":["Ball Lightning","Steam+1"],"picked":"Loop","floor":10},{"not_picked":["Consume+1","Compile Driver"],"picked":"Reboot+1","floor":11},{"not_picked":["Streamline","Tempest+1","Coolheaded+1"],"picked":"SKIP","floor":12},{"not_picked":["Hyperbeam","Seek+1"],"picked":"Electrodynamics","floor":16},{"not_picked":["Coolheaded+1","Ball Lightning"],"picked":"White Noise+1","floor":17},{"not_picked":["Streamline","Compile Driver"],"picked":"Defragment","floor":18},{"not_picked":["Steam+1","Loop"],"picked":"Conserve Battery+1","floor":20},{"not_picked":["Hologram+1","Rebound+1","Reprogram+1"],"picked":"SKIP","floor":21},{"not_picked":["Reprogram+1","Beam Cell+1","Coolheaded+1"],"picked":"SKIP","floor":25},{"not_picked":["Coolheaded+1","Auto Shields+1"],"picked":"Echo Form","floor":30},{"not_picked":["Sweeping Beam","Steam+1"],"picked":"Force Field+1","floor":31},{"not_picked":["Thunder Strike","Reboot+1"],"picked":"Amplify+1","floor":33},{"not_picked":["Streamline","Gash","Stack+1"],"picked":"SKIP","floor":35},{"not_picked":["Go for the Eyes","Hologram+1"],"picked":"Ball Lightning+1","floor":37},{"not_picked":["Stack+1","Hologram+1"],"picked":"Echo Form","floor":39},{"not_picked":["Compile Driver","Undo+1","Double Energy+1"],"picked":"SKIP","floor":41},{"not_picked":["Rebound","Sunder"],"picked":"Leap+1","floor":46},{"not_picked":["Rebound","Coolheaded+1","Reprogram+1"],"picked":"SKIP","floor":46},{"not_picked":["Purity+1","Impatience+1"],"picked":"Good Instincts+1","floor":47},{"not_picked":["Aggregate+1","Genetic Algorithm+1"],"picked":"Defragment","floor":48},{"not_picked":["Hello World+1","Streamline"],"picked":"White Noise+1","floor":48}],"player_experience":40399,"relics_obtained":[{"floor":8,"key":"Toxic Egg 2"},{"floor":9,"key":"Tiny Chest"},{"floor":24,"key":"Boot"},{"floor":25,"key":"War Paint"},{"floor":26,"key":"Bag of Marbles"},{"floor":27,"key":"Juzu Bracelet"},{"floor":39,"key":"Incense Burner"},{"floor":43,"key":"Cables"},{"floor":45,"key":"Prayer Wheel"}],"event_choices":[{"damage_healed":0,"gold_gain":0,"player_choice":"Trade","damage_taken":0,"relics_obtained":["CultistMask"],"max_hp_gain":0,"max_hp_loss":0,"event_name":"FaceTrader","floor":2,"gold_loss":0},{"damage_healed":0,"gold_gain":0,"player_choice":"Got Potions","damage_taken":0,"max_hp_gain":0,"max_hp_loss":0,"event_name":"Lab","floor":7,"gold_loss":0},{"damage_healed":0,"gold_gain":0,"player_choice":"Searched \u00272\u0027 times","damage_taken":0,"relics_obtained":["Dream Catcher"],"max_hp_gain":0,"max_hp_loss":0,"event_name":"Dead Adventurer","floor":14,"gold_loss":0},{"damage_healed":0,"gold_gain":0,"player_choice":"Ignored","damage_taken":0,"max_hp_gain":0,"max_hp_loss":0,"event_name":"Ghosts","floor":22,"gold_loss":0},{"damage_healed":0,"gold_gain":99,"player_choice":"Stole From Cult","damage_taken":0,"max_hp_gain":0,"max_hp_loss":0,"event_name":"Nest","floor":29,"gold_loss":0},{"cards_removed":["Strike_B"],"damage_healed":0,"gold_gain":0,"player_choice":"Removed Attack","damage_taken":0,"max_hp_gain":0,"max_hp_loss":0,"event_name":"Falling","floor":38,"gold_loss":0},{"damage_healed":0,"gold_gain":0,"player_choice":"Fight","damage_taken":0,"max_hp_gain":0,"max_hp_loss":0,"event_name":"MindBloom","floor":39,"gold_loss":0},{"damage_healed":0,"gold_gain":0,"player_choice":"Paid","damage_taken":0,"relics_obtained":["Red Mask"],"max_hp_gain":0,"max_hp_loss":0,"event_name":"Tomb of Lord Red Mask","floor":42,"gold_loss":167},{"damage_healed":22,"gold_gain":0,"player_choice":"Writhe","damage_taken":0,"max_hp_gain":0,"max_hp_loss":0,"event_name":"Winding Halls","floor":44,"gold_loss":0,"cards_obtained":["Writhe"]},{"damage_healed":0,"gold_gain":0,"player_choice":"Fight","damage_taken":0,"max_hp_gain":0,"max_hp_loss":0,"event_name":"Mysterious Sphere","floor":45,"gold_loss":0},{"damage_healed":0,"gold_gain":0,"player_choice":"Memory 1","damage_taken":0,"max_hp_gain":0,"max_hp_loss":0,"event_name":"SensoryStone","floor":47,"gold_loss":0}],"is_beta":false,"boss_relics":[{"not_picked":["Snecko Eye","Coffee Dripper"],"picked":"Tiny House"},{"not_picked":["Astrolabe","Philosopher\u0027s Stone"],"picked":"Sozu"}],"items_purged_floors":[19,36],"is_endless":false,"potions_floor_spawned":[3,10,11,16,18,20,21,35,41,45,48],"killed_by":"Donu and Deca","ascension_level":3}