{"gold_per_floor":[11,161,174,99,13,13,27,27,50,50,66,77,77,108,108,182,182,194,207,207,52,69,69,96,109,183,40,40,52,52,52,52,123,123,142,142,156,46,46,46,61,86,86,86,102,40,69,169,169,169],"floor_reached":51,"playtime":4027,"items_purged":["Strike_B","Strike_B"],"score":1361,"play_id":"c1bba042-764c-4103-b2eb-3a716a379ca1","local_time":"20190103161720","is_ascension_mode":true,"campfire_choices":[{"data":"Loop","floor":6,"key":"SMITH"},{"data":"Darkness","floor":8,"key":"SMITH"},{"data":"Dualcast","floor":10,"key":"SMITH"},{"floor":13,"key":"REST"},{"data":"Multi-Cast","floor":15,"key":"SMITH"},{"floor":23,"key":"REST"},{"floor":28,"key":"REST"},{"floor":30,"key":"REST"},{"floor":32,"key":"REST"},{"floor":40,"key":"REST"},{"floor":44,"key":"REST"},{"floor":49,"key":"REST"}],"neow_cost":"NO_GOLD","seed_source_timestamp":1835414933906399,"circlet_count":0,"master_deck":["AscendersBane","Strike_B","Defend_B","Defend_B","Defend_B","Defend_B","Zap","Dualcast+1","Genetic Algorithm","Loop+1","Doom and Gloom","Darkness+1","Conserve Battery","Multi-Cast+1","Ball Lightning","Creative AI","Go for the Eyes","Coolheaded","Defragment","Conserve Battery+1","Hologram+1","Loop","Seek+1","Go for the Eyes","Defragment","Stack+1","White Noise+1","Genetic Algorithm+1","Glacier+1","Capacitor+1","BootSequence+1","Stack+1","Heatsinks+1"],"relics":["Cracked Core","Bird Faced Urn","Oddly Smooth Stone","Kunai","Fusion Hammer","Pear","Toxic Egg 2","Shuriken","Runic Pyramid","Singing Bowl","The Courier","Boot","Incense Burner"],"potions_floor_usage":[14,22,33,50,50],"damage_taken":[{"damage":0,"enemies":"2 Louse","floor":1,"turns":2},{"damage":20,"enemies":"Jaw Worm","floor":3,"turns":5},{"damage":1,"enemies":"Cultist","floor":7,"turns":4},{"damage":7,"enemies":"Gremlin Gang","floor":11,"turns":4},{"damage":21,"enemies":"Exordium Thugs","floor":12,"turns":4},{"damage":16,"enemies":"Lagavulin","floor":14,"turns":6},{"damage":25,"enemies":"Hexaghost","floor":16,"turns":9},{"damage":5,"enemies":"Spheric Guardian","floor":18,"turns":3},{"damage":4,"enemies":"3 Byrds","floor":19,"turns":3},{"damage":0,"enemies":"Cultist and Chosen","floor":22,"turns":3},{"damage":29,"enemies":"Slavers","floor":24,"turns":4},{"damage":22,"enemies":"Shelled Parasite and Fungi","floor":25,"turns":5},{"damage":15,"enemies":"Snake Plant","floor":29,"turns":4},{"damage":70,"enemies":"Collector","floor":33,"turns":11},{"damage":0,"enemies":"Orb Walker","floor":35,"turns":4},{"damage":43,"enemies":"3 Darklings","floor":37,"turns":5},{"damage":33,"enemies":"Transient","floor":41,"turns":6},{"damage":36,"enemies":"Giant Head","floor":42,"turns":8},{"damage":0,"enemies":"Spire Growth","floor":45,"turns":6},{"damage":27,"enemies":"Reptomancer","floor":47,"turns":10},{"damage":0,"enemies":"Mind Bloom Boss Battle","floor":48,"turns":6},{"damage":2,"enemies":"Donu and Deca","floor":50,"turns":7}],"seed_played":"-1181055271242501285","potions_obtained":[{"floor":1,"key":"SkillPotion"},{"floor":3,"key":"Ancient Potion"},{"floor":19,"key":"Regen Potion"},{"floor":24,"key":"SmokeBomb"},{"floor":41,"key":"PowerPotion"},{"floor":47,"key":"Swift Potion"}],"is_trial":false,"path_per_floor":["M","?","M","?","$","R","M","R","T","R","M","M","R","E","R","B",null,"M","M","T","$","M","R","E","M","T","$","R","M","R","?","R","B",null,"M","?","M","$","?","R","M","E","T","R","M","$","E","?","R","B",null],"character_chosen":"DEFECT","items_purchased":["Doom and Gloom","Defragment","Loop","Stack+1","White Noise+1","BootSequence+1"],"campfire_rested":8,"item_purchase_floors":[5,21,27,38,38,46],"current_hp_per_floor":[64,64,44,44,44,44,45,45,45,45,40,21,42,28,28,5,55,52,48,58,58,62,81,56,42,42,42,66,57,81,81,81,40,71,77,77,48,48,48,72,53,45,45,69,83,83,72,80,83,83],"gold":169,"neow_bonus":"ONE_RARE_RELIC","is_prod":false,"is_daily":false,"chose_seed":false,"campfire_upgraded":4,"win_rate":0,"timestamp":1546528640,"path_taken":["M","?","M","?","?","R","?","R","T","R","M","M","R","E","R","BOSS","M","?","?","$","M","R","E","M","T","?","R","?","R","?","R","BOSS","M","?","M","$","?","R","?","E","T","R","M","$","E","?","R","BOSS"],"build_version":"2018-12-20","purchased_purges":2,"victory":true,"max_hp_per_floor":[71,71,71,71,71,71,71,71,71,71,71,71,71,71,71,71,71,71,71,81,81,81,81,81,81,81,81,81,81,81,81,81,81,81,81,81,81,81,81,81,81,83,83,83,83,83,83,83,83,83],"card_choices":[{"not_picked":["Loop","Reinforced Body"],"picked":"Genetic Algorithm","floor":1},{"not_picked":["Blizzard","Rebound"],"picked":"Loop","floor":3},{"not_picked":["Hologram","Streamline"],"picked":"Darkness","floor":7},{"not_picked":["Sweeping Beam","Steam"],"picked":"Conserve Battery","floor":11},{"not_picked":["Gash","BootSequence"],"picked":"Multi-Cast","floor":12},{"not_picked":["Reprogram","Tempest"],"picked":"Ball Lightning","floor":14},{"not_picked":["Electrodynamics","Thunder Strike"],"picked":"Creative AI","floor":16},{"not_picked":["Gash","Coolheaded"],"picked":"Go for the Eyes","floor":18},{"not_picked":["Stack","Go for the Eyes"],"picked":"Coolheaded","floor":19},{"not_picked":["Stack","Leap+1"],"picked":"Conserve Battery+1","floor":24},{"not_picked":["Rebound","Skim+1"],"picked":"Hologram+1","floor":25},{"not_picked":["Meteor Strike","Electrodynamics"],"picked":"Seek+1","floor":33},{"not_picked":["Streamline","Ball Lightning"],"picked":"Go for the Eyes","floor":35},{"not_picked":["Hologram+1","Tempest+1"],"picked":"Defragment","floor":37},{"not_picked":["Rebound","Leap+1"],"picked":"Glacier+1","floor":41},{"not_picked":["Reprogram+1","Consume+1","Leap+1"],"picked":"Singing Bowl","floor":42},{"not_picked":["Barrage+1","Sunder"],"picked":"Capacitor+1","floor":45},{"not_picked":["Beam Cell","Redo+1"],"picked":"Stack+1","floor":47},{"not_picked":["Streamline+1","Beam Cell"],"picked":"Heatsinks+1","floor":48}],"player_experience":1305567,"relics_obtained":[{"floor":9,"key":"Oddly Smooth Stone"},{"floor":14,"key":"Kunai"},{"floor":20,"key":"Pear"},{"floor":24,"key":"Toxic Egg 2"},{"floor":26,"key":"Shuriken"},{"floor":42,"key":"Singing Bowl"},{"floor":43,"key":"The Courier"},{"floor":47,"key":"Boot"},{"floor":48,"key":"Incense Burner"}],"event_choices":[{"damage_healed":0,"gold_gain":150,"player_choice":"AGREE","damage_taken":0,"max_hp_gain":0,"max_hp_loss":0,"event_name":"Liars Game","floor":2,"gold_loss":0,"cards_obtained":["Doubt"]},{"cards_removed":["Doubt"],"damage_healed":0,"gold_gain":0,"player_choice":"Card Removal","damage_taken":0,"max_hp_gain":0,"max_hp_loss":0,"event_name":"The Cleric","floor":4,"gold_loss":75},{"cards_removed":["Strike_B"],"damage_healed":0,"gold_gain":0,"player_choice":"Offered Basic","damage_taken":0,"max_hp_gain":0,"max_hp_loss":0,"event_name":"Bonfire Elementals","floor":36,"gold_loss":0},{"damage_healed":0,"gold_gain":0,"player_choice":"Copied","damage_taken":0,"max_hp_gain":0,"max_hp_loss":0,"event_name":"Duplicator","floor":39,"gold_loss":0,"cards_obtained":["Genetic Algorithm"]},{"damage_healed":0,"gold_gain":0,"player_choice":"Fight","damage_taken":0,"max_hp_gain":0,"max_hp_loss":0,"event_name":"MindBloom","floor":48,"gold_loss":0}],"is_beta":false,"boss_relics":[{"not_picked":["Calling Bell","Pandora\u0027s Box"],"picked":"Fusion Hammer"},{"not_picked":["Lizard Tail","Snecko Eye"],"picked":"Runic Pyramid"}],"items_purged_floors":[21,27],"is_endless":false,"potions_floor_spawned":[1,3,12,19,24,41,42,47],"ascension_level":19}