{"gold_per_floor":[112,112,127,141,160,187,187,219,219,28,58,70,432,451,451,546,546,565,565,575,37,37],"floor_reached":22,"playtime":1311,"items_purged":["Strike_R"],"score":313,"play_id":"98ad7f49-8555-4a3c-9358-0f7a2bec67de","local_time":"20190509164424","is_ascension_mode":true,"campfire_choices":[{"floor":7,"key":"REST"},{"floor":15,"key":"REST"}],"neow_cost":"NONE","seed_source_timestamp":4414437351336275,"circlet_count":0,"master_deck":["Strike_R","Strike_R","Strike_R","Strike_R","Defend_R","Defend_R","Defend_R","Defend_R","Bash","Inflame","Corruption","Inflame","Heavy Blade","Limit Break","Demon Form","Feel No Pain","Headbutt","Havoc","Offering","Heavy Blade","Burning Pact+1","Offering","Shrug It Off","Dark Shackles"],"relics":["Burning Blood","Peace Pipe","Smiling Mask","Pear","The Courier","Mummified Hand","Kunai","Old Coin","White Beast Statue","GremlinMask","Lantern","Matryoshka"],"potions_floor_usage":[6,11,16,16,22,22],"damage_taken":[{"damage":5,"enemies":"Small Slimes","floor":1,"turns":4},{"damage":8,"enemies":"Cultist","floor":3,"turns":6},{"damage":10,"enemies":"2 Louse","floor":4,"turns":2},{"damage":12,"enemies":"Blue Slaver","floor":5,"turns":6},{"damage":45,"enemies":"3 Sentries","floor":6,"turns":10},{"damage":25,"enemies":"Lagavulin","floor":8,"turns":6},{"damage":15,"enemies":"3 Sentries","floor":11,"turns":7},{"damage":18,"enemies":"Red Slaver","floor":12,"turns":3},{"damage":29,"enemies":"Lagavulin Event","floor":13,"turns":5},{"damage":23,"enemies":"Lots of Slimes","floor":14,"turns":5},{"damage":18,"enemies":"Slime Boss","floor":16,"turns":6},{"damage":48,"enemies":"2 Thieves","floor":18,"turns":5},{"damage":23,"enemies":"Shell Parasite","floor":20,"turns":3},{"damage":26,"enemies":"Centurion and Healer","floor":22,"turns":6}],"seed_played":"4680134538810460139","potions_obtained":[{"floor":1,"key":"EssenceOfSteel"},{"floor":4,"key":"Regen Potion"},{"floor":5,"key":"SpeedPotion"},{"floor":6,"key":"Fruit Juice"},{"floor":12,"key":"Strength Potion"},{"floor":18,"key":"AttackPotion"},{"floor":20,"key":"SpeedPotion"}],"is_trial":false,"path_per_floor":["?","M","?","?","M"],"character_chosen":"IRONCLAD","items_purchased":["Mummified Hand","Lantern","Offering","Shrug It Off","Matryoshka","Dark Shackles"],"campfire_rested":2,"item_purchase_floors":[10,21,21,21,21,21],"current_hp_per_floor":[81,81,79,75,69,35,62,53,53,53,59,47,24,7,37,25,84,42,42,25,25,0],"gold":37,"neow_bonus":"TEN_PERCENT_HP_BONUS","is_prod":false,"is_daily":false,"chose_seed":false,"campfire_upgraded":0,"win_rate":0,"timestamp":1557434664,"path_taken":["M","?","M","?","M","E","R","E","T","$","E","M","?","M","R","BOSS","M","?","M","$","?"],"build_version":"2019-01-23","purchased_purges":1,"victory":false,"max_hp_per_floor":[88,88,88,88,88,93,93,103,103,103,103,103,103,103,103,103,103,103,103,103,103,103],"card_choices":[{"not_picked":["Fire Breathing","Corruption"],"picked":"Inflame","floor":1},{"not_picked":["Clash","Iron Wave"],"picked":"Corruption","floor":3},{"not_picked":["Blood for Blood","Reckless Charge","Twin Strike"],"picked":"SKIP","floor":4},{"not_picked":["Anger","Clash"],"picked":"Inflame","floor":5},{"not_picked":["Pommel Strike","Armaments"],"picked":"Heavy Blade","floor":6},{"not_picked":["Reckless Charge","Body Slam"],"picked":"Limit Break","floor":8},{"not_picked":["Headbutt","Shrug It Off"],"picked":"Demon Form","floor":11},{"not_picked":["Hemokinesis","Armaments"],"picked":"Feel No Pain","floor":12},{"not_picked":["Sever Soul","Iron Wave"],"picked":"Headbutt","floor":13},{"not_picked":["Clash","Sword Boomerang"],"picked":"Havoc","floor":14},{"not_picked":["Double Tap","Berserk"],"picked":"Offering","floor":16},{"not_picked":["Armaments","Second Wind"],"picked":"Heavy Blade","floor":18},{"not_picked":["Flex","Iron Wave+1"],"picked":"Burning Pact+1","floor":20}],"player_experience":338837,"relics_obtained":[{"floor":6,"key":"Smiling Mask"},{"floor":8,"key":"Pear"},{"floor":9,"key":"The Courier"},{"floor":11,"key":"Kunai"},{"floor":13,"key":"Old Coin"}],"event_choices":[{"damage_healed":0,"gold_gain":0,"player_choice":"Gave Potion","damage_taken":0,"relics_obtained":["Peace Pipe"],"max_hp_gain":0,"max_hp_loss":0,"event_name":"WeMeetAgain","floor":2,"gold_loss":0},{"damage_healed":0,"gold_gain":0,"player_choice":"Searched \u00271\u0027 times","damage_taken":0,"max_hp_gain":0,"max_hp_loss":0,"event_name":"Dead Adventurer","floor":13,"gold_loss":0},{"damage_healed":0,"gold_gain":0,"player_choice":"Trade","damage_taken":0,"relics_obtained":["GremlinMask"],"max_hp_gain":0,"max_hp_loss":0,"event_name":"FaceTrader","floor":19,"gold_loss":0}],"is_beta":false,"boss_relics":[{"not_picked":["Black Blood","Astrolabe"],"picked":"White Beast Statue"}],"items_purged_floors":[21],"is_endless":false,"potions_floor_spawned":[1,4,5,6,12,18,20],"killed_by":"Centurion and Healer","ascension_level":8}