{"gold_per_floor":[110,110,110,127,143,143,68,68,68,78,78,78,92,112,112,214,214,224,224,238,13,13,13,13,43,43,58,76,176,194,16,16,121,121,138,158,33,0,0,0,34,34,34,34,47,47,74,186,198,210],"floor_reached":51,"playtime":1756,"items_purged":["Strike_G","Decay","Strike_G+1"],"score":788,"play_id":"4cef9302-f81c-408b-a829-706a92c47c5e","local_time":"20190124062350","is_ascension_mode":false,"campfire_choices":[{"data":"Neutralize","floor":6,"key":"SMITH"},{"data":"Bouncing Flask","floor":8,"key":"SMITH"},{"data":"Neutralize","floor":12,"key":"SMITH"},{"data":"Deadly Poison","floor":15,"key":"SMITH"},{"data":"Noxious Fumes","floor":23,"key":"SMITH"},{"floor":32,"key":"REST"},{"data":"Madness","floor":40,"key":"SMITH"},{"data":"Madness","floor":42,"key":"SMITH"},{"floor":49,"key":"REST"}],"neow_cost":"NONE","seed_source_timestamp":728776930472846,"circlet_count":0,"master_deck":["Defend_G+1","Defend_G+1","Defend_G+1","Defend_G+1","Survivor","Neutralize+1","Deadly Poison","Neutralize+1","Bouncing Flask+1","Escape Plan","Backflip","Iron Wave","Noxious Fumes+1","Backflip+1","Escape Plan+1","Madness+1","Madness+1","Crippling Poison+1","Deadly Poison"],"special_seed":0,"relics":["Ring of the Snake","NeowsBlessing","Sundial","Empty Cage","Snake Skull","Meat on the Bone","Juzu Bracelet","Torii","Matryoshka","Black Star","Red Mask","Kunai","Molten Egg 2","Dodecahedron","Bottled Lightning","Bag of Marbles","Darkstone Periapt","Centennial Puzzle","MawBank","Nunchaku"],"potions_floor_usage":[28,29,29,30,33,47,50,50],"damage_taken":[{"damage":0.0,"enemies":"Jaw Worm","floor":1.0,"turns":1.0},{"damage":0,"enemies":"2 Louse","floor":4,"turns":1},{"damage":0,"enemies":"Cultist","floor":5,"turns":1},{"damage":1,"enemies":"Looter","floor":10,"turns":4},{"damage":1,"enemies":"Red Slaver","floor":13,"turns":3},{"damage":4,"enemies":"Large Slime","floor":14,"turns":6},{"damage":5,"enemies":"Hexaghost","floor":16,"turns":7},{"damage":0,"enemies":"Spheric Guardian","floor":18,"turns":2},{"damage":0,"enemies":"Shell Parasite","floor":20,"turns":5},{"damage":9,"enemies":"Book of Stabbing","floor":25,"turns":5},{"damage":3,"enemies":"Centurion and Healer","floor":27,"turns":5},{"damage":5,"enemies":"Shelled Parasite and Fungi","floor":28,"turns":4},{"damage":11,"enemies":"Colosseum Slavers","floor":29,"turns":4},{"damage":41,"enemies":"Colosseum Nobs","floor":29,"turns":5},{"damage":13,"enemies":"Chosen and Byrds","floor":30,"turns":8},{"damage":34,"enemies":"Automaton","floor":33,"turns":9},{"damage":12,"enemies":"3 Darklings","floor":35,"turns":5},{"damage":0,"enemies":"Orb Walker","floor":36,"turns":4},{"damage":2,"enemies":"Nemesis","floor":41,"turns":7},{"damage":1,"enemies":"3 Darklings","floor":45,"turns":5},{"damage":21,"enemies":"Giant Head","floor":47,"turns":10},{"damage":1,"enemies":"Mind Bloom Boss Battle","floor":48,"turns":6},{"damage":23,"enemies":"Awakened One","floor":50,"turns":15}],"seed_played":"-5278632458693204243","potions_obtained":[{"floor":5,"key":"Regen Potion"},{"floor":10,"key":"GamblersBrew"},{"floor":13,"key":"Dexterity Potion"},{"floor":29,"key":"SkillPotion"},{"floor":35,"key":"GhostInAJar"},{"floor":41,"key":"GhostInAJar"},{"floor":48,"key":"SkillPotion"}],"is_trial":false,"path_per_floor":["M","?","?","M","M","R","$","R","T","M","$","R","M","M","R","B",null,"M","?","M","$","?","R","?","E","T","M","M","?","M","$","R","B",null,"M","M","$","?","?","R","E","R","T","?","M","T","E","?","R","B",null],"character_chosen":"THE_SILENT","items_purchased":["Snake Skull","Noxious Fumes","Regen Potion"],"campfire_rested":2,"item_purchase_floors":[21,21,31],"current_hp_per_floor":[70,63,63,63,63,63,63,63,63,62,62,62,61,57,57,52,70,70,70,70,70,70,70,70,61,61,58,53,27,26,26,47,40,70,58,58,58,58,49,49,47,47,47,47,46,46,37,36,57,46],"gold":222,"neow_bonus":"THREE_ENEMY_KILL","is_prod":false,"is_daily":false,"chose_seed":false,"campfire_upgraded":7,"win_rate":0.0,"timestamp":1548307430,"path_taken":["M","?","?","M","M","R","$","R","T","M","$","R","?","M","R","BOSS","M","?","?","$","?","R","?","E","T","M","M","?","M","$","R","BOSS","M","M","$","?","?","R","E","R","T","?","M","?","E","?","R","BOSS"],"build_version":"2019-01-23","purchased_purges":3,"victory":true,"max_hp_per_floor":[70,70,70,70,70,70,70,70,70,70,70,70,70,70,70,70,70,70,70,70,70,70,70,70,70,70,70,70,70,70,70,70,70,70,70,70,70,70,70,70,70,70,70,70,70,70,70,70,70,70],"card_choices":[{"not_picked":["Dodge and Roll","Caltrops"],"picked":"Deadly Poison","floor":1.0},{"not_picked":["Acrobatics","Distraction"],"picked":"Bouncing Flask","floor":4},{"not_picked":["Dagger Spray","Dagger Throw"],"picked":"Escape Plan","floor":5},{"not_picked":["Backstab","Well Laid Plans"],"picked":"Backflip","floor":10},{"not_picked":["Underhanded Strike","Outmaneuver","Night Terror"],"picked":"SKIP","floor":13},{"not_picked":["Terror","Flying Knee","Sucker Punch"],"picked":"SKIP","floor":14},{"not_picked":["Blade Dance","Prepared","Bouncing Flask"],"picked":"SKIP","floor":18},{"not_picked":["Backflip","Deflect","Underhanded Strike"],"picked":"SKIP","floor":20},{"not_picked":["PiercingWail","Quick Slash","Bouncing Flask"],"picked":"SKIP","floor":25},{"not_picked":["Deflect","Bouncing Flask"],"picked":"Backflip+1","floor":27},{"not_picked":["All Out Attack+1","Outmaneuver+1","Poisoned Stab"],"picked":"SKIP","floor":28},{"not_picked":["Venomology","Dagger Spray+1"],"picked":"Escape Plan+1","floor":30},{"not_picked":["Choke","Deadly Poison+1","Outmaneuver+1"],"picked":"SKIP","floor":35},{"not_picked":["Slice+1","Flying Knee+1","Underhanded Strike+1"],"picked":"SKIP","floor":36},{"not_picked":["Backflip+1","Skewer"],"picked":"Crippling Poison+1","floor":41},{"not_picked":["Outmaneuver+1","Tactician"],"picked":"Deadly Poison","floor":45},{"not_picked":["Deadly Poison+1","Unload+1","Underhanded Strike+1"],"picked":"SKIP","floor":47}],"player_experience":1491,"relics_obtained":[{"floor":9,"key":"Sundial"},{"floor":25,"key":"Meat on the Bone"},{"floor":26,"key":"Juzu Bracelet"},{"floor":29,"key":"Torii"},{"floor":29,"key":"Matryoshka"},{"floor":41,"key":"Kunai"},{"floor":41,"key":"Molten Egg 2"},{"floor":43,"key":"Dodecahedron"},{"floor":43,"key":"Bottled Lightning"},{"floor":46,"key":"Bag of Marbles"},{"floor":46,"key":"Darkstone Periapt"},{"floor":47,"key":"Centennial Puzzle"},{"floor":47,"key":"MawBank"},{"floor":48,"key":"Nunchaku"}],"event_choices":[{"cards_removed":["Strike_G"],"damage_healed":0.0,"max_hp_gain":0.0,"max_hp_loss":0.0,"gold_gain":0.0,"event_name":"Golden Wing","player_choice":"Card Removal","floor":2.0,"gold_loss":0.0,"damage_taken":7.0},{"damage_healed":0,"gold_gain":0,"player_choice":"2 cards matched","damage_taken":0,"max_hp_gain":0,"max_hp_loss":0,"event_name":"Match and Keep!","floor":3,"gold_loss":0,"cards_obtained":["Deadly Poison","Neutralize"]},{"cards_removed":["Strike_G"],"damage_healed":0,"gold_gain":0,"player_choice":"Took Card","damage_taken":0,"max_hp_gain":0,"max_hp_loss":0,"event_name":"NoteForYourself","floor":19,"gold_loss":0,"cards_obtained":["Iron Wave"]},{"damage_healed":0,"gold_gain":0,"player_choice":"Simplicity","damage_taken":0,"max_hp_gain":0,"max_hp_loss":0,"event_name":"Back to Basics","floor":22,"gold_loss":0,"cards_upgraded":["Defend_G","Defend_G","Defend_G","Defend_G","Strike_G"]},{"damage_healed":0,"gold_gain":0,"player_choice":"Cursed","damage_taken":0,"max_hp_gain":0,"max_hp_loss":0,"event_name":"Wheel of Change","floor":24,"gold_loss":0,"cards_obtained":["Decay"]},{"damage_healed":0,"gold_gain":0,"player_choice":"Fight","damage_taken":0,"max_hp_gain":0,"max_hp_loss":0,"event_name":"Colosseum","floor":29,"gold_loss":0},{"damage_healed":0,"gold_gain":0,"player_choice":"Fought Nobs","damage_taken":0,"max_hp_gain":0,"max_hp_loss":0,"event_name":"Colosseum","floor":29,"gold_loss":0},{"damage_healed":0,"gold_gain":0,"player_choice":"Paid","damage_taken":0,"relics_obtained":["Red Mask"],"max_hp_gain":0,"max_hp_loss":0,"event_name":"Tomb of Lord Red Mask","floor":38,"gold_loss":33},{"damage_healed":0,"gold_gain":0,"player_choice":"Embrace Madness","damage_taken":9,"max_hp_gain":0,"max_hp_loss":0,"event_name":"Winding Halls","floor":39,"gold_loss":0,"cards_obtained":["Madness","Madness"]},{"cards_removed":["Deadly Poison"],"damage_healed":0,"gold_gain":0,"player_choice":"Removed Skill","damage_taken":0,"max_hp_gain":0,"max_hp_loss":0,"event_name":"Falling","floor":44,"gold_loss":0},{"damage_healed":0,"gold_gain":0,"player_choice":"Fight","damage_taken":0,"max_hp_gain":0,"max_hp_loss":0,"event_name":"MindBloom","floor":48,"gold_loss":0}],"is_beta":false,"boss_relics":[{"not_picked":["White Beast Statue","Philosopher\u0027s Stone"],"picked":"Empty Cage"},{"not_picked":["Astrolabe","Lizard Tail"],"picked":"Black Star"}],"items_purged_floors":[7,31,37],"is_endless":false,"potions_floor_spawned":[5,10,13,16,20,25,27,29,35,41,48],"ascension_level":0}