{"gold_per_floor":[115,128,143,143,161,191,191,208,208,218,218,218,244,305,305,401,401,420,420,96,108,108,108,108,108,156,168,180,202,214],"floor_reached":30,"playtime":2751,"items_purged":["Decay"],"score":323,"play_id":"b916d83e-84a9-409d-92cd-e7137ccc2329","local_time":"20190502001151","is_ascension_mode":true,"campfire_choices":[{"data":"Armaments","floor":7,"key":"SMITH"},{"floor":12,"key":"REST"},{"floor":15,"key":"REST"},{"data":"Entrench","floor":23,"key":"SMITH"},{"data":"Demon Form","floor":25,"key":"SMITH"},{"data":"Heavy Blade","floor":27,"key":"SMITH"}],"neow_cost":"NONE","seed_source_timestamp":3748642878152835,"circlet_count":0,"master_deck":["Strike_R+1","Strike_R+1","Strike_R+1","Strike_R+1","Strike_R+1","Defend_R+1","Defend_R+1","Defend_R+1","Defend_R+1","Bash","Burning Pact","Armaments+1","Heavy Blade+1","Rage","Headbutt","Disarm","Demon Form+1","Warcry","Panache","Evolve","Entrench+1","Shrug It Off"],"relics":["Burning Blood","Gremlin Horn","Thread and Needle","Pear","Question Card","Coffee Dripper","MutagenicStrength","MawBank","Bottled Lightning"],"potions_floor_usage":[16,29,29,29,29],"damage_taken":[{"damage":6,"enemies":"Cultist","floor":1,"turns":4},{"damage":11,"enemies":"Jaw Worm","floor":2,"turns":7},{"damage":0,"enemies":"2 Louse","floor":3,"turns":3},{"damage":1,"enemies":"Exordium Wildlife","floor":5,"turns":3},{"damage":67,"enemies":"Lagavulin","floor":6,"turns":9},{"damage":11,"enemies":"3 Louse","floor":8,"turns":6},{"damage":2,"enemies":"Looter","floor":10,"turns":4},{"damage":17,"enemies":"3 Sentries","floor":13,"turns":10},{"damage":83,"enemies":"Slime Boss","floor":16,"turns":17},{"damage":34,"enemies":"2 Thieves","floor":18,"turns":5},{"damage":20,"enemies":"Chosen","floor":21,"turns":5},{"damage":33,"enemies":"Shelled Parasite and Fungi","floor":29,"turns":8},{"damage":15,"enemies":"Colosseum Slavers","floor":30,"turns":2}],"seed_played":"-8938806716507262988","potions_obtained":[{"floor":4,"key":"Ancient Potion"},{"floor":4,"key":"Poison Potion"},{"floor":4,"key":"EntropicBrew"},{"floor":10,"key":"EntropicBrew"},{"floor":13,"key":"Regen Potion"},{"floor":16,"key":"Fire Potion"},{"floor":18,"key":"EssenceOfSteel"}],"is_trial":false,"path_per_floor":["M","?","M","T","?","?","?","?","T","?"],"character_chosen":"IRONCLAD","items_purchased":["Panache","Evolve"],"campfire_rested":2,"item_purchase_floors":[20,20],"current_hp_per_floor":[88,83,88,88,88,27,27,22,22,26,36,65,54,54,83,21,79,51,51,51,37,37,37,37,37,37,37,37,10,0],"gold":214,"neow_bonus":"TEN_PERCENT_HP_BONUS","is_prod":false,"is_daily":false,"chose_seed":false,"campfire_upgraded":4,"win_rate":0,"timestamp":1556770311,"path_taken":["M","M","?","?","?","E","R","M","T","M","?","R","E","?","R","BOSS","M","?","$","M","?","R","?","R","T","R","?","M","?"],"build_version":"2019-01-23","purchased_purges":1,"victory":false,"max_hp_per_floor":[88,88,88,88,88,88,88,88,88,88,98,98,98,98,98,98,98,98,98,98,98,98,98,98,98,98,98,98,98,98],"card_choices":[{"not_picked":["Twin Strike","Body Slam"],"picked":"Burning Pact","floor":1},{"not_picked":["Sword Boomerang","Thunderclap"],"picked":"Armaments","floor":2},{"not_picked":["Iron Wave","Flex"],"picked":"Heavy Blade","floor":3},{"not_picked":["Twin Strike","Wild Strike"],"picked":"Rage","floor":5},{"not_picked":["Dropkick","Havoc"],"picked":"Headbutt","floor":6},{"not_picked":["Searing Blow","Iron Wave","Flex"],"picked":"SKIP","floor":8},{"not_picked":["Heavy Blade","Rupture","Wild Strike"],"picked":"SKIP","floor":10},{"not_picked":["Havoc","True Grit"],"picked":"Disarm","floor":13},{"not_picked":["Brutality","Limit Break","Double Tap"],"picked":"Demon Form","floor":16},{"not_picked":["Searing Blow+1","Reckless Charge","Second Wind+1"],"picked":"Warcry","floor":18},{"not_picked":["Carnage+1","Burning Pact","Second Wind"],"picked":"Entrench","floor":21},{"not_picked":["Warcry","Dropkick+1","Rupture"],"picked":"Shrug It Off","floor":29}],"player_experience":193174,"relics_obtained":[{"floor":6,"key":"Gremlin Horn"},{"floor":9,"key":"Thread and Needle"},{"floor":11,"key":"Pear"},{"floor":13,"key":"Question Card"},{"floor":26,"key":"MawBank"},{"floor":28,"key":"Bottled Lightning"}],"event_choices":[{"damage_healed":0,"gold_gain":0,"player_choice":"Got Potions","damage_taken":0,"max_hp_gain":0,"max_hp_loss":0,"event_name":"Lab","floor":4,"gold_loss":0},{"damage_healed":0,"gold_gain":61,"player_choice":"Gained Gold","damage_taken":0,"max_hp_gain":0,"max_hp_loss":0,"event_name":"Golden Wing","floor":14,"gold_loss":0},{"damage_healed":0,"gold_gain":0,"player_choice":"Smashed Altar","damage_taken":0,"max_hp_gain":0,"max_hp_loss":0,"event_name":"Forgotten Altar","floor":19,"gold_loss":0,"cards_obtained":["Decay"]},{"damage_healed":0,"gold_gain":0,"player_choice":"Inject Mutagens","damage_taken":0,"relics_obtained":["MutagenicStrength"],"max_hp_gain":0,"max_hp_loss":0,"event_name":"Drug Dealer","floor":22,"gold_loss":0},{"damage_healed":0,"gold_gain":0,"player_choice":"Simplicity","damage_taken":0,"max_hp_gain":0,"max_hp_loss":0,"event_name":"Back to Basics","floor":24,"gold_loss":0,"cards_upgraded":["Strike_R","Strike_R","Strike_R","Strike_R","Strike_R","Defend_R","Defend_R","Defend_R","Defend_R"]},{"damage_healed":0,"gold_gain":0,"player_choice":"Fight","damage_taken":0,"max_hp_gain":0,"max_hp_loss":0,"event_name":"Colosseum","floor":30,"gold_loss":0}],"is_beta":false,"boss_relics":[{"not_picked":["Astrolabe","Cursed Key"],"picked":"Coffee Dripper"}],"items_purged_floors":[20],"is_endless":false,"potions_floor_spawned":[10,13,16,18,21],"killed_by":"Colosseum Slavers","ascension_level":5}