{"gold_per_floor":[17,17,92,17,30,30,65,76,76,76,9,9,22,56,56,128,128,140,151,61,61],"floor_reached":21,"playtime":589,"items_purged":["Defend_G"],"score":318,"play_id":"f49d8741-bee0-48b5-99f8-8e38802213c7","local_time":"20190524210028","is_ascension_mode":true,"campfire_choices":[{"data":"Deadly Poison","floor":6,"key":"SMITH"},{"data":"Neutralize","floor":10,"key":"SMITH"},{"floor":12,"key":"REST"},{"data":"Dagger Throw","floor":15,"key":"SMITH"}],"neow_cost":"NO_GOLD","seed_source_timestamp":366531232841885,"circlet_count":0,"master_deck":["AscendersBane","Defend_G","Defend_G+1","Defend_G","Defend_G","Strike_G","Strike_G+1","Survivor","Neutralize+1","Tactician","Deadly Poison+1","Crippling Poison","Dagger Throw+1","Heel Hook+1","Dagger Throw+1","Leg Sweep","After Image","Deadly Poison+1","Tactician"],"relics":["Ring of the Serpent","Molten Egg 2","Vajra","Torii"],"potions_floor_usage":[7,14,19],"damage_taken":[{"damage":0,"enemies":"2 Louse","floor":1,"turns":2},{"damage":0,"enemies":"Jaw Worm","floor":5,"turns":4},{"damage":7,"enemies":"Lagavulin","floor":7,"turns":4},{"damage":0,"enemies":"Cultist","floor":8,"turns":2},{"damage":12,"enemies":"Lots of Slimes","floor":13,"turns":3},{"damage":6,"enemies":"Gremlin Nob","floor":14,"turns":5},{"damage":25,"enemies":"The Guardian","floor":16,"turns":12},{"damage":20,"enemies":"2 Thieves","floor":18,"turns":5},{"damage":16,"enemies":"3 Byrds","floor":19,"turns":5},{"damage":16,"enemies":"Centurion and Healer","floor":21,"turns":1}],"seed_played":"-690726661463526891","potions_obtained":[{"floor":5,"key":"Poison Potion"},{"floor":8,"key":"SpeedPotion"},{"floor":18,"key":"EssenceOfSteel"}],"is_trial":false,"path_per_floor":["M","?","?","$","M","R","E","M","T","R","$","R","M","E","R","B",null,"M","M","?","M"],"character_chosen":"THE_SILENT","items_purchased":["Leg Sweep"],"campfire_rested":1,"item_purchase_floors":[11],"current_hp_per_floor":[59,46,35,35,35,35,28,28,28,28,28,47,35,29,29,4,51,31,15,15,0],"gold":61,"neow_bonus":"TRANSFORM_TWO_CARDS","is_prod":false,"is_daily":false,"chose_seed":false,"campfire_upgraded":3,"win_rate":0,"timestamp":1558724428,"path_taken":["M","?","?","?","M","R","E","M","T","R","$","R","M","E","R","BOSS","M","M","?","?"],"build_version":"2019-01-23","purchased_purges":1,"victory":false,"max_hp_per_floor":[66,66,66,66,66,66,66,66,66,66,66,66,66,66,66,66,66,66,66,66,66],"card_choices":[{"not_picked":["Bane","Leg Sweep"],"picked":"Crippling Poison","floor":1},{"not_picked":["Deflect","Acrobatics"],"picked":"Dagger Throw","floor":5},{"not_picked":["Bane","Reflex"],"picked":"Heel Hook","floor":7},{"not_picked":["PiercingWail","Flying Knee+1"],"picked":"Dagger Throw+1","floor":8},{"not_picked":["Underhanded Strike+1","Blade Dance","PiercingWail"],"picked":"SKIP","floor":13},{"not_picked":["Accuracy","Calculated Gamble","Acrobatics"],"picked":"SKIP","floor":14},{"not_picked":["Burst","Glass Knife+1"],"picked":"After Image","floor":16},{"not_picked":["Poisoned Stab+1","Flying Knee+1"],"picked":"Deadly Poison","floor":18},{"not_picked":["Deadly Poison","Dodge and Roll+1"],"picked":"Tactician","floor":19}],"player_experience":246899,"relics_obtained":[{"floor":7,"key":"Molten Egg 2"},{"floor":9,"key":"Vajra"},{"floor":14,"key":"Torii"}],"event_choices":[{"damage_healed":0,"gold_gain":0,"player_choice":"Entered Light","damage_taken":13,"max_hp_gain":0,"max_hp_loss":0,"event_name":"Shining Light","floor":2,"gold_loss":0,"cards_upgraded":["Defend_G","Strike_G"]},{"damage_healed":0,"gold_gain":75,"player_choice":"Gather Gold","damage_taken":11,"max_hp_gain":0,"max_hp_loss":0,"event_name":"World of Goop","floor":3,"gold_loss":0},{"cards_removed":["Strike_G"],"damage_healed":0,"gold_gain":0,"player_choice":"Upgrade and Remove","damage_taken":0,"max_hp_gain":0,"max_hp_loss":0,"event_name":"Designer","floor":20,"gold_loss":90,"cards_upgraded":["Deadly Poison"]}],"is_beta":false,"boss_relics":[{"not_picked":["Tiny House","Black Star"],"picked":"Ring of the Serpent"}],"items_purged_floors":[4],"is_endless":false,"potions_floor_spawned":[5,8,18],"killed_by":"Centurion and Healer","ascension_level":14}