{"gold_per_floor":[111,111,164,339,358,358,389,155,206,206],"floor_reached":10,"playtime":470,"items_purged":[],"score":70,"play_id":"cc625a06-b36a-4c4b-8453-b07beb3b7b7d","local_time":"20181120223704","is_ascension_mode":true,"campfire_choices":[{"data":"Crippling Poison","floor":6,"key":"SMITH"}],"neow_cost":"NONE","seed_source_timestamp":548192132411997,"circlet_count":0,"master_deck":["Defend_G","Defend_G","Defend_G","Defend_G","Defend_G","Strike_G","Strike_G","Strike_G","Strike_G","Survivor","Neutralize","Crippling Poison+1","Doubt","Quick Slash","Terror","Cloak And Dagger","Escape Plan","Well Laid Plans","Skewer"],"relics":["Ring of the Snake","Anchor","Letter Opener","Bag of Marbles"],"potions_floor_usage":[],"damage_taken":[{"damage":0,"enemies":"Cultist","floor":1,"turns":4},{"damage":0,"enemies":"Jaw Worm","floor":5,"turns":4},{"damage":46,"enemies":"3 Sentries","floor":7,"turns":19},{"damage":24,"enemies":"Gremlin Nob","floor":10,"turns":3}],"seed_played":"5435359375502511907","potions_obtained":[{"floor":7,"key":"SpeedPotion"}],"is_trial":false,"path_per_floor":["M","?","T","?","M","R","E","$","T","E"],"character_chosen":"THE_SILENT","items_purchased":["Cloak And Dagger","Escape Plan","Well Laid Plans","Skewer"],"campfire_rested":0,"item_purchase_floors":[8,8,8,8],"current_hp_per_floor":[77,70,70,70,70,70,24,24,24,0],"gold":206,"neow_bonus":"TEN_PERCENT_HP_BONUS","is_prod":false,"is_daily":false,"chose_seed":false,"campfire_upgraded":1,"win_rate":0,"timestamp":1542771424,"path_taken":["M","?","?","?","M","R","E","$","T","E"],"build_version":"2018-11-15","purchased_purges":0,"victory":false,"max_hp_per_floor":[77,77,77,77,77,77,77,77,77,77],"card_choices":[{"not_picked":["Blade Dance","Bane"],"picked":"Crippling Poison","floor":1},{"not_picked":["Expertise","Heel Hook"],"picked":"Quick Slash","floor":5},{"not_picked":["Blade Dance","Dodge and Roll"],"picked":"Terror","floor":7}],"player_experience":120718,"relics_obtained":[{"floor":3,"key":"Anchor"},{"floor":7,"key":"Letter Opener"},{"floor":9,"key":"Bag of Marbles"}],"event_choices":[{"cards_removed":["Strike_G"],"damage_healed":0,"gold_gain":0,"player_choice":"Card Removal","damage_taken":7,"max_hp_gain":0,"max_hp_loss":0,"event_name":"Golden Wing","floor":2,"gold_loss":0},{"damage_healed":0,"gold_gain":175,"player_choice":"AGREE","damage_taken":0,"max_hp_gain":0,"max_hp_loss":0,"event_name":"Liars Game","floor":4,"gold_loss":0,"cards_obtained":["Doubt"]}],"is_beta":false,"boss_relics":[],"items_purged_floors":[],"is_endless":false,"potions_floor_spawned":[7],"killed_by":"Gremlin Nob","ascension_level":2}