{"gold_per_floor":[112,62,75,250,266,294,312,312,339,352,368,54,54],"floor_reached":13,"playtime":434,"items_purged":["Doubt"],"score":148,"play_id":"df7588d4-116f-4a9b-8b2b-fb8890687bc1","local_time":"20190531131028","is_ascension_mode":true,"campfire_choices":[{"floor":8.0,"key":"REST"}],"neow_cost":"TEN_PERCENT_HP_LOSS","seed_source_timestamp":352960993456283,"circlet_count":0,"master_deck":["AscendersBane","Defend_G","Defend_G","Defend_G","Defend_G","Strike_G","Strike_G","Strike_G","Survivor","Neutralize","Sucker Punch","Deadly Poison","Deadly Poison","Caltrops","PiercingWail","Dagger Spray"],"special_seed":0,"relics":["Ring of the Snake","Bag of Marbles","Juzu Bracelet","Paper Crane"],"potions_floor_usage":[],"damage_taken":[{"damage":7.0,"enemies":"Jaw Worm","floor":1.0,"turns":6.0},{"damage":1.0,"enemies":"Small Slimes","floor":3.0,"turns":4.0},{"damage":2.0,"enemies":"2 Louse","floor":5.0,"turns":3.0},{"damage":27.0,"enemies":"Lagavulin","floor":6.0,"turns":7.0},{"damage":4.0,"enemies":"Blue Slaver","floor":7.0,"turns":5.0},{"damage":0.0,"enemies":"2 Fungi Beasts","floor":10.0,"turns":4.0},{"damage":3.0,"enemies":"Looter","floor":11.0,"turns":3.0},{"damage":35,"enemies":"3 Sentries","floor":13,"turns":6}],"seed_played":"-7532157627717457599","potions_obtained":[{"floor":3.0,"key":"AttackPotion"},{"floor":5.0,"key":"Dexterity Potion"},{"floor":6.0,"key":"Explosive Potion"}],"is_trial":false,"path_per_floor":["M","?","M","?","M","E","M","R","T","M","M","$","E"],"character_chosen":"THE_SILENT","items_purchased":["Paper Crane"],"campfire_rested":1,"item_purchase_floors":[12],"current_hp_per_floor":[52,52,51,51,49,22,18,36,36,36,33,33,0],"gold":54,"neow_bonus":"REMOVE_TWO","is_prod":false,"is_daily":false,"chose_seed":false,"campfire_upgraded":0,"win_rate":0,"timestamp":1559301028,"path_taken":["M","?","M","?","M","E","M","R","T","M","M","$","E"],"build_version":"2019-01-23","purchased_purges":1,"victory":false,"max_hp_per_floor":[60,60,60,60,60,60,60,60,60,60,60,60,60],"card_choices":[{"not_picked":["Outmaneuver","Flying Knee"],"picked":"Sucker Punch","floor":1.0},{"not_picked":["Distraction","Predator","Accuracy"],"picked":"SKIP","floor":3.0},{"not_picked":["Quick Slash","Cloak And Dagger"],"picked":"Deadly Poison","floor":5.0},{"not_picked":["Wraith Form v2","Night Terror"],"picked":"Deadly Poison","floor":6.0},{"not_picked":["Backflip","Poisoned Stab"],"picked":"Caltrops","floor":7.0},{"not_picked":["Skewer","Dodge and Roll"],"picked":"PiercingWail","floor":10.0},{"not_picked":["Dagger Throw","PiercingWail"],"picked":"Dagger Spray","floor":11.0}],"player_experience":276273,"relics_obtained":[{"floor":6.0,"key":"Bag of Marbles"},{"floor":9.0,"key":"Juzu Bracelet"}],"event_choices":[{"cards_removed":["Defend_G"],"damage_healed":0.0,"max_hp_gain":0.0,"max_hp_loss":0.0,"gold_gain":0.0,"event_name":"The Cleric","player_choice":"Card Removal","floor":2.0,"gold_loss":50.0,"damage_taken":0.0},{"damage_healed":0.0,"max_hp_gain":0.0,"max_hp_loss":0.0,"gold_gain":175.0,"event_name":"Liars Game","player_choice":"AGREE","floor":4.0,"gold_loss":0.0,"damage_taken":0.0,"cards_obtained":["Doubt"]}],"is_beta":false,"boss_relics":[],"items_purged_floors":[12],"is_endless":false,"potions_floor_spawned":[3,5,6],"killed_by":"3 Sentries","ascension_level":14}