{"gold_per_floor":[115,115,215,234,12,44,58,74,74,91,110,110,130,163,163,259,259,272,291,304,30,40,40],"floor_reached":23,"playtime":2305,"items_purged":["Strike_G","Strike_G"],"score":257,"play_id":"3fb49229-7cd9-4f31-83d0-75f790965146","local_time":"20190529173235","is_ascension_mode":false,"campfire_choices":[{"data":"Footwork","floor":12,"key":"SMITH"},{"data":"Die Die Die","floor":15,"key":"SMITH"}],"neow_cost":"NONE","seed_source_timestamp":990451953240551,"circlet_count":0,"master_deck":["Defend_G","Defend_G","Defend_G","Defend_G","Defend_G","Strike_G","Strike_G","Survivor","Neutralize","Sucker Punch","Die Die Die+1","Acrobatics","Deadly Poison","Footwork+1","Deflect","Flying Knee","Terror","Finisher","Flying Knee","Sucker Punch","Masterful Stab","Unload","Sucker Punch","Quick Slash+1","Backflip","Infinite Blades","Slice","Blind","Outmaneuver+1"],"relics":["Ring of the Snake","NeowsBlessing","Ninja Scroll","Meat on the Bone","Pantograph"],"potions_floor_usage":[13,14,20],"damage_taken":[{"damage":0,"enemies":"Small Slimes","floor":1,"turns":1},{"damage":0,"enemies":"Jaw Worm","floor":4,"turns":1},{"damage":0,"enemies":"3 Sentries","floor":6,"turns":1},{"damage":0,"enemies":"Cultist","floor":7,"turns":2},{"damage":0,"enemies":"Looter","floor":8,"turns":2},{"damage":4,"enemies":"Blue Slaver","floor":10,"turns":4},{"damage":0,"enemies":"Red Slaver","floor":11,"turns":2},{"damage":6,"enemies":"Exordium Thugs","floor":13,"turns":5},{"damage":0,"enemies":"Gremlin Nob","floor":14,"turns":3},{"damage":42,"enemies":"Slime Boss","floor":16,"turns":17},{"damage":5,"enemies":"Shell Parasite","floor":18,"turns":7},{"damage":21,"enemies":"2 Thieves","floor":19,"turns":4},{"damage":17,"enemies":"Shelled Parasite and Fungi","floor":20,"turns":8},{"damage":0,"enemies":"Centurion and Healer","floor":22,"turns":4},{"damage":43,"enemies":"Slavers","floor":23,"turns":4}],"seed_played":"2491696150727924904","potions_obtained":[{"floor":1,"key":"Block Potion"},{"floor":6,"key":"AttackPotion"},{"floor":8,"key":"FearPotion"},{"floor":14,"key":"FearPotion"},{"floor":16,"key":"FearPotion"},{"floor":18,"key":"Block Potion"}],"is_trial":false,"path_per_floor":["M","?","?","M","$","E","M","M","T","M","M","R","M","E","R","B",null,"M","M","M","$","M","E"],"character_chosen":"THE_SILENT","items_purchased":["Deadly Poison","Footwork","Deflect","Infinite Blades","Slice","Blind"],"campfire_rested":0,"item_purchase_floors":[5,5,5,21,21,21],"current_hp_per_floor":[70,70,70,70,70,70,70,70,70,66,66,66,60,60,60,40,70,65,44,39,39,39,0],"gold":40,"neow_bonus":"THREE_ENEMY_KILL","is_prod":false,"is_daily":false,"chose_seed":false,"campfire_upgraded":2,"win_rate":0.0,"timestamp":1559172755,"path_taken":["M","?","?","?","$","E","M","M","T","M","M","R","M","E","R","BOSS","M","M","M","$","M","E"],"build_version":"2019-01-23","purchased_purges":2,"victory":false,"max_hp_per_floor":[70,70,70,70,70,70,70,70,70,70,70,70,70,70,70,70,70,70,70,70,70,70,70],"card_choices":[{"not_picked":["All Out Attack","Underhanded Strike"],"picked":"Sucker Punch","floor":1},{"not_picked":["Dodge and Roll","Calculated Gamble"],"picked":"Acrobatics","floor":4},{"not_picked":["Deflect","Dodge and Roll"],"picked":"Flying Knee","floor":6},{"not_picked":["Backflip","Outmaneuver"],"picked":"Terror","floor":7},{"not_picked":["Flying Knee","Endless Agony"],"picked":"Finisher","floor":8},{"not_picked":["Bouncing Flask","Reflex"],"picked":"Flying Knee","floor":10},{"not_picked":["Reflex","Envenom","Underhanded Strike"],"picked":"SKIP","floor":11},{"not_picked":["Acrobatics","Deadly Poison"],"picked":"Sucker Punch","floor":13},{"not_picked":["Expertise","Heel Hook"],"picked":"Masterful Stab","floor":14},{"not_picked":["Night Terror","Wraith Form v2"],"picked":"Unload","floor":16},{"not_picked":["Flying Knee","Acrobatics+1"],"picked":"Sucker Punch","floor":18},{"not_picked":["Terror","Dodge and Roll"],"picked":"Quick Slash+1","floor":19},{"not_picked":["Quick Slash","Deadly Poison"],"picked":"Backflip","floor":20},{"not_picked":["Leg Sweep","Reflex"],"picked":"Outmaneuver+1","floor":22}],"player_experience":9218,"relics_obtained":[{"floor":6,"key":"Ninja Scroll"},{"floor":9,"key":"Meat on the Bone"},{"floor":14,"key":"Pantograph"}],"event_choices":[{"damage_healed":0,"gold_gain":0,"cards_transformed":["Strike_G"],"player_choice":"Change","damage_taken":0,"max_hp_gain":0,"max_hp_loss":0,"event_name":"Living Wall","floor":2,"gold_loss":0,"cards_obtained":["Die Die Die"]},{"damage_healed":0,"gold_gain":100,"player_choice":"Pray","damage_taken":0,"max_hp_gain":0,"max_hp_loss":0,"event_name":"Golden Shrine","floor":3,"gold_loss":0}],"is_beta":false,"boss_relics":[{"not_picked":["Runic Dome","Busted Crown","Fusion Hammer"]}],"items_purged_floors":[5,21],"is_endless":false,"potions_floor_spawned":[1,6,8,14,16,18],"killed_by":"Slavers","ascension_level":0}