{"gold_per_floor":[117,192,80,105,125,125,154,172,172,201,217,217,217,229,229,331,331,345,6,6,6,20,20,20,20,69,69,100,25,25,57,57,162,162,180,180,47,47,47,47,47,47,47,47,78,0,0,13,13,13],"floor_reached":51,"playtime":1359,"items_purged":["Defend_B","Strike_B","Strike_B"],"score":924,"play_id":"eac589d3-1261-4870-91ce-142e596819f9","local_time":"20190131103133","is_ascension_mode":true,"campfire_choices":[{"data":"Blizzard","floor":6,"key":"SMITH"},{"floor":15,"key":"REST"},{"floor":23,"key":"REST"},{"floor":25,"key":"REST"},{"floor":32,"key":"REST"},{"floor":40,"key":"REST"},{"floor":42,"key":"REST"},{"floor":44,"key":"RECALL"},{"floor":49,"key":"REST"}],"neow_cost":"NONE","seed_source_timestamp":207870354036507,"circlet_count":0,"master_deck":["Defend_B+1","Defend_B+1","Zap+1","Dualcast+1","Blizzard+1","Capacitor+1","Cold Snap+1","Go for the Eyes+1","Cold Snap+1","Go for the Eyes+1","Barrage+1","Echo Form+1","Go for the Eyes+1","Capacitor+1","Sweeping Beam+1","Coolheaded+1","Coolheaded+1","Heatsinks+1","Defragment+1","Buffer+1","Panacea+1","Madness+1","Mayhem+1","Deep Breath+1","Barrage+1","Madness+1","Madness+1","Hologram+1"],"relics":["Cracked Core","Orichalcum","Matryoshka","Juzu Bracelet","Whetstone","Omamori","Fusion Hammer","Mummified Hand","Bronze Scales","Smiling Mask","Necronomicon","Dream Catcher","Boot","Sozu","Bag of Preparation","Lantern","Red Mask","Mark of the Bloom"],"potions_floor_usage":[7,10,16,16,31,35],"damage_taken":[{"damage":1,"enemies":"Cultist","floor":1,"turns":3},{"damage":9,"enemies":"Jaw Worm","floor":5,"turns":3},{"damage":34,"enemies":"Lagavulin","floor":7,"turns":6},{"damage":2,"enemies":"2 Louse","floor":8,"turns":2},{"damage":0,"enemies":"3 Sentries","floor":10,"turns":5},{"damage":6,"enemies":"Red Slaver","floor":11,"turns":3},{"damage":3,"enemies":"Large Slime","floor":14,"turns":5},{"damage":2,"enemies":"The Guardian","floor":16,"turns":9},{"damage":41,"enemies":"2 Thieves","floor":18,"turns":5},{"damage":6,"enemies":"3 Byrds","floor":22,"turns":4},{"damage":15,"enemies":"Book of Stabbing","floor":28,"turns":4},{"damage":16,"enemies":"Colosseum Slavers","floor":30,"turns":4},{"damage":16,"enemies":"Slavers","floor":31,"turns":5},{"damage":0,"enemies":"Automaton","floor":33,"turns":8},{"damage":24,"enemies":"3 Shapes","floor":35,"turns":4},{"damage":29,"enemies":"Reptomancer","floor":45,"turns":6},{"damage":1,"enemies":"3 Darklings","floor":48,"turns":3},{"damage":11,"enemies":"Donu and Deca","floor":50,"turns":6}],"seed_played":"7830163310420299813","potions_obtained":[{"floor":1,"key":"AttackPotion"},{"floor":8,"key":"Fire Potion"},{"floor":13,"key":"Strength Potion"},{"floor":13,"key":"FocusPotion"},{"floor":13,"key":"FairyPotion"},{"floor":18,"key":"EssenceOfSteel"},{"floor":31,"key":"Poison Potion"}],"is_trial":false,"path_per_floor":["M","?","$","T","M","R","E","M","T","E","M","?","?","M","R","B",null,"M","$","?","$","M","R","?","R","T","?","E","?","?","E","R","B",null,"M","?","$","?","$","R","?","R","T","R","E","?","?","M","R","B",null],"character_chosen":"DEFECT","items_purchased":["Capacitor","Mummified Hand","Panacea"],"campfire_rested":7,"item_purchase_floors":[3,19,37],"current_hp_per_floor":[74,67,67,67,58,58,24,22,22,22,16,9,9,6,28,26,75,34,34,34,34,28,50,50,72,72,56,41,41,25,9,31,31,75,51,51,51,41,41,63,54,75,75,75,46,46,46,45,45,34],"gold":13,"neow_bonus":"TRANSFORM_CARD","is_prod":false,"is_daily":false,"chose_seed":false,"campfire_upgraded":1,"win_rate":0,"timestamp":1548927093,"path_taken":["M","?","$","?","M","R","E","?","T","E","M","?","?","M","R","BOSS","M","?","?","$","M","R","?","R","T","?","E","?","?","E","R","BOSS","M","?","$","?","$","R","?","R","T","R","E","?","?","M","R","BOSS"],"build_version":"2019-01-23","purchased_purges":3,"victory":true,"max_hp_per_floor":[75,75,75,75,75,75,75,75,75,75,75,75,75,75,75,75,75,75,75,75,75,75,75,75,75,75,75,75,75,75,75,75,75,75,75,75,75,75,75,75,75,75,75,75,75,75,75,75,75,75],"card_choices":[{"not_picked":["Genetic Algorithm","Redo","Hologram"],"picked":"SKIP","floor":1},{"not_picked":["Rebound","Streamline"],"picked":"Cold Snap","floor":5},{"not_picked":["Redo","Ball Lightning"],"picked":"Go for the Eyes","floor":7},{"not_picked":["Turbo","Aggregate"],"picked":"Cold Snap","floor":8},{"not_picked":["Creative AI","Biased Cognition"],"picked":"Coolheaded","floor":10},{"not_picked":["Leap","Steam Power"],"picked":"Go for the Eyes","floor":11},{"not_picked":["Redo","Chill"],"picked":"Barrage","floor":14},{"not_picked":["Hyperbeam","Buffer"],"picked":"Echo Form","floor":16},{"not_picked":["Gash","Sunder"],"picked":"Go for the Eyes","floor":18},{"not_picked":["Stack","Leap+1"],"picked":"Sweeping Beam+1","floor":22},{"not_picked":["Beam Cell","Rebound"],"picked":"Coolheaded+1","floor":28},{"not_picked":["Aggregate","Genetic Algorithm"],"picked":"Heatsinks","floor":31},{"not_picked":["Conserve Battery","Turbo+1"],"picked":"Defragment","floor":32},{"not_picked":["Biased Cognition","Meteor Strike"],"picked":"Buffer","floor":33},{"not_picked":["Cold Snap","Doom and Gloom+1","Undo+1"],"picked":"SKIP","floor":35},{"not_picked":["Master of Strategy","Dark Shackles"],"picked":"Madness","floor":38},{"not_picked":["Deep Breath","Thinking Ahead"],"picked":"Mayhem","floor":38},{"not_picked":["Dramatic Entrance","Impatience"],"picked":"Deep Breath","floor":38},{"not_picked":["Ball Lightning","Rebound"],"picked":"Barrage","floor":40},{"not_picked":["Skim","Tempest"],"picked":"Hologram","floor":45},{"not_picked":["Rip and Tear","Meteor Strike","Static Discharge"],"picked":"SKIP","floor":48}],"player_experience":43279,"relics_obtained":[{"floor":4,"key":"Orichalcum"},{"floor":7,"key":"Matryoshka"},{"floor":9,"key":"Juzu Bracelet"},{"floor":9,"key":"Whetstone"},{"floor":10,"key":"Omamori"},{"floor":26,"key":"Bronze Scales"},{"floor":26,"key":"Smiling Mask"},{"floor":27,"key":"Necronomicon"},{"floor":28,"key":"Dream Catcher"},{"floor":31,"key":"Boot"},{"floor":43,"key":"Bag of Preparation"},{"floor":45,"key":"Lantern"}],"event_choices":[{"damage_healed":0,"gold_gain":75,"player_choice":"Touch","damage_taken":7,"max_hp_gain":0,"max_hp_loss":0,"event_name":"FaceTrader","floor":2,"gold_loss":0},{"cards_removed":["Strike_B"],"damage_healed":0,"gold_gain":0,"player_choice":"Card Removal","damage_taken":7,"max_hp_gain":0,"max_hp_loss":0,"event_name":"Golden Wing","floor":12,"gold_loss":0},{"damage_healed":0,"gold_gain":0,"player_choice":"Got Potions","damage_taken":0,"max_hp_gain":0,"max_hp_loss":0,"event_name":"Lab","floor":13,"gold_loss":0},{"damage_healed":0,"gold_gain":0,"player_choice":"Copied","damage_taken":0,"max_hp_gain":0,"max_hp_loss":0,"event_name":"Duplicator","floor":20,"gold_loss":0,"cards_obtained":["Capacitor"]},{"damage_healed":0,"gold_gain":0,"player_choice":"Read","damage_taken":0,"max_hp_gain":0,"max_hp_loss":0,"event_name":"The Library","floor":24,"gold_loss":0,"cards_obtained":["Coolheaded"]},{"damage_healed":0,"gold_gain":0,"player_choice":"Obtained Book","damage_taken":16,"max_hp_gain":0,"max_hp_loss":0,"event_name":"Cursed Tome","floor":27,"gold_loss":0},{"cards_removed":["Coolheaded"],"damage_healed":0,"gold_gain":0,"player_choice":"Gave Gold","damage_taken":0,"max_hp_gain":0,"max_hp_loss":0,"event_name":"Beggar","floor":29,"gold_loss":75},{"damage_healed":0,"gold_gain":0,"player_choice":"Fight","damage_taken":0,"max_hp_gain":0,"max_hp_loss":0,"event_name":"Colosseum","floor":30,"gold_loss":0},{"damage_healed":0,"gold_gain":0,"player_choice":"Fled From Nobs","damage_taken":0,"max_hp_gain":0,"max_hp_loss":0,"event_name":"Colosseum","floor":30,"gold_loss":0},{"cards_removed":["Defend_B"],"damage_healed":0,"gold_gain":0,"player_choice":"Removed Skill","damage_taken":0,"max_hp_gain":0,"max_hp_loss":0,"event_name":"Falling","floor":36,"gold_loss":0},{"damage_healed":0,"gold_gain":0,"player_choice":"Memory 3","damage_taken":10,"max_hp_gain":0,"max_hp_loss":0,"event_name":"SensoryStone","floor":38,"gold_loss":0},{"damage_healed":0,"gold_gain":0,"player_choice":"Embrace Madness","damage_taken":9,"max_hp_gain":0,"max_hp_loss":0,"event_name":"Winding Halls","floor":41,"gold_loss":0,"cards_obtained":["Madness","Madness"]},{"damage_healed":0,"gold_gain":0,"player_choice":"Paid","damage_taken":0,"relics_obtained":["Red Mask"],"max_hp_gain":0,"max_hp_loss":0,"event_name":"Tomb of Lord Red Mask","floor":46,"gold_loss":78},{"damage_healed":0,"gold_gain":0,"player_choice":"Upgrade","damage_taken":0,"relics_obtained":["Mark of the Bloom"],"max_hp_gain":0,"max_hp_loss":0,"event_name":"MindBloom","floor":47,"gold_loss":0,"cards_upgraded":["Defend_B","Defend_B","Zap","Dualcast","Capacitor","Go for the Eyes","Go for the Eyes","Barrage","Echo Form","Go for the Eyes","Capacitor","Coolheaded","Heatsinks","Defragment","Buffer","Panacea","Madness","Mayhem","Deep Breath","Barrage","Madness","Madness","Hologram"]}],"is_beta":false,"boss_relics":[{"not_picked":["Pandora\u0027s Box","Astrolabe"],"picked":"Fusion Hammer"},{"not_picked":["Calling Bell","Runic Pyramid"],"picked":"Sozu"}],"items_purged_floors":[3,19,37],"is_endless":false,"potions_floor_spawned":[1,8,14,18,31],"ascension_level":3}