{"gold_per_floor":[18,18,18,18,42,42,42,42,42,85,85,129,129,54,54,54],"floor_reached":16,"playtime":289,"items_purged":["Strike_R"],"score":125,"play_id":"4ceba2fb-da73-4586-bea8-0a7aaaba8f7b","local_time":"20190205125612","is_ascension_mode":true,"campfire_choices":[{"data":"Bash","floor":6,"key":"SMITH"},{"data":"Shockwave","floor":8,"key":"SMITH"},{"data":"Searing Blow","floor":11,"key":"SMITH"},{"data":"Searing Blow+1","floor":13,"key":"SMITH"},{"data":"Searing Blow+2","floor":15,"key":"SMITH"}],"neow_cost":"NO_GOLD","seed_source_timestamp":649662730823656,"circlet_count":0,"master_deck":["Strike_R","Strike_R","Strike_R","Defend_R","Defend_R","Defend_R","Defend_R","Bash+1","Heavy Blade","Shockwave+1","Searing Blow+3","Cleave"],"relics":["Burning Blood","Champion Belt","Lantern","Golden Idol","Darkstone Periapt","Shuriken","Question Card"],"potions_floor_usage":[10],"damage_taken":[{"damage":3,"enemies":"Jaw Worm","floor":1,"turns":5},{"damage":0,"enemies":"2 Louse","floor":5,"turns":2},{"damage":20,"enemies":"Lagavulin","floor":10,"turns":6},{"damage":24,"enemies":"Gremlin Nob","floor":12,"turns":4},{"damage":31,"enemies":"The Guardian","floor":16,"turns":8}],"seed_played":"6662399116198092041","potions_obtained":[{"floor":5,"key":"SkillPotion"}],"is_trial":false,"path_per_floor":["M","?","T","?","M","R","$","R","T","E","R","E","R","$","R","B"],"character_chosen":"IRONCLAD","items_purchased":[],"campfire_rested":0,"item_purchase_floors":[],"current_hp_per_floor":[80,73,73,53,59,59,59,59,59,45,45,27,27,27,27,0],"gold":54,"neow_bonus":"ONE_RARE_RELIC","is_prod":false,"is_daily":false,"chose_seed":false,"campfire_upgraded":5,"win_rate":0,"timestamp":1549367772,"path_taken":["M","?","?","?","M","R","$","R","T","E","R","E","R","?","R","BOSS"],"build_version":"2019-01-23","purchased_purges":1,"victory":false,"max_hp_per_floor":[80,80,80,80,80,80,80,80,80,80,80,80,80,80,80,80],"card_choices":[{"not_picked":["Perfected Strike","Sword Boomerang"],"picked":"Heavy Blade","floor":1},{"not_picked":["Anger","Clash"],"picked":"Shockwave","floor":5},{"not_picked":["Double Tap","Sever Soul"],"picked":"Searing Blow","floor":10},{"not_picked":["Intimidate","Twin Strike"],"picked":"Cleave","floor":12}],"player_experience":66266,"relics_obtained":[{"floor":3,"key":"Lantern"},{"floor":9,"key":"Darkstone Periapt"},{"floor":10,"key":"Shuriken"},{"floor":12,"key":"Question Card"}],"event_choices":[{"cards_removed":["Strike_R"],"damage_healed":0,"gold_gain":0,"player_choice":"Card Removal","damage_taken":7,"max_hp_gain":0,"max_hp_loss":0,"event_name":"Golden Wing","floor":2,"gold_loss":0},{"damage_healed":0,"gold_gain":0,"player_choice":"Take Damage","damage_taken":20,"relics_obtained":["Golden Idol"],"max_hp_gain":0,"max_hp_loss":0,"event_name":"Golden Idol","floor":4,"gold_loss":0}],"is_beta":false,"boss_relics":[],"items_purged_floors":[14],"is_endless":false,"potions_floor_spawned":[5],"killed_by":"The Guardian","ascension_level":4}