{"gold_per_floor":[115,131,146,96,96,131,131,149,222,233,233,249,264,298,298,298],"floor_reached":16,"playtime":2537,"items_purged":[],"score":114,"play_id":"d9a5db59-1fad-411c-b07c-77cb25a969c7","local_time":"20190518004414","is_ascension_mode":false,"campfire_choices":[{"floor":7,"key":"REST"},{"floor":15,"key":"REST"}],"neow_cost":"NONE","seed_source_timestamp":135244297752270,"circlet_count":0,"master_deck":["Defend_G","Defend_G","Defend_G","Defend_G","Defend_G","Strike_G","Strike_G","Strike_G","Strike_G","Strike_G","Survivor","Neutralize","Prepared","Backflip","Expertise","Calculated Gamble","Prepared","Poisoned Stab","Dagger Spray","Eviscerate","Dagger Spray","Poisoned Stab","Footwork"],"relics":["Ring of the Snake","The Specimen","Dream Catcher","Mercury Hourglass","Nunchaku","Girya"],"potions_floor_usage":[6,14,14,14,16],"damage_taken":[{"damage":0,"enemies":"Small Slimes","floor":1,"turns":6},{"damage":0,"enemies":"Jaw Worm","floor":2,"turns":5},{"damage":0,"enemies":"Cultist","floor":3,"turns":5},{"damage":32,"enemies":"Gremlin Nob","floor":6,"turns":6},{"damage":7,"enemies":"Large Slime","floor":8,"turns":12},{"damage":1,"enemies":"Red Slaver","floor":10,"turns":3},{"damage":23,"enemies":"Exordium Thugs","floor":12,"turns":6},{"damage":0,"enemies":"Exordium Wildlife","floor":13,"turns":3},{"damage":9,"enemies":"Lagavulin","floor":14,"turns":9},{"damage":26,"enemies":"Slime Boss","floor":16,"turns":5}],"seed_played":"4201615817240222717","potions_obtained":[{"floor":2,"key":"Swift Potion"},{"floor":6,"key":"Ancient Potion"},{"floor":10,"key":"Weak Potion"},{"floor":12,"key":"Dexterity Potion"},{"floor":14,"key":"GamblersBrew"}],"is_trial":false,"path_per_floor":["M","M","M","?","?","E","R","M","T","M","T","M","M","E","R","B"],"character_chosen":"THE_SILENT","items_purchased":[],"campfire_rested":2,"item_purchase_floors":[],"current_hp_per_floor":[70,70,70,70,52,20,41,34,34,33,33,10,10,1,22,0],"gold":298,"neow_bonus":"ONE_RANDOM_RARE_CARD","is_prod":false,"is_daily":false,"chose_seed":false,"campfire_upgraded":0,"win_rate":0,"timestamp":1558151054,"path_taken":["M","M","M","?","?","E","R","M","T","M","?","M","?","E","R","BOSS"],"build_version":"2019-01-23","purchased_purges":0,"victory":false,"max_hp_per_floor":[70,70,70,70,70,70,70,70,70,70,70,70,70,70,70,70],"card_choices":[{"not_picked":["Deflect","Eviscerate"],"picked":"Prepared","floor":1},{"not_picked":["Slice","Blade Dance"],"picked":"Backflip","floor":2},{"not_picked":["Masterful Stab","Outmaneuver"],"picked":"Expertise","floor":3},{"not_picked":["Heel Hook","Acrobatics"],"picked":"Calculated Gamble","floor":6},{"not_picked":["Doppelganger","Flechettes"],"picked":"Prepared","floor":7},{"not_picked":["Expertise","Backflip"],"picked":"Poisoned Stab","floor":8},{"not_picked":["PiercingWail","Masterful Stab"],"picked":"Dagger Spray","floor":10},{"not_picked":["Riddle With Holes","Acrobatics"],"picked":"Eviscerate","floor":12},{"not_picked":["Outmaneuver","Infinite Blades"],"picked":"Dagger Spray","floor":13},{"not_picked":["Quick Slash","Cloak And Dagger"],"picked":"Poisoned Stab","floor":14},{"not_picked":["Underhanded Strike","Acrobatics"],"picked":"Footwork","floor":15}],"player_experience":94828,"relics_obtained":[{"floor":6,"key":"Dream Catcher"},{"floor":9,"key":"Mercury Hourglass"},{"floor":11,"key":"Nunchaku"},{"floor":14,"key":"Girya"}],"event_choices":[{"cards_removed":["After Image"],"damage_healed":0,"gold_gain":0,"player_choice":"Card Removal","damage_taken":0,"max_hp_gain":0,"max_hp_loss":0,"event_name":"The Cleric","floor":4,"gold_loss":50},{"damage_healed":0,"gold_gain":0,"player_choice":"Success","damage_taken":18,"relics_obtained":["The Specimen"],"max_hp_gain":0,"max_hp_loss":0,"event_name":"Scrap Ooze","floor":5,"gold_loss":0}],"is_beta":false,"boss_relics":[],"items_purged_floors":[],"is_endless":false,"potions_floor_spawned":[2,6,10,12,14],"killed_by":"Slime Boss","ascension_level":0}