{"gold_per_floor":[115,190,205,217,20,20,47,47,47,73,83,83,83,95,95,198,198,216,3,3,18,18,18,18,18],"floor_reached":25,"playtime":824,"items_purged":[],"score":289,"play_id":"9003dd7b-79eb-41e5-acad-4f4ee3582576","local_time":"20190404153059","is_ascension_mode":true,"campfire_choices":[{"data":"Heavy Blade","floor":6,"key":"SMITH"},{"data":"Demon Form","floor":8,"key":"SMITH"},{"floor":13,"key":"REST"},{"data":"Heavy Blade","floor":15,"key":"SMITH"},{"data":"Bash","floor":23,"key":"SMITH"},{"data":"Seeing Red","floor":24,"key":"SMITH"}],"neow_cost":"NONE","seed_source_timestamp":181185579412328,"circlet_count":0,"master_deck":["Strike_R","Strike_R","Strike_R","Strike_R","Strike_R","Defend_R","Defend_R","Defend_R","Defend_R","Bash+1","Demon Form+1","Thunderclap","Seeing Red+1","Heavy Blade+1","Shrug It Off","Armaments+1","Heavy Blade+1","Anger","Impervious+1","Secret Weapon+1","Flash of Steel","Flex+1","Doubt"],"relics":["Burning Blood","Membership Card","Potion Belt","Toxic Egg 2","Odd Mushroom","WingedGreaves","Cursed Key","Lantern","Anchor"],"potions_floor_usage":[10,10,14,25],"damage_taken":[{"damage":19,"enemies":"Jaw Worm","floor":1,"turns":5},{"damage":1,"enemies":"Cultist","floor":3,"turns":3},{"damage":11,"enemies":"2 Louse","floor":4,"turns":2},{"damage":15,"enemies":"Lagavulin","floor":7,"turns":4},{"damage":18,"enemies":"The Mushroom Lair","floor":10,"turns":6},{"damage":14,"enemies":"Looter","floor":11,"turns":3},{"damage":17,"enemies":"Gremlin Gang","floor":14,"turns":4},{"damage":24,"enemies":"Hexaghost","floor":16,"turns":7},{"damage":5,"enemies":"3 Byrds","floor":18,"turns":6},{"damage":19,"enemies":"Spheric Guardian","floor":21,"turns":4},{"damage":38,"enemies":"Slavers","floor":25,"turns":2}],"seed_played":"2788751028893881088","potions_obtained":[{"floor":4,"key":"Poison Potion"},{"floor":7,"key":"PowerPotion"},{"floor":10,"key":"AttackPotion"},{"floor":11,"key":"SkillPotion"},{"floor":18,"key":"PowerPotion"}],"is_trial":false,"path_per_floor":["M","?","M","M","$","R","E","R","T","?","M","?","R","M","R","B",null,"M","$","?","M","T","R","R","E"],"character_chosen":"IRONCLAD","items_purchased":["Membership Card","Lantern","Secret Weapon+1","Flash of Steel"],"campfire_rested":1,"item_purchase_floors":[5,19,19,19],"current_hp_per_floor":[59,51,56,51,51,51,42,42,42,30,22,22,46,35,35,17,64,65,65,49,36,36,36,36,0],"gold":18,"neow_bonus":"ONE_RANDOM_RARE_CARD","is_prod":false,"is_daily":false,"chose_seed":false,"campfire_upgraded":5,"win_rate":0,"timestamp":1554384659,"path_taken":["M","?","?","M","$","R","E","R","T","?","M","?","R","?","R","BOSS","M","$","?","M","?","R","R","E"],"build_version":"2019-01-23","purchased_purges":0,"victory":false,"max_hp_per_floor":[80,80,80,80,80,80,80,80,80,80,80,80,80,80,80,80,80,80,80,80,80,80,80,80,80],"card_choices":[{"not_picked":["Flex","True Grit"],"picked":"Thunderclap","floor":1},{"not_picked":["Hemokinesis","Intimidate"],"picked":"Seeing Red","floor":3},{"not_picked":["Second Wind","Dropkick"],"picked":"Heavy Blade","floor":4},{"not_picked":["Cleave","Body Slam"],"picked":"Shrug It Off","floor":7},{"not_picked":["Reckless Charge","Pommel Strike"],"picked":"Armaments+1","floor":10},{"not_picked":["Sword Boomerang","Armaments+1"],"picked":"Heavy Blade","floor":11},{"not_picked":["Pommel Strike","Warcry+1"],"picked":"Anger","floor":14},{"not_picked":["Bludgeon","Demon Form"],"picked":"Impervious+1","floor":16},{"not_picked":["Hemokinesis","Thunderclap","Twin Strike"],"picked":"SKIP","floor":18},{"not_picked":["Second Wind+1","Blood for Blood+1"],"picked":"Flex+1","floor":21}],"player_experience":141046,"relics_obtained":[{"floor":7,"key":"Potion Belt"},{"floor":9,"key":"Toxic Egg 2"},{"floor":10,"key":"Odd Mushroom"},{"floor":22,"key":"Anchor"}],"event_choices":[{"damage_healed":0,"gold_gain":75,"player_choice":"Touch","damage_taken":8,"max_hp_gain":0,"max_hp_loss":0,"event_name":"FaceTrader","floor":2,"gold_loss":0},{"damage_healed":0,"gold_gain":0,"player_choice":"Fought Mushrooms","damage_taken":0,"max_hp_gain":0,"max_hp_loss":0,"event_name":"Mushrooms","floor":10,"gold_loss":0},{"damage_healed":0,"gold_gain":0,"player_choice":"Gave Potion","damage_taken":0,"relics_obtained":["WingedGreaves"],"max_hp_gain":0,"max_hp_loss":0,"event_name":"WeMeetAgain","floor":12,"gold_loss":0},{"damage_healed":0,"gold_gain":0,"player_choice":"Obtained Book","damage_taken":16,"max_hp_gain":0,"max_hp_loss":0,"event_name":"Cursed Tome","floor":20,"gold_loss":0}],"is_beta":false,"boss_relics":[{"not_picked":["Empty Cage","Astrolabe"],"picked":"Cursed Key"}],"items_purged_floors":[],"is_endless":false,"potions_floor_spawned":[4,7,10,11,18],"killed_by":"Slavers","ascension_level":9}