{"gold_per_floor":[111,127,302,9,9,9,34,54,54,54,69,69,97,72,72,177,177,194,43,53,53,73,73,87,87,87,104,104],"floor_reached":28,"playtime":788,"items_purged":["Doubt","Strike_B"],"score":273,"play_id":"a7732769-d2c2-44c4-acd0-218cf2b7e676","local_time":"20190219131616","is_ascension_mode":true,"campfire_choices":[{"data":"Genetic Algorithm","floor":6,"key":"SMITH"},{"floor":10,"key":"REST"},{"data":"Hologram","floor":12,"key":"SMITH"},{"data":"Defragment","floor":15,"key":"SMITH"},{"data":"1","floor":23,"key":"LIFT"},{"data":"Go for the Eyes","floor":25,"key":"SMITH"}],"neow_cost":"NONE","seed_source_timestamp":336537769340853,"circlet_count":0,"master_deck":["Strike_B+1","Strike_B+1","Defend_B","Defend_B","Defend_B","Defend_B","Zap+1","Dualcast","Genetic Algorithm+1","Defragment+1","Scrape","Steam","Go for the Eyes+1","Streamline","Hologram+1","Machine Learning","Beam Cell","All For One","Gash","Gash","Leap","Steam","Gash"],"relics":["Cracked Core","Girya","Bottled Flame","Odd Mushroom","Orrery","Potion Belt"],"potions_floor_usage":[7,13,24,27,27,28],"damage_taken":[{"damage":0,"enemies":"Cultist","floor":1,"turns":3},{"damage":7,"enemies":"Small Slimes","floor":2,"turns":3},{"damage":19,"enemies":"Lagavulin","floor":7,"turns":5},{"damage":1,"enemies":"2 Louse","floor":8,"turns":2},{"damage":4,"enemies":"Red Slaver","floor":11,"turns":2},{"damage":4,"enemies":"The Mushroom Lair","floor":13,"turns":4},{"damage":44,"enemies":"The Guardian","floor":16,"turns":12},{"damage":15,"enemies":"Spheric Guardian","floor":18,"turns":4},{"damage":0,"enemies":"Chosen","floor":20,"turns":3},{"damage":10,"enemies":"Centurion and Healer","floor":22,"turns":5},{"damage":2,"enemies":"Snake Plant","floor":24,"turns":3},{"damage":10,"enemies":"3 Cultists","floor":27,"turns":4},{"damage":23,"enemies":"Book of Stabbing","floor":28,"turns":5}],"seed_played":"-5426279434158633820","potions_obtained":[{"floor":1,"key":"Swift Potion"},{"floor":8,"key":"FearPotion"},{"floor":11,"key":"Swift Potion"},{"floor":16,"key":"GamblersBrew"},{"floor":20,"key":"SkillPotion"},{"floor":22,"key":"Swift Potion"},{"floor":24,"key":"Explosive Potion"}],"is_trial":false,"path_per_floor":["M","M","?","$","?","R","E","M","T","R","M","R","?","$","R","B",null,"M","$","M","?","M","R","M","R","T","M","E"],"character_chosen":"DEFECT","items_purchased":["Defragment","Scrape","Steam","Go for the Eyes","Beam Cell","Gash"],"campfire_rested":1,"item_purchase_floors":[4,4,4,4,14,19],"current_hp_per_floor":[75,68,68,68,53,53,34,33,33,55,51,51,47,47,47,3,57,42,42,42,42,32,32,30,30,30,20,0],"gold":104,"neow_bonus":"UPGRADE_CARD","is_prod":false,"is_daily":false,"chose_seed":false,"campfire_upgraded":4,"win_rate":0,"timestamp":1550578576,"path_taken":["M","M","?","$","?","R","E","M","T","R","M","R","?","$","R","BOSS","M","$","M","?","M","R","M","R","T","M","E"],"build_version":"2019-01-23","purchased_purges":2,"victory":false,"max_hp_per_floor":[75,75,75,75,75,75,75,75,75,75,75,75,75,75,75,75,75,75,75,75,75,75,75,75,75,75,75,75],"card_choices":[{"not_picked":["Steam","Redo"],"picked":"Genetic Algorithm","floor":1},{"not_picked":["Double Energy","Turbo","Hyperbeam"],"picked":"SKIP","floor":2},{"not_picked":["Sweeping Beam","Rebound","Barrage"],"picked":"SKIP","floor":7},{"not_picked":["Sweeping Beam","Barrage"],"picked":"Streamline","floor":8},{"not_picked":["Genetic Algorithm","Recycle"],"picked":"Hologram","floor":11},{"not_picked":["Lockon","Leap"],"picked":"Machine Learning","floor":13},{"not_picked":["Buffer","Amplify"],"picked":"All For One","floor":16},{"not_picked":["Reprogram","Steam"],"picked":"Gash","floor":17},{"not_picked":["Beam Cell","Compile Driver","Barrage"],"picked":"SKIP","floor":18},{"not_picked":["Creative AI","Compile Driver","White Noise"],"picked":"SKIP","floor":20},{"not_picked":["Leap","Coolheaded"],"picked":"Steam","floor":22},{"not_picked":["Hologram","Leap"],"picked":"Gash","floor":24},{"not_picked":["Auto Shields","Barrage","Hologram"],"picked":"SKIP","floor":27}],"player_experience":76966,"relics_obtained":[{"floor":7,"key":"Girya"},{"floor":9,"key":"Bottled Flame"},{"floor":13,"key":"Odd Mushroom"},{"floor":26,"key":"Potion Belt"}],"event_choices":[{"damage_healed":0,"gold_gain":175,"player_choice":"AGREE","damage_taken":0,"max_hp_gain":0,"max_hp_loss":0,"event_name":"Liars Game","floor":3,"gold_loss":0,"cards_obtained":["Doubt"]},{"damage_healed":0,"gold_gain":0,"player_choice":"Entered Light","damage_taken":15,"max_hp_gain":0,"max_hp_loss":0,"event_name":"Shining Light","floor":5,"gold_loss":0,"cards_upgraded":["Strike_B","Strike_B"]},{"damage_healed":0,"gold_gain":0,"player_choice":"Fought Mushrooms","damage_taken":0,"max_hp_gain":0,"max_hp_loss":0,"event_name":"Mushrooms","floor":13,"gold_loss":0},{"damage_healed":0,"gold_gain":0,"cards_transformed":["Strike_B"],"player_choice":"Transformed","damage_taken":0,"max_hp_gain":0,"max_hp_loss":0,"event_name":"Transmorgrifier","floor":21,"gold_loss":0,"cards_obtained":["Leap"]}],"is_beta":false,"boss_relics":[{"not_picked":["Pandora\u0027s Box","Nuclear Battery"],"picked":"Orrery"}],"items_purged_floors":[4,19],"is_endless":false,"potions_floor_spawned":[1,8,11,16,20,22,24],"killed_by":"Book of Stabbing","ascension_level":5}