{"gold_per_floor":[112,62,62,62,79,79,114,114,114,62,137,154,154,186,186,186],"floor_reached":16,"playtime":1212,"items_purged":[],"score":111,"play_id":"cbb3bf1d-53e5-4b1c-8361-e0d54257e08c","local_time":"20190530170030","is_ascension_mode":true,"campfire_choices":[{"data":"Bash","floor":6,"key":"SMITH"},{"floor":8,"key":"REST"},{"data":"Strike_R","floor":13,"key":"PURGE"},{"floor":15,"key":"REST"}],"neow_cost":"NONE","seed_source_timestamp":32388475075200,"circlet_count":0,"master_deck":["Strike_R+1","Strike_R","Defend_R","Defend_R","Defend_R","Defend_R","Bash+1","True Grit+1","Cleave","Shrug It Off","Ghostly Armor","Intimidate"],"relics":["Burning Blood","Magic Flower","Unceasing Top","Peace Pipe","Shuriken"],"potions_floor_usage":[14,14],"damage_taken":[{"damage":2,"enemies":"Small Slimes","floor":1,"turns":4},{"damage":5,"enemies":"2 Louse","floor":5,"turns":3},{"damage":33,"enemies":"Gremlin Nob","floor":7,"turns":5},{"damage":2,"enemies":"Jaw Worm","floor":12,"turns":4},{"damage":10,"enemies":"Lagavulin","floor":14,"turns":8},{"damage":82,"enemies":"Hexaghost","floor":16,"turns":15}],"seed_played":"3005351221054676902","potions_obtained":[{"floor":1,"key":"Ancient Potion"},{"floor":12,"key":"Weak Potion"}],"is_trial":false,"path_per_floor":["M","?","?","?","M","R","E","R","T","$","?","M","R","E","R","B"],"character_chosen":"IRONCLAD","items_purchased":["Shrug It Off"],"campfire_rested":2,"item_purchase_floors":[10],"current_hp_per_floor":[80,80,73,57,61,61,37,61,61,61,50,57,57,56,80,0],"gold":186,"neow_bonus":"REMOVE_CARD","is_prod":false,"is_daily":false,"chose_seed":false,"campfire_upgraded":1,"win_rate":0,"timestamp":1559250030,"path_taken":["M","?","?","?","M","R","E","R","T","$","?","?","R","E","R","BOSS"],"build_version":"2019-01-23","purchased_purges":0,"victory":false,"max_hp_per_floor":[80,80,80,80,80,80,80,80,80,80,80,80,80,80,80,80],"card_choices":[{"not_picked":["Rupture","Headbutt"],"picked":"True Grit","floor":1},{"not_picked":["Rage","Flex"],"picked":"Cleave","floor":5},{"not_picked":["Hemokinesis","Bloodletting","Twin Strike"],"picked":"SKIP","floor":7},{"not_picked":["Anger","Hemokinesis"],"picked":"Ghostly Armor","floor":12},{"not_picked":["Seeing Red","Flex"],"picked":"Intimidate","floor":14}],"player_experience":63166,"relics_obtained":[{"floor":7,"key":"Unceasing Top"},{"floor":9,"key":"Peace Pipe"},{"floor":14,"key":"Shuriken"}],"event_choices":[{"cards_removed":["Strike_R"],"damage_healed":0,"gold_gain":0,"player_choice":"Card Removal","damage_taken":0,"max_hp_gain":0,"max_hp_loss":0,"event_name":"The Cleric","floor":2,"gold_loss":50},{"damage_healed":0,"gold_gain":0,"player_choice":"Success","damage_taken":7,"relics_obtained":["Magic Flower"],"max_hp_gain":0,"max_hp_loss":0,"event_name":"Scrap Ooze","floor":3,"gold_loss":0},{"damage_healed":0,"gold_gain":0,"player_choice":"Entered Light","damage_taken":16,"max_hp_gain":0,"max_hp_loss":0,"event_name":"Shining Light","floor":4,"gold_loss":0,"cards_upgraded":["Strike_R","True Grit"]},{"damage_healed":0,"gold_gain":75,"player_choice":"Gather Gold","damage_taken":11,"max_hp_gain":0,"max_hp_loss":0,"event_name":"World of Goop","floor":11,"gold_loss":0}],"is_beta":false,"boss_relics":[],"items_purged_floors":[],"is_endless":false,"potions_floor_spawned":[1,12],"killed_by":"Hexaghost","ascension_level":1}