{"gold_per_floor":[364,15,90,109,209,209,242,262,262,287,307,93,93,93,93,192,192,206,206,216,241,116,166,194,211,211,211,211,239,239,43,43,43],"floor_reached":33,"playtime":2998,"items_purged":["Strike_G"],"score":318,"play_id":"fb109af8-5808-4e98-8860-da89325ba105","local_time":"20190530211014","is_ascension_mode":true,"campfire_choices":[{"floor":6,"key":"REST"},{"floor":13,"key":"REST"},{"floor":15,"key":"REST"},{"floor":28,"key":"REST"},{"floor":32,"key":"REST"}],"neow_cost":"PERCENT_DAMAGE","seed_source_timestamp":115888079777474,"circlet_count":0,"master_deck":["Defend_G+1","Defend_G+1","Defend_G","Defend_G","Strike_G","Strike_G","Survivor","Neutralize","Blade Dance","Infinite Blades","Accuracy","Leg Sweep","Night Terror","Distraction","Finisher","After Image","Acrobatics+1","All Out Attack+1","Heel Hook+1","All Out Attack+1","Choke","Apotheosis"],"relics":["Ring of the Snake","Mercury Hourglass","Letter Opener","Singing Bowl","PreservedInsect","Vajra","Astrolabe","Red Mask","Tiny Chest","Thread and Needle","Ninja Scroll","Omamori"],"potions_floor_usage":[7,16,16,24,29,33],"damage_taken":[{"damage":0,"enemies":"Small Slimes","floor":1,"turns":3},{"damage":0,"enemies":"Cultist","floor":4,"turns":3},{"damage":20,"enemies":"Gremlin Nob","floor":7,"turns":4},{"damage":7,"enemies":"Jaw Worm","floor":8,"turns":3},{"damage":5,"enemies":"Lagavulin","floor":10,"turns":7},{"damage":18,"enemies":"3 Louse","floor":11,"turns":3},{"damage":36,"enemies":"Slime Boss","floor":16,"turns":9},{"damage":23,"enemies":"Chosen","floor":18,"turns":5},{"damage":0,"enemies":"3 Byrds","floor":20,"turns":3},{"damage":21,"enemies":"Masked Bandits","floor":21,"turns":4},{"damage":18,"enemies":"Book of Stabbing","floor":24,"turns":6},{"damage":12,"enemies":"Snake Plant","floor":25,"turns":6},{"damage":4,"enemies":"Slavers","floor":29,"turns":4},{"damage":1,"enemies":"Colosseum Slavers","floor":30,"turns":3},{"damage":52,"enemies":"Automaton","floor":33,"turns":6}],"seed_played":"-2479597098373636327","potions_obtained":[{"floor":4,"key":"SteroidPotion"},{"floor":8,"key":"Energy Potion"},{"floor":10,"key":"GamblersBrew"},{"floor":18,"key":"Poison Potion"},{"floor":25,"key":"Explosive Potion"},{"floor":29,"key":"Strength Potion"}],"is_trial":false,"path_per_floor":["M","$","?","M","?","R","E","M","T","E","M","$","R","?","R","B",null,"M","?","M","?","$","?","E","M","T","$","R","E","?","$","R","B"],"character_chosen":"THE_SILENT","items_purchased":["Infinite Blades","Mercury Hourglass","Vajra","Finisher","Tiny Chest","Choke","Apotheosis"],"campfire_rested":5,"item_purchase_floors":[2,2,12,12,22,31,31],"current_hp_per_floor":[49,49,42,42,42,63,43,36,36,31,13,13,34,20,41,5,70,49,49,49,30,30,30,14,4,4,4,27,25,24,24,48,0],"gold":43,"neow_bonus":"TWO_FIFTY_GOLD","is_prod":false,"is_daily":false,"chose_seed":false,"campfire_upgraded":0,"win_rate":0,"timestamp":1559275814,"path_taken":["M","$","?","?","?","R","E","M","T","E","?","?","R","?","R","BOSS","M","?","M","?","$","?","E","?","T","$","R","E","?","?","R","BOSS"],"build_version":"2019-01-23","purchased_purges":1,"victory":false,"max_hp_per_floor":[70,70,70,70,70,70,70,70,70,70,70,70,70,70,70,70,70,72,72,72,74,74,74,76,78,78,78,78,80,80,80,80,80],"card_choices":[{"not_picked":["Sucker Punch","Cloak And Dagger"],"picked":"Blade Dance","floor":1},{"not_picked":["Backflip","Slice"],"picked":"Accuracy","floor":4},{"not_picked":["Masterful Stab","Sucker Punch","Deadly Poison"],"picked":"SKIP","floor":7},{"not_picked":["Poisoned Stab","Concentrate"],"picked":"Leg Sweep","floor":8},{"not_picked":["Noxious Fumes","Bouncing Flask"],"picked":"Night Terror","floor":10},{"not_picked":["Outmaneuver","Masterful Stab"],"picked":"Distraction","floor":11},{"not_picked":["Storm of Steel","Unload"],"picked":"After Image","floor":16},{"not_picked":["PiercingWail","Cloak And Dagger","Underhanded Strike"],"picked":"Singing Bowl","floor":18},{"not_picked":["Quick Slash","Dash"],"picked":"All Out Attack+1","floor":20},{"not_picked":["Setup","Outmaneuver+1","Backflip"],"picked":"Singing Bowl","floor":21},{"not_picked":["Unload","Poisoned Stab","PiercingWail"],"picked":"Singing Bowl","floor":24},{"not_picked":["Flechettes","Flying Knee","Backflip"],"picked":"Singing Bowl","floor":25},{"not_picked":["Outmaneuver","Sucker Punch","Acrobatics"],"picked":"Singing Bowl","floor":29}],"player_experience":142345,"relics_obtained":[{"floor":7,"key":"Letter Opener"},{"floor":9,"key":"Singing Bowl"},{"floor":10,"key":"PreservedInsect"},{"floor":21,"key":"Red Mask"},{"floor":24,"key":"Thread and Needle"},{"floor":26,"key":"Ninja Scroll"},{"floor":29,"key":"Omamori"}],"event_choices":[{"damage_healed":0,"gold_gain":75,"player_choice":"Touch","damage_taken":7,"max_hp_gain":0,"max_hp_loss":0,"event_name":"FaceTrader","floor":3,"gold_loss":0},{"damage_healed":0,"gold_gain":100,"player_choice":"Gold","damage_taken":0,"max_hp_gain":0,"max_hp_loss":0,"event_name":"Wheel of Change","floor":5,"gold_loss":0},{"damage_healed":0,"gold_gain":0,"player_choice":"Entered Light","damage_taken":14,"max_hp_gain":0,"max_hp_loss":0,"event_name":"Shining Light","floor":14,"gold_loss":0,"cards_upgraded":["Defend_G","Defend_G"]},{"damage_healed":0,"gold_gain":0,"player_choice":"Ignored","damage_taken":0,"max_hp_gain":0,"max_hp_loss":0,"event_name":"Ghosts","floor":19,"gold_loss":0},{"damage_healed":0,"gold_gain":0,"player_choice":"Fought Bandits","damage_taken":0,"max_hp_gain":0,"max_hp_loss":0,"event_name":"Masked Bandits","floor":21,"gold_loss":0},{"damage_healed":0,"gold_gain":100,"player_choice":"Bet on Murderer","damage_taken":0,"max_hp_gain":0,"max_hp_loss":0,"event_name":"The Joust","floor":23,"gold_loss":50},{"damage_healed":0,"gold_gain":0,"player_choice":"Fight","damage_taken":0,"max_hp_gain":0,"max_hp_loss":0,"event_name":"Colosseum","floor":30,"gold_loss":0},{"damage_healed":0,"gold_gain":0,"player_choice":"Fled From Nobs","damage_taken":0,"max_hp_gain":0,"max_hp_loss":0,"event_name":"Colosseum","floor":30,"gold_loss":0}],"is_beta":false,"boss_relics":[{"not_picked":["Eternal Feather","Snecko Eye"],"picked":"Astrolabe"}],"items_purged_floors":[2],"is_endless":false,"potions_floor_spawned":[4,8,10,18,25,29],"killed_by":"Automaton","ascension_level":2}