{"gold_per_floor":[110,39,49,66,81,81,116,133,133,133,152,184,109,124,124,225,225,243,253,352,312,332,365,365,118,118,118,118,145,20,20,20,123,123,137,187,237,248,298,298,313,313,313,313,128,146,174,34,34,34],"floor_reached":51,"playtime":1831,"items_purged":["Strike_R","Strike_R","Bash","Decay","Strike_R"],"score":853,"play_id":"9a944b21-5fc3-4de1-955f-20d29f08a69c","local_time":"20190204110854","is_ascension_mode":true,"campfire_choices":[{"data":"Armaments","floor":6,"key":"SMITH"},{"data":"Rampage","floor":10,"key":"SMITH"},{"data":"True Grit","floor":15,"key":"SMITH"},{"floor":24,"key":"REST"},{"floor":32,"key":"REST"},{"data":"Barricade","floor":40,"key":"SMITH"},{"floor":42,"key":"REST"},{"floor":44,"key":"REST"},{"floor":49,"key":"REST"}],"neow_cost":"NONE","seed_source_timestamp":555270364838875,"circlet_count":0,"master_deck":["Defend_R","Defend_R+1","Defend_R+1","Rampage+1","Body Slam","Armaments+1","Juggernaut","Flame Barrier","True Grit+1","Barricade+1","Ghostly Armor+1","Juggernaut","Chrysalis+1","Purity+1","Jack Of All Trades+1","True Grit+1","Impervious+1","Shrug It Off+1"],"relics":["Burning Blood","Boot","War Paint","Incense Burner","Nunchaku","Darkstone Periapt","Runic Pyramid","Juzu Bracelet","PreservedInsect","Mummified Hand","Toxic Egg 2","SsserpentHead","Empty Cage","The Courier","Regal Pillow"],"potions_floor_usage":[8,12,16,16,19,19,23,23,29,38,38,47,50,50,50],"damage_taken":[{"damage":2,"enemies":"Jaw Worm","floor":1,"turns":3},{"damage":0,"enemies":"Cultist","floor":3,"turns":3},{"damage":4,"enemies":"Small Slimes","floor":4,"turns":3},{"damage":9,"enemies":"Looter","floor":5,"turns":4},{"damage":27,"enemies":"Lagavulin","floor":7,"turns":7},{"damage":10,"enemies":"Gremlin Gang","floor":8,"turns":5},{"damage":7,"enemies":"2 Fungi Beasts","floor":11,"turns":4},{"damage":1,"enemies":"Gremlin Nob","floor":12,"turns":4},{"damage":13,"enemies":"Exordium Wildlife","floor":14,"turns":4},{"damage":18,"enemies":"Slime Boss","floor":16,"turns":8},{"damage":0,"enemies":"Shell Parasite","floor":18,"turns":10},{"damage":17,"enemies":"3 Byrds","floor":19,"turns":4},{"damage":9,"enemies":"Centurion and Healer","floor":22,"turns":9},{"damage":45,"enemies":"Book of Stabbing","floor":23,"turns":7},{"damage":37,"enemies":"Slavers","floor":29,"turns":7},{"damage":7,"enemies":"Champ","floor":33,"turns":12},{"damage":36,"enemies":"3 Darklings","floor":35,"turns":6},{"damage":1,"enemies":"3 Shapes","floor":38,"turns":5},{"damage":65,"enemies":"Jaw Worm Horde","floor":41,"turns":7},{"damage":3,"enemies":"Sphere and 2 Shapes","floor":46,"turns":7},{"damage":6,"enemies":"Nemesis","floor":47,"turns":9},{"damage":40,"enemies":"Donu and Deca","floor":50,"turns":11}],"seed_played":"-522598695946438758","potions_obtained":[{"floor":3,"key":"Weak Potion"},{"floor":5,"key":"Fire Potion"},{"floor":7,"key":"Block Potion"},{"floor":8,"key":"EssenceOfSteel"},{"floor":14,"key":"AttackPotion"},{"floor":16,"key":"AttackPotion"},{"floor":21,"key":"FearPotion"},{"floor":21,"key":"Block Potion"},{"floor":21,"key":"FairyPotion"},{"floor":23,"key":"SpeedPotion"},{"floor":29,"key":"Swift Potion"},{"floor":33,"key":"GamblersBrew"},{"floor":41,"key":"Dexterity Potion"},{"floor":47,"key":"EntropicBrew"}],"is_trial":false,"path_per_floor":["M","?","M","M","M","R","E","M","T","R","M","E","$","M","R","B",null,"M","M","?","?","M","E","R","$","T","?","?","E","$","?","R","B",null,"M","?","?","M","?","R","M","R","T","R","$","M","E","$","R","B",null],"character_chosen":"IRONCLAD","items_purchased":["PreservedInsect","Impervious+1"],"campfire_rested":5,"item_purchase_floors":[25,45],"current_hp_per_floor":[80,80,80,80,77,77,56,52,52,52,51,56,56,49,49,37,80,80,69,69,69,66,27,51,51,51,57,57,26,26,26,51,50,86,56,56,46,51,51,51,14,39,39,64,64,67,67,67,86,52],"gold":34,"neow_bonus":"RANDOM_COMMON_RELIC","is_prod":false,"is_daily":false,"chose_seed":false,"campfire_upgraded":4,"win_rate":0,"timestamp":1549274934,"path_taken":["M","?","?","M","M","R","E","M","T","R","M","E","$","M","R","BOSS","M","M","?","?","M","E","R","$","T","?","?","E","$","?","R","BOSS","M","?","?","M","?","R","M","R","T","R","$","M","E","$","R","BOSS"],"build_version":"2019-01-23","purchased_purges":5,"victory":true,"max_hp_per_floor":[80,80,80,80,80,80,80,80,80,80,80,80,80,80,80,80,80,80,80,80,80,80,80,80,80,80,86,86,86,86,86,86,86,86,86,86,86,86,86,86,86,86,86,86,86,86,86,86,86,86],"card_choices":[{"not_picked":["Cleave","Sword Boomerang"],"picked":"Rampage","floor":1},{"not_picked":["Heavy Blade","Intimidate"],"picked":"Body Slam","floor":3},{"not_picked":["Sword Boomerang","Combust","Anger"],"picked":"SKIP","floor":4},{"not_picked":["Heavy Blade","Intimidate"],"picked":"Armaments","floor":5},{"not_picked":["Body Slam","Disarm"],"picked":"Juggernaut","floor":7},{"not_picked":["Intimidate","Sword Boomerang"],"picked":"Flame Barrier","floor":8},{"not_picked":["Warcry","Pommel Strike","Infernal Blade"],"picked":"SKIP","floor":11},{"not_picked":["Perfected Strike","Feel No Pain"],"picked":"True Grit","floor":12},{"not_picked":["Wild Strike","Dual Wield","Rage"],"picked":"SKIP","floor":14},{"not_picked":["Brutality","Berserk"],"picked":"Barricade","floor":16},{"not_picked":["Wild Strike+1","Body Slam","Armaments"],"picked":"SKIP","floor":18},{"not_picked":["Twin Strike","Flex","Warcry"],"picked":"SKIP","floor":19},{"not_picked":["Feed","Body Slam"],"picked":"Ghostly Armor+1","floor":22},{"not_picked":["Spot Weakness","Havoc","Reckless Charge"],"picked":"SKIP","floor":23},{"not_picked":["Inflame+1","Fiend Fire","Wild Strike+1"],"picked":"SKIP","floor":29},{"not_picked":["Offering+1","Barricade"],"picked":"Juggernaut","floor":33},{"not_picked":["Clash+1","Infernal Blade+1","Clothesline"],"picked":"SKIP","floor":35},{"not_picked":["Impatience+1","Dark Shackles+1"],"picked":"Chrysalis+1","floor":37},{"not_picked":["Sadistic Nature","PanicButton+1"],"picked":"Purity+1","floor":37},{"not_picked":["Purity+1","Dramatic Entrance"],"picked":"Jack Of All Trades+1","floor":37},{"not_picked":["Headbutt","Pummel+1","Sever Soul+1"],"picked":"SKIP","floor":38},{"not_picked":["Bloodletting+1","Wild Strike"],"picked":"True Grit+1","floor":41},{"not_picked":["Infernal Blade+1","Hemokinesis+1","Havoc+1"],"picked":"SKIP","floor":46},{"not_picked":["Armaments+1","Warcry+1"],"picked":"Shrug It Off+1","floor":47}],"player_experience":63111,"relics_obtained":[{"floor":7,"key":"Incense Burner"},{"floor":9,"key":"Nunchaku"},{"floor":12,"key":"Darkstone Periapt"},{"floor":23,"key":"Juzu Bracelet"},{"floor":26,"key":"Mummified Hand"},{"floor":29,"key":"Toxic Egg 2"},{"floor":43,"key":"The Courier"},{"floor":47,"key":"Regal Pillow"}],"event_choices":[{"damage_healed":0,"gold_gain":0,"player_choice":"Paid Gold","damage_taken":0,"relics_obtained":["War Paint"],"max_hp_gain":0,"max_hp_loss":0,"event_name":"WeMeetAgain","floor":2,"gold_loss":71},{"damage_healed":0,"gold_gain":99,"player_choice":"Stole From Cult","damage_taken":0,"max_hp_gain":0,"max_hp_loss":0,"event_name":"Nest","floor":20,"gold_loss":0},{"damage_healed":0,"gold_gain":0,"player_choice":"Bought 3 Potions","damage_taken":0,"max_hp_gain":0,"max_hp_loss":0,"event_name":"The Woman in Blue","floor":21,"gold_loss":0},{"damage_healed":0,"gold_gain":0,"player_choice":"Smashed Altar","damage_taken":0,"max_hp_gain":0,"max_hp_loss":0,"event_name":"Forgotten Altar","floor":27,"gold_loss":0,"cards_obtained":["Decay"]},{"damage_healed":0,"gold_gain":0,"player_choice":"Ignored","damage_taken":0,"max_hp_gain":0,"max_hp_loss":0,"event_name":"Cursed Tome","floor":28,"gold_loss":0},{"damage_healed":0,"gold_gain":0,"player_choice":"Trade","damage_taken":0,"relics_obtained":["SsserpentHead"],"max_hp_gain":0,"max_hp_loss":0,"event_name":"FaceTrader","floor":31,"gold_loss":0},{"cards_removed":["Defend_R"],"damage_healed":0,"gold_gain":0,"player_choice":"Removed Skill","damage_taken":0,"max_hp_gain":0,"max_hp_loss":0,"event_name":"Falling","floor":36,"gold_loss":0},{"damage_healed":0,"gold_gain":0,"player_choice":"Memory 3","damage_taken":10,"max_hp_gain":0,"max_hp_loss":0,"event_name":"SensoryStone","floor":37,"gold_loss":0},{"damage_healed":0,"gold_gain":0,"player_choice":"Ignored","damage_taken":0,"max_hp_gain":0,"max_hp_loss":0,"event_name":"Tomb of Lord Red Mask","floor":39,"gold_loss":0}],"is_beta":false,"boss_relics":[{"not_picked":["Runic Cube","Runic Dome"],"picked":"Runic Pyramid"},{"not_picked":["Eternal Feather","Astrolabe"],"picked":"Empty Cage"}],"items_purged_floors":[13,25,30,45,48],"is_endless":false,"potions_floor_spawned":[3,5,7,8,14,16,23,29,33,41,47],"ascension_level":3}