{"gold_per_floor":[117,19,19,33,33,33,48,48,48,88,88,104,137,37,37,168,168,193,193,43,68,86,86,86,106,129,129,4,4,28,49,49,49],"floor_reached":33,"playtime":2899,"items_purged":["Defend_R","Strike_R","Strike_R"],"score":255,"play_id":"b5354314-d30d-4aa8-b809-7f3b273ab59f","local_time":"20190530220151","is_ascension_mode":false,"campfire_choices":[{"data":"True Grit","floor":6,"key":"SMITH"},{"data":"Bash","floor":8,"key":"SMITH"},{"data":"Flex","floor":11,"key":"SMITH"},{"data":"Heavy Blade","floor":15,"key":"SMITH"},{"data":"RitualDagger","floor":24,"key":"SMITH"},{"floor":27,"key":"RECALL"},{"data":"Defend_R","floor":29,"key":"PURGE"},{"floor":32,"key":"REST"}],"neow_cost":"TEN_PERCENT_HP_LOSS","seed_source_timestamp":48780954646300,"circlet_count":0,"master_deck":["Defend_R","Bash+1","Thunderclap","True Grit+1","Metallicize","Heavy Blade+1","Flex+1","Fiend Fire","Shrug It Off","Double Tap","Disarm+1","RitualDagger+1","Spot Weakness+1","Metallicize+1","Reaper","Disarm"],"relics":["Burning Blood","Golden Idol","Darkstone Periapt","Peace Pipe","Empty Cage","Vajra","Potion Belt"],"potions_floor_usage":[10,16,16,22,30,31],"damage_taken":[{"damage":10,"enemies":"Small Slimes","floor":1,"turns":4},{"damage":6,"enemies":"Jaw Worm","floor":4,"turns":3},{"damage":0,"enemies":"Cultist","floor":7,"turns":5},{"damage":9,"enemies":"Gremlin Nob","floor":10,"turns":4},{"damage":3,"enemies":"Large Slime","floor":12,"turns":6},{"damage":18,"enemies":"3 Sentries","floor":13,"turns":8},{"damage":28,"enemies":"Slime Boss","floor":16,"turns":13},{"damage":20,"enemies":"2 Thieves","floor":18,"turns":3},{"damage":24,"enemies":"3 Byrds","floor":21,"turns":7},{"damage":8,"enemies":"Centurion and Healer","floor":22,"turns":6},{"damage":3,"enemies":"Cultist and Chosen","floor":25,"turns":6},{"damage":4,"enemies":"Snake Plant","floor":30,"turns":4},{"damage":42,"enemies":"Sentry and Sphere","floor":31,"turns":6},{"damage":56,"enemies":"Automaton","floor":33,"turns":6}],"seed_played":"2456165554098281443","potions_obtained":[{"floor":4,"key":"PowerPotion"},{"floor":12,"key":"Weak Potion"},{"floor":13,"key":"Strength Potion"},{"floor":21,"key":"SkillPotion"},{"floor":22,"key":"FearPotion"},{"floor":25,"key":"Weak Potion"}],"is_trial":false,"path_per_floor":["M","$","?","M","?","R","M","R","T","E","R","M","E","$","R","B",null,"M","?","$","M","M","?","R","M","T","R","$","R","M","M","R","B"],"character_chosen":"IRONCLAD","items_purchased":["True Grit","Vajra"],"campfire_rested":1,"item_purchase_floors":[2,20],"current_hp_per_floor":[68,68,50,50,55,55,61,61,61,58,58,61,49,49,49,27,77,63,57,57,39,37,37,37,40,40,40,40,40,42,15,38,0],"gold":49,"neow_bonus":"REMOVE_TWO","is_prod":false,"is_daily":false,"chose_seed":false,"campfire_upgraded":5,"win_rate":0,"timestamp":1559268111,"path_taken":["M","$","?","M","?","R","M","R","T","E","R","M","E","$","R","BOSS","M","?","?","M","M","?","R","M","T","R","$","R","M","M","R","BOSS"],"build_version":"2019-01-23","purchased_purges":3,"victory":false,"max_hp_per_floor":[72,72,72,72,77,77,77,77,77,77,77,77,77,77,77,77,77,77,77,77,77,77,77,77,77,77,77,77,77,77,77,77,77],"card_choices":[{"not_picked":["Wild Strike","Cleave"],"picked":"Thunderclap","floor":1},{"not_picked":["Twin Strike","Wild Strike"],"picked":"Metallicize","floor":4},{"not_picked":["Hemokinesis","Perfected Strike"],"picked":"Heavy Blade","floor":7},{"not_picked":["Searing Blow","Sword Boomerang"],"picked":"Flex","floor":10},{"not_picked":["Seeing Red","Body Slam"],"picked":"Fiend Fire","floor":12},{"not_picked":["Pummel","Heavy Blade"],"picked":"Shrug It Off","floor":13},{"not_picked":["Brutality","Dark Embrace"],"picked":"Double Tap","floor":16},{"not_picked":["Shrug It Off+1","Thunderclap"],"picked":"Disarm+1","floor":18},{"not_picked":["Iron Wave+1","Armaments"],"picked":"Spot Weakness+1","floor":21},{"not_picked":["Anger","True Grit+1"],"picked":"Metallicize+1","floor":22},{"not_picked":["Clash","Shrug It Off"],"picked":"Reaper","floor":25},{"not_picked":["Perfected Strike","Clothesline+1"],"picked":"Disarm","floor":30},{"not_picked":["Heavy Blade+1","Warcry","Twin Strike"],"picked":"SKIP","floor":31}],"player_experience":74801,"relics_obtained":[{"floor":10,"key":"Darkstone Periapt"},{"floor":13,"key":"Peace Pipe"},{"floor":26,"key":"Potion Belt"}],"event_choices":[{"damage_healed":0,"gold_gain":0,"player_choice":"Take Damage","damage_taken":18,"relics_obtained":["Golden Idol"],"max_hp_gain":0,"max_hp_loss":0,"event_name":"Golden Idol","floor":3,"gold_loss":0},{"damage_healed":0,"gold_gain":0,"player_choice":"Donut","damage_taken":0,"max_hp_gain":5,"max_hp_loss":0,"event_name":"Big Fish","floor":5,"gold_loss":0},{"damage_healed":0,"gold_gain":0,"player_choice":"Joined the Cult","damage_taken":6,"max_hp_gain":0,"max_hp_loss":0,"event_name":"Nest","floor":19,"gold_loss":0,"cards_obtained":["RitualDagger"]},{"damage_healed":0,"gold_gain":0,"player_choice":"Ignored","damage_taken":0,"max_hp_gain":0,"max_hp_loss":0,"event_name":"Ghosts","floor":23,"gold_loss":0}],"is_beta":false,"boss_relics":[{"not_picked":["Astrolabe","Pandora\u0027s Box"],"picked":"Empty Cage"}],"items_purged_floors":[2,14,28],"is_endless":false,"potions_floor_spawned":[4,12,13,21,22,25],"killed_by":"Automaton","ascension_level":0}