{"gold_per_floor":[113,124,143,160,11,11,44,60,60,60,60,80,80,111,111,185,185,202,202,202,117,17,17,42,42,67,79,71,83,25,45,45,120,120,131,145,20,31,48,48,78,0,0,0],"floor_reached":44,"playtime":2632,"items_purged":["Strike_B","Strike_B+1","Normality"],"score":866,"play_id":"e8458106-b4f8-4636-8057-2b15db501886","local_time":"20180906150940","is_ascension_mode":true,"campfire_choices":[{"data":"Beam Cell","floor":6,"key":"SMITH"},{"data":"Streamline","floor":11,"key":"SMITH"},{"data":"Zap","floor":13,"key":"SMITH"},{"data":"Buffer","floor":15,"key":"SMITH"},{"data":"Fission","floor":23,"key":"SMITH"},{"data":"Glacier","floor":25,"key":"SMITH"},{"data":"Conserve Battery","floor":27,"key":"SMITH"},{"data":"Go for the Eyes","floor":32,"key":"SMITH"},{"data":"Barrage","floor":40,"key":"SMITH"}],"neow_cost":"","seed_source_timestamp":1661764699534542,"circlet_count":0,"master_deck":["Strike_B+1","Strike_B+1","Defend_B+1","Defend_B+1","Defend_B+1","Defend_B+1","Zap+1","Dualcast","AscendersBane","Streamline+1","Stack","Stack","Cold Snap","Beam Cell+1","Steam","Conserve Battery+1","BootSequence","Buffer+1","Fission+1","Glacier+1","Machine Learning","Clumsy","Streamline","Ghostly","Ghostly","Ghostly","Ghostly","Ghostly","FTL","Go for the Eyes+1","Regret","Clumsy","Barrage+1","Rip and Tear+1","Ball Lightning"],"relics":["Cracked Core","Vajra","Meat on the Bone","Pear","Centennial Puzzle","Cursed Key","Singing Bowl","StoneCalendar","MawBank","Calling Bell","Strawberry","Cables","Emotion Chip","Orichalcum","Red Mask"],"potions_floor_usage":[7,16,18,39,44],"damage_taken":[{"damage":0,"enemies":"2 Louse","floor":1,"turns":2},{"damage":12,"enemies":"Jaw Worm","floor":2,"turns":3},{"damage":0,"enemies":"Cultist","floor":3,"turns":3},{"damage":5,"enemies":"2 Fungi Beasts","floor":4,"turns":3},{"damage":8,"enemies":"Lagavulin","floor":7,"turns":6},{"damage":10,"enemies":"3 Louse","floor":8,"turns":3},{"damage":0,"enemies":"Looter","floor":12,"turns":2},{"damage":25,"enemies":"Gremlin Nob","floor":14,"turns":5},{"damage":18,"enemies":"The Guardian","floor":16,"turns":14},{"damage":0,"enemies":"Chosen","floor":18,"turns":6},{"damage":56,"enemies":"Gremlin Leader","floor":24,"turns":10},{"damage":0,"enemies":"2 Thieves","floor":28,"turns":4},{"damage":0,"enemies":"Snake Plant","floor":31,"turns":6},{"damage":24,"enemies":"Automaton","floor":33,"turns":17},{"damage":0,"enemies":"3 Shapes","floor":35,"turns":7},{"damage":1,"enemies":"Orb Walker","floor":36,"turns":4},{"damage":2,"enemies":"Maw","floor":38,"turns":10},{"damage":10,"enemies":"Spire Growth","floor":39,"turns":7},{"damage":25,"enemies":"2 Orb Walkers","floor":41,"turns":7},{"damage":33,"enemies":"Giant Head","floor":44,"turns":9}],"seed_played":"-4718960387274777576","potions_obtained":[{"floor":3,"key":"Block Potion"},{"floor":12,"key":"LiquidBronze"},{"floor":16,"key":"Fruit Juice"},{"floor":31,"key":"Weak Potion"},{"floor":41,"key":"Dexterity Potion"}],"is_trial":false,"path_per_floor":["M","M","M","M","$","R","E","M","T","?","R","M","R","E","R","B",null,"M","?","?","?","$","R","E","R","T","R","M","?","$","M","R","B",null,"M","M","$","M","M","R","E","?","T"],"character_chosen":"DEFECT","items_purchased":["Beam Cell","Steam","FTL"],"campfire_rested":0,"item_purchase_floors":[5,5,30],"current_hp_per_floor":[64,52,52,47,47,47,39,29,29,28,28,40,40,27,27,21,66,71,71,71,71,71,71,27,27,27,27,39,39,39,39,39,29,48,48,49,49,47,37,37,26,26,26,0],"gold":0,"neow_bonus":"","is_prod":false,"is_daily":false,"chose_seed":false,"campfire_upgraded":9,"win_rate":0,"timestamp":1536239380,"path_taken":["M","M","M","M","$","R","E","M","T","?","R","M","R","E","R","BOSS","M","?","?","?","$","R","E","R","T","R","M","?","$","M","R","BOSS","M","M","$","M","M","R","E","?","T","E"],"build_version":"2018-09-04-v2","purchased_purges":3,"victory":false,"max_hp_per_floor":[71,71,71,71,71,71,71,71,71,81,81,81,81,81,81,81,81,86,86,86,86,86,86,86,86,86,86,86,43,43,43,43,45,52,52,54,54,54,54,54,56,56,56,56],"card_choices":[{"not_picked":["Steam","Ball Lightning"],"picked":"Streamline","floor":1},{"not_picked":["Melter","Redo"],"picked":"Stack","floor":2},{"not_picked":["Barrage","Redo"],"picked":"Stack","floor":3},{"not_picked":["Barrage","Beam Cell"],"picked":"Cold Snap","floor":4},{"not_picked":["Reinforced Body","Compile Driver"],"picked":"Conserve Battery","floor":7},{"not_picked":["Beam Cell","Rebound"],"picked":"BootSequence","floor":12},{"not_picked":["White Noise","Turbo"],"picked":"Buffer","floor":14},{"not_picked":["Seek","Hyperbeam"],"picked":"Fission","floor":16},{"not_picked":["Scrape","FTL"],"picked":"Glacier","floor":18},{"not_picked":["Redo","Beam Cell"],"picked":"Machine Learning","floor":24},{"not_picked":["Leap","Sweeping Beam"],"picked":"Streamline","floor":28},{"not_picked":["Conserve Battery","Self Repair"],"picked":"Go for the Eyes","floor":31},{"not_picked":["Rainbow","Hyperbeam","Fission"],"picked":"Singing Bowl","floor":33},{"not_picked":["Turbo","Hologram"],"picked":"Barrage","floor":35},{"not_picked":["Rebound","Cold Snap","Force Field"],"picked":"Singing Bowl","floor":36},{"not_picked":["Steam+1","Tempest"],"picked":"Rip and Tear+1","floor":38},{"not_picked":["Coolheaded","Leap"],"picked":"Ball Lightning","floor":39},{"not_picked":["Genetic Algorithm","Hyperbeam","Coolheaded"],"picked":"Singing Bowl","floor":41}],"player_experience":1143284,"relics_obtained":[{"floor":7,"key":"Vajra"},{"floor":9,"key":"Meat on the Bone"},{"floor":14,"key":"Centennial Puzzle"},{"floor":24,"key":"StoneCalendar"},{"floor":26,"key":"MawBank"},{"floor":34,"key":"Strawberry"},{"floor":34,"key":"Cables"},{"floor":34,"key":"Emotion Chip"},{"floor":41,"key":"Orichalcum"}],"event_choices":[{"event_name":"Scrap Ooze","player_choice":"success","floor":10,"damage_taken":11},{"event_name":"Back to Basics","player_choice":"Simplicity","floor":19,"damage_taken":0},{"event_name":"Vampires","player_choice":"Ignored","floor":20,"damage_taken":0},{"event_name":"Addict","player_choice":"Obtained Relic","floor":21,"damage_taken":0},{"event_name":"Ghosts","player_choice":"Became a Ghost","floor":29,"damage_taken":0},{"event_name":"Tomb of Lord Red Mask","player_choice":"Paid","floor":42,"damage_taken":0}],"is_beta":true,"boss_relics":[{"not_picked":["Runic Dome","Eternal Feather"],"picked":"Cursed Key"},{"not_picked":["Empty Cage","Philosopher\u0027s Stone"],"picked":"Calling Bell"}],"items_purged_floors":[5,22,37],"is_endless":false,"potions_floor_spawned":[3,12,16,31,41],"killed_by":"Giant Head","ascension_level":15}