{"gold_per_floor":[12,29,29,46,60,86,86,86,86,86,86,86,36,36,36,36],"floor_reached":16,"playtime":390,"items_purged":[],"score":184,"play_id":"91176b08-69b7-4d8d-ba6b-ebe59d3f7c5f","local_time":"20190522123359","is_ascension_mode":true,"campfire_choices":[{"data":"Neutralize","floor":7,"key":"SMITH"},{"floor":11,"key":"REST"},{"floor":15,"key":"DIG"}],"neow_cost":"NO_GOLD","seed_source_timestamp":163537654547822,"circlet_count":0,"master_deck":["AscendersBane","Defend_G","Defend_G","Defend_G","Defend_G","Strike_G","Strike_G","Strike_G","Strike_G","Survivor","Neutralize+1","Poisoned Stab","Backstab"],"relics":["Ring of the Snake","Thread and Needle","Lantern","Shovel","Toxic Egg 2","Ornamental Fan"],"potions_floor_usage":[6,8],"damage_taken":[{"damage":0,"enemies":"Small Slimes","floor":1,"turns":5},{"damage":0,"enemies":"Cultist","floor":2,"turns":3},{"damage":0,"enemies":"2 Louse","floor":4,"turns":2},{"damage":9,"enemies":"Exordium Wildlife","floor":5,"turns":7},{"damage":31,"enemies":"Gremlin Nob","floor":6,"turns":6},{"damage":1,"enemies":"Lagavulin","floor":8,"turns":3},{"damage":37,"enemies":"Hexaghost","floor":16,"turns":13}],"seed_played":"-1792741487765059715","potions_obtained":[{"floor":4,"key":"PowerPotion"},{"floor":5,"key":"SmokeBomb"},{"floor":6,"key":"Ancient Potion"}],"is_trial":false,"path_per_floor":["M","M","?","M","M","E","R","E","T","$","R","$","?","T","R","B"],"character_chosen":"THE_SILENT","items_purchased":[],"campfire_rested":1,"item_purchase_floors":[],"current_hp_per_floor":[59,59,59,59,50,19,19,18,18,18,37,37,37,37,37,0],"gold":36,"neow_bonus":"ONE_RARE_RELIC","is_prod":false,"is_daily":false,"chose_seed":false,"campfire_upgraded":1,"win_rate":0,"timestamp":1558521239,"path_taken":["M","M","?","?","M","E","R","E","T","$","R","$","?","?","R","BOSS"],"build_version":"2019-01-23","purchased_purges":0,"victory":false,"max_hp_per_floor":[66,66,66,66,66,66,66,66,66,66,66,66,66,66,66,66],"card_choices":[{"not_picked":["Dagger Throw","Infinite Blades"],"picked":"Poisoned Stab","floor":1},{"not_picked":["Dodge and Roll","PiercingWail"],"picked":"Backstab","floor":2},{"not_picked":["Tactician","Backflip","Deflect"],"picked":"SKIP","floor":4},{"not_picked":["All Out Attack","Dagger Spray","Masterful Stab"],"picked":"SKIP","floor":5},{"not_picked":["Dagger Spray","Flying Knee","Endless Agony"],"picked":"SKIP","floor":6}],"player_experience":230835,"relics_obtained":[{"floor":6,"key":"Lantern"},{"floor":9,"key":"Shovel"},{"floor":14,"key":"Toxic Egg 2"},{"floor":15,"key":"Ornamental Fan"}],"event_choices":[{"cards_removed":["Strike_G"],"damage_healed":0,"gold_gain":0,"player_choice":"Offered Basic","damage_taken":0,"max_hp_gain":0,"max_hp_loss":0,"event_name":"Bonfire Elementals","floor":3,"gold_loss":0},{"cards_removed":["Defend_G"],"damage_healed":0,"gold_gain":0,"player_choice":"Card Removal","damage_taken":0,"max_hp_gain":0,"max_hp_loss":0,"event_name":"The Cleric","floor":13,"gold_loss":50}],"is_beta":false,"boss_relics":[],"items_purged_floors":[],"is_endless":false,"potions_floor_spawned":[4,5,6],"killed_by":"Hexaghost","ascension_level":14}