{"gold_per_floor":[119,119,132,132,97,97,97,97,97,122,79,102,102,126,126,256,256,272,272,272,272,286,309,328,353,353,353,378,378,394,414,414,540,540,564,564,689,689,15,15,39,39,39,77,98,41,41,2,2,2],"floor_reached":51,"playtime":2491,"items_purged":[],"score":796,"play_id":"ca366c05-b5bb-4f56-a956-10b1437adce9","local_time":"20190530160638","is_ascension_mode":false,"campfire_choices":[{"floor":6,"key":"DIG"},{"floor":8,"key":"DIG"},{"floor":15,"key":"REST"},{"floor":27,"key":"DIG"},{"floor":29,"key":"DIG"},{"floor":32,"key":"REST"},{"data":"1","floor":40,"key":"LIFT"},{"floor":42,"key":"REST"},{"data":"2","floor":49,"key":"LIFT"}],"neow_cost":"PERCENT_DAMAGE","seed_source_timestamp":534406476974500,"circlet_count":0,"master_deck":["Strike_R+1","Strike_R+1","Strike_R+1","Strike_R+1","Strike_R+1","Defend_R+1","Defend_R+1","Defend_R+1","Defend_R+1","Bash","Wild Strike","Shrug It Off","Power Through","Disarm","Injury","Perfected Strike+1","Fiend Fire+1","Iron Wave+1","Clothesline+1","Barricade","Body Slam+1","Twin Strike+1","Wild Strike+1","Doubt","Decay","Shrug It Off+1","Enlightenment","Flex+1","Perfected Strike+1","Evolve","Flame Barrier+1","Immolate+1","Perfected Strike+1","Corruption"],"relics":["Burning Blood","Shovel","Pocketwatch","Juzu Bracelet","Molten Egg 2","Mummified Hand","Odd Mushroom","Golden Idol","Runic Cube","Nilry\u0027s Codex","Nloth\u0027s Gift","Ancient Tea Set","Girya","Red Skull","Vajra","Calling Bell","Dead Branch","Bronze Scales","The Courier","FossilizedHelix","Kunai","Champion Belt","Toxic Egg 2","HandDrill","Self Forming Clay","Pen Nib"],"potions_floor_usage":[16,24,33,33,41,44,50,50,50],"damage_taken":[{"damage":5,"enemies":"Small Slimes","floor":1,"turns":5},{"damage":0,"enemies":"2 Louse","floor":3,"turns":3},{"damage":24,"enemies":"3 Sentries","floor":10,"turns":9},{"damage":14,"enemies":"The Mushroom Lair","floor":12,"turns":5},{"damage":0,"enemies":"Jaw Worm","floor":14,"turns":4},{"damage":28,"enemies":"Slime Boss","floor":16,"turns":13},{"damage":13,"enemies":"2 Thieves","floor":18,"turns":4},{"damage":6,"enemies":"3 Byrds","floor":22,"turns":7},{"damage":0,"enemies":"Snecko","floor":23,"turns":3},{"damage":2,"enemies":"Chosen and Byrds","floor":24,"turns":6},{"damage":2,"enemies":"3 Cultists","floor":28,"turns":6},{"damage":6,"enemies":"Snecko","floor":30,"turns":3},{"damage":21,"enemies":"Snake Plant","floor":31,"turns":2},{"damage":34,"enemies":"Automaton","floor":33,"turns":10},{"damage":46,"enemies":"3 Darklings","floor":35,"turns":7},{"damage":0,"enemies":"Mind Bloom Boss Battle","floor":37,"turns":6},{"damage":0,"enemies":"Orb Walker","floor":41,"turns":3},{"damage":9,"enemies":"Giant Head","floor":44,"turns":8},{"damage":2,"enemies":"4 Shapes","floor":45,"turns":6},{"damage":10,"enemies":"Time Eater","floor":50,"turns":7}],"seed_played":"5735612567266686213","potions_obtained":[{"floor":12,"key":"Swift Potion"},{"floor":14,"key":"Weak Potion"},{"floor":18,"key":"Strength Potion"},{"floor":23,"key":"SpeedPotion"},{"floor":30,"key":"Strength Potion"},{"floor":33,"key":"Swift Potion"},{"floor":37,"key":"SkillPotion"},{"floor":41,"key":"Explosive Potion"},{"floor":44,"key":"PowerPotion"}],"is_trial":false,"path_per_floor":["M","$","M","?","?","R","?","R","T","E","?","?","?","M","R","B",null,"M","?","?","?","M","M","M","T","T","R","M","R","M","M","R","B",null,"M","?","?","T","$","R","M","R","T","E","M","$","?","$","R","B",null],"character_chosen":"IRONCLAD","items_purchased":["Perfected Strike+1","Champion Belt","Toxic Egg 2","HandDrill","Evolve","Corruption","Weak Potion"],"campfire_rested":3,"item_purchase_floors":[39,39,39,39,39,46,48],"current_hp_per_floor":[57,57,63,51,71,71,55,55,55,37,37,29,29,35,59,37,80,73,57,57,57,57,63,67,67,67,67,71,71,71,56,80,52,80,40,40,46,46,46,46,52,76,76,73,77,77,77,77,77,73],"gold":2,"neow_bonus":"ONE_RARE_RELIC","is_prod":false,"is_daily":false,"chose_seed":false,"campfire_upgraded":0,"win_rate":0,"timestamp":1559221598,"path_taken":["M","$","M","?","?","R","?","R","T","E","?","?","?","M","R","BOSS","M","?","?","?","M","M","M","?","T","R","M","R","M","M","R","BOSS","M","?","?","?","?","R","M","R","T","E","M","$","?","$","R","BOSS"],"build_version":"2019-05-28","purchased_purges":0,"victory":true,"max_hp_per_floor":[80,80,80,80,80,80,80,80,80,80,80,80,80,80,80,80,80,80,80,80,80,80,80,80,80,80,80,80,80,80,80,80,80,80,80,80,80,80,80,80,80,80,80,80,80,80,80,80,80,80],"card_choices":[{"not_picked":["Headbutt","Flex"],"picked":"Wild Strike","floor":1},{"not_picked":["Heavy Blade","Havoc"],"picked":"Shrug It Off","floor":3},{"not_picked":["Brutality","Infernal Blade"],"picked":"Power Through","floor":10},{"not_picked":["Clash+1","Wild Strike+1"],"picked":"Disarm","floor":12},{"not_picked":["Twin Strike+1","Disarm"],"picked":"Perfected Strike+1","floor":14},{"not_picked":["Feed+1","Demon Form"],"picked":"Fiend Fire+1","floor":16},{"not_picked":["Bloodletting","Hemokinesis+1"],"picked":"Iron Wave+1","floor":18},{"not_picked":["Searing Blow+1","Bloodletting+1"],"picked":"Clothesline+1","floor":22},{"not_picked":["Wild Strike+1","Clash+1"],"picked":"Barricade","floor":23},{"not_picked":["Entrench","Warcry+1"],"picked":"Body Slam+1","floor":24},{"not_picked":["Rage","Combust"],"picked":"Twin Strike+1","floor":28},{"not_picked":["Sword Boomerang+1","Pommel Strike+1","Bloodletting+1"],"picked":"SKIP","floor":30},{"not_picked":["Iron Wave+1","Anger+1"],"picked":"Wild Strike+1","floor":31},{"not_picked":["Pommel Strike+1","Anger+1"],"picked":"Shrug It Off+1","floor":35},{"not_picked":["Secret Weapon","Thinking Ahead"],"picked":"Enlightenment","floor":36},{"not_picked":["Thunderclap+1","Body Slam+1"],"picked":"Flex+1","floor":37},{"not_picked":["Fiend Fire+1","Clash+1"],"picked":"Flame Barrier+1","floor":41},{"not_picked":["Wild Strike+1","Combust"],"picked":"Immolate+1","floor":44},{"not_picked":["Twin Strike+1","Sword Boomerang+1"],"picked":"Perfected Strike+1","floor":45}],"player_experience":403406,"relics_obtained":[{"floor":6,"key":"Juzu Bracelet"},{"floor":8,"key":"Molten Egg 2"},{"floor":9,"key":"Mummified Hand"},{"floor":10,"key":"Centennial Puzzle"},{"floor":12,"key":"Odd Mushroom"},{"floor":19,"key":"Nilry\u0027s Codex"},{"floor":25,"key":"Ancient Tea Set"},{"floor":26,"key":"Girya"},{"floor":27,"key":"Red Skull"},{"floor":29,"key":"Vajra"},{"floor":34,"key":"Dead Branch"},{"floor":34,"key":"Bronze Scales"},{"floor":34,"key":"The Courier"},{"floor":37,"key":"FossilizedHelix"},{"floor":38,"key":"Kunai"},{"floor":43,"key":"Self Forming Clay"},{"floor":44,"key":"Pen Nib"}],"event_choices":[{"damage_healed":0,"gold_gain":0,"player_choice":"Success","damage_taken":12,"relics_obtained":["Pocketwatch"],"max_hp_gain":0,"max_hp_loss":0,"event_name":"Scrap Ooze","floor":4,"gold_loss":0},{"damage_healed":20,"gold_gain":0,"player_choice":"Healed","damage_taken":0,"max_hp_gain":0,"max_hp_loss":0,"event_name":"The Cleric","floor":5,"gold_loss":35},{"damage_healed":0,"gold_gain":0,"player_choice":"Entered Light","damage_taken":16,"max_hp_gain":0,"max_hp_loss":0,"event_name":"Shining Light","floor":7,"gold_loss":0,"cards_upgraded":["Strike_R","Defend_R"]},{"damage_healed":0,"gold_gain":0,"player_choice":"Left Gold","damage_taken":0,"max_hp_gain":0,"max_hp_loss":0,"event_name":"World of Goop","floor":11,"gold_loss":43},{"damage_healed":0,"gold_gain":0,"player_choice":"Fought Mushrooms","damage_taken":0,"max_hp_gain":0,"max_hp_loss":0,"event_name":"Mushrooms","floor":12,"gold_loss":0},{"damage_healed":0,"gold_gain":0,"player_choice":"Take Wound","damage_taken":0,"relics_obtained":["Golden Idol"],"max_hp_gain":0,"max_hp_loss":0,"event_name":"Golden Idol","floor":13,"gold_loss":0,"cards_obtained":["Injury"]},{"damage_healed":0,"gold_gain":0,"player_choice":"Obtained Book","damage_taken":16,"max_hp_gain":0,"max_hp_loss":0,"event_name":"Cursed Tome","floor":19,"gold_loss":0},{"damage_healed":0,"gold_gain":0,"player_choice":"Traded Relic","damage_taken":0,"relics_obtained":["Nloth\u0027s Gift"],"max_hp_gain":0,"max_hp_loss":0,"event_name":"N\u0027loth","floor":20,"relics_lost":["Centennial Puzzle"],"gold_loss":0},{"damage_healed":0,"gold_gain":0,"player_choice":"Simplicity","damage_taken":0,"max_hp_gain":0,"max_hp_loss":0,"event_name":"Back to Basics","floor":21,"gold_loss":0,"cards_upgraded":["Strike_R","Strike_R","Strike_R","Strike_R","Defend_R","Defend_R","Defend_R"]},{"damage_healed":0,"gold_gain":0,"player_choice":"Memory 1","damage_taken":0,"max_hp_gain":0,"max_hp_loss":0,"event_name":"SensoryStone","floor":36,"gold_loss":0},{"damage_healed":0,"gold_gain":0,"player_choice":"Fight","damage_taken":0,"max_hp_gain":0,"max_hp_loss":0,"event_name":"MindBloom","floor":37,"gold_loss":0},{"cards_removed":["Normality"],"damage_healed":0,"gold_gain":0,"player_choice":"Purged","damage_taken":0,"max_hp_gain":0,"max_hp_loss":0,"event_name":"Purifier","floor":47,"gold_loss":0}],"is_beta":true,"boss_relics":[{"not_picked":["Black Star","Pandora\u0027s Box"],"picked":"Runic Cube"},{"not_picked":["Lizard Tail","Runic Dome"],"picked":"Calling Bell"}],"items_purged_floors":[],"is_endless":false,"potions_floor_spawned":[12,14,18,23,30,33,37,41,44],"ascension_level":0}