{"gold_per_floor":[114,114,114,16,39,39,39,63,63,63,87,122,122,122,122,252,252,252,252,252,25,25,25,25,25,25,25,25,25,25,25,25,25,25,25,25,25,25,25,25,25,25,25,25,25,25,25],"floor_reached":47,"playtime":1665,"items_purged":["Strike_G"],"score":654,"play_id":"250628ad-54d4-43ad-992d-5cf11f12090f","local_time":"20190401151619","is_ascension_mode":true,"campfire_choices":[{"floor":6.0,"key":"REST"},{"data":"Neutralize","floor":10.0,"key":"SMITH"},{"data":"Malaise","floor":13.0,"key":"SMITH"},{"data":"Sucker Punch","floor":15.0,"key":"SMITH"},{"data":"Footwork","floor":25.0,"key":"SMITH"},{"floor":30.0,"key":"REST"},{"floor":32.0,"key":"REST"},{"data":"Enlightenment","floor":40.0,"key":"SMITH"}],"neow_cost":"NONE","seed_source_timestamp":871207473134154,"circlet_count":0,"master_deck":["Defend_G+1","Defend_G+1","Defend_G+1","Defend_G+1","Defend_G+1","Strike_G+1","Strike_G+1","Strike_G+1","Strike_G+1","Survivor+1","Neutralize+1","Quick Slash+1","Footwork+1","Backflip+1","Bouncing Flask+1","Sucker Punch+1","Malaise+1","After Image+1","Footwork+1","Deadly Poison+1","Backflip+1","Blade Dance+1","Bouncing Flask+1","Wraith Form v2+1","Deadly Poison+1","Enlightenment+1","Master of Strategy+1","Dodge and Roll+1","Poisoned Stab+1"],"special_seed":0,"relics":["Ring of the Snake","Golden Idol","Paper Crane","Bottled Flame","Mercury Hourglass","Strawberry","Ectoplasm","Oddly Smooth Stone","Centennial Puzzle","Juzu Bracelet","Unceasing Top","Shuriken","GremlinMask","Eternal Feather","Mark of the Bloom","FossilizedHelix","Ninja Scroll"],"potions_floor_usage":[47],"damage_taken":[{"damage":3.0,"enemies":"Small Slimes","floor":1.0,"turns":4.0},{"damage":1.0,"enemies":"Jaw Worm","floor":5.0,"turns":6.0},{"damage":0.0,"enemies":"Cultist","floor":8.0,"turns":5.0},{"damage":0.0,"enemies":"Blue Slaver","floor":11.0,"turns":3.0},{"damage":18.0,"enemies":"3 Sentries","floor":12.0,"turns":10.0},{"damage":2.0,"enemies":"Hexaghost","floor":16.0,"turns":9.0},{"damage":0.0,"enemies":"Shell Parasite","floor":18.0,"turns":6.0},{"damage":3.0,"enemies":"Spheric Guardian","floor":19.0,"turns":4.0},{"damage":28.0,"enemies":"Gremlin Leader","floor":23.0,"turns":9.0},{"damage":4.0,"enemies":"Snake Plant","floor":24.0,"turns":6.0},{"damage":0.0,"enemies":"Colosseum Slavers","floor":27.0,"turns":5.0},{"damage":33.0,"enemies":"Colosseum Nobs","floor":27.0,"turns":8.0},{"damage":0.0,"enemies":"Centurion and Healer","floor":29.0,"turns":6.0},{"damage":3.0,"enemies":"Shelled Parasite and Fungi","floor":31.0,"turns":6.0},{"damage":14.0,"enemies":"Champ","floor":33.0,"turns":13.0},{"damage":4.0,"enemies":"3 Shapes","floor":35.0,"turns":4.0},{"damage":11.0,"enemies":"3 Darklings","floor":41.0,"turns":6.0},{"damage":35.0,"enemies":"Reptomancer","floor":44.0,"turns":10.0},{"damage":27,"enemies":"Donu and Deca","floor":47,"turns":11}],"seed_played":"-455503640060228514","potions_obtained":[{"floor":12.0,"key":"Swift Potion"},{"floor":16.0,"key":"Fire Potion"},{"floor":23.0,"key":"Fire Potion"},{"floor":27.0,"key":"Poison Potion"},{"floor":33.0,"key":"Block Potion"},{"floor":35.0,"key":"Strength Potion"},{"floor":41.0,"key":"FairyPotion"}],"is_trial":false,"path_per_floor":["M","?","?","$","M","R","T","M","T","R","M","E","R","?","R","B",null,"M","M","?","$","?","E","M","R","T","?","?","M","R","M","R","B",null,"M","?","$","?","$","R","M","?","T","E","?","?","B"],"character_chosen":"THE_SILENT","items_purchased":["Footwork","Backflip","Oddly Smooth Stone"],"campfire_rested":3,"item_purchase_floors":[4,4,21],"current_hp_per_floor":[67,48,33,33,32,55,55,55,55,55,55,37,37,37,37,35,72,72,69,69,69,69,41,37,37,37,4,4,4,29,26,51,37,72,68,63,63,73,73,73,62,62,62,27,27,27,0],"gold":25,"neow_bonus":"TEN_PERCENT_HP_BONUS","is_prod":false,"is_daily":false,"chose_seed":false,"campfire_upgraded":5,"win_rate":0,"timestamp":1554124579,"path_taken":["M","?","?","$","M","R","?","M","T","R","?","E","R","?","R","BOSS","M","M","?","$","?","E","M","R","T","?","?","M","R","M","R","BOSS","M","?","$","?","$","R","M","?","T","E","?","?","BOSS"],"build_version":"2019-01-23","purchased_purges":1,"victory":false,"max_hp_per_floor":[77,77,77,77,77,77,77,77,77,77,77,77,77,84,84,84,84,84,84,84,84,84,84,84,84,84,84,84,84,84,84,84,84,84,84,84,84,73,73,73,73,73,73,73,73,73,73],"card_choices":[{"not_picked":["Calculated Gamble","Accuracy"],"picked":"Quick Slash","floor":1.0},{"not_picked":["Skewer","PiercingWail","Calculated Gamble"],"picked":"SKIP","floor":5.0},{"not_picked":["Finisher","Bane"],"picked":"Bouncing Flask","floor":8.0},{"not_picked":["Accuracy","Dodge and Roll"],"picked":"Sucker Punch","floor":11.0},{"not_picked":["Skewer","All Out Attack"],"picked":"Malaise","floor":12.0},{"not_picked":["Tools of the Trade","Burst"],"picked":"After Image","floor":16.0},{"not_picked":["Acrobatics","Dagger Spray"],"picked":"Footwork","floor":18.0},{"not_picked":["Cloak And Dagger","Backflip"],"picked":"Deadly Poison+1","floor":19.0},{"not_picked":["Slice","Predator"],"picked":"Backflip","floor":23.0},{"not_picked":["PiercingWail","Bane","Outmaneuver"],"picked":"SKIP","floor":24.0},{"not_picked":["Distraction","Unload"],"picked":"Blade Dance+1","floor":27.0},{"not_picked":["Sucker Punch","Finisher","Flying Knee"],"picked":"SKIP","floor":29.0},{"not_picked":["Backstab","Slice"],"picked":"Bouncing Flask","floor":31.0},{"not_picked":["Storm of Steel","Die Die Die"],"picked":"Wraith Form v2","floor":33.0},{"not_picked":["Backstab","Dodge and Roll"],"picked":"Deadly Poison","floor":35.0},{"not_picked":["Jack Of All Trades","Panache"],"picked":"Enlightenment","floor":36.0},{"not_picked":["Transmutation","PanicButton"],"picked":"Master of Strategy","floor":36.0},{"not_picked":["Blade Dance","Calculated Gamble+1"],"picked":"Dodge and Roll+1","floor":41.0},{"not_picked":["Prepared","Phantasmal Killer"],"picked":"Poisoned Stab+1","floor":44.0}],"player_experience":126801,"relics_obtained":[{"floor":7.0,"key":"Paper Crane"},{"floor":9.0,"key":"Bottled Flame"},{"floor":12.0,"key":"Mercury Hourglass"},{"floor":23.0,"key":"Centennial Puzzle"},{"floor":26.0,"key":"Juzu Bracelet"},{"floor":27.0,"key":"Unceasing Top"},{"floor":27.0,"key":"Shuriken"},{"floor":43.0,"key":"FossilizedHelix"},{"floor":44.0,"key":"Ninja Scroll"}],"event_choices":[{"damage_healed":0.0,"max_hp_gain":0.0,"max_hp_loss":0.0,"gold_gain":0.0,"event_name":"Golden Idol","player_choice":"Take Damage","floor":2.0,"gold_loss":0.0,"damage_taken":19.0,"relics_obtained":["Golden Idol"]},{"damage_healed":0.0,"max_hp_gain":0.0,"max_hp_loss":0.0,"gold_gain":0.0,"event_name":"Shining Light","player_choice":"Entered Light","floor":3.0,"gold_loss":0.0,"damage_taken":15.0,"cards_upgraded":["Defend_G","Quick Slash"]},{"damage_healed":0.0,"max_hp_gain":0.0,"max_hp_loss":0.0,"gold_gain":0.0,"event_name":"Scrap Ooze","player_choice":"Success","floor":14.0,"gold_loss":0.0,"damage_taken":7.0,"relics_obtained":["Strawberry"]},{"damage_healed":0.0,"max_hp_gain":0.0,"max_hp_loss":0.0,"gold_gain":99.0,"event_name":"Nest","player_choice":"Stole From Cult","floor":20.0,"gold_loss":0.0,"damage_taken":0.0},{"damage_healed":0.0,"max_hp_gain":0.0,"max_hp_loss":0.0,"gold_gain":0.0,"event_name":"Accursed Blacksmith","player_choice":"Forge","floor":22.0,"gold_loss":0.0,"damage_taken":0.0,"cards_upgraded":["After Image"]},{"damage_healed":0.0,"max_hp_gain":0.0,"max_hp_loss":0.0,"gold_gain":0.0,"event_name":"Colosseum","player_choice":"Fight","floor":27.0,"gold_loss":0.0,"damage_taken":0.0},{"damage_healed":0.0,"max_hp_gain":0.0,"max_hp_loss":0.0,"gold_gain":0.0,"event_name":"Colosseum","player_choice":"Fought Nobs","floor":27.0,"gold_loss":0.0,"damage_taken":0.0},{"damage_healed":0.0,"max_hp_gain":0.0,"max_hp_loss":0.0,"gold_gain":0.0,"event_name":"FaceTrader","player_choice":"Trade","floor":28.0,"gold_loss":0.0,"damage_taken":0.0,"relics_obtained":["GremlinMask"]},{"damage_healed":0.0,"max_hp_gain":0.0,"max_hp_loss":0.0,"gold_gain":0.0,"event_name":"SensoryStone","player_choice":"Memory 2","floor":36.0,"gold_loss":0.0,"damage_taken":5.0},{"damage_healed":73.0,"max_hp_gain":0.0,"max_hp_loss":11.0,"gold_gain":0.0,"event_name":"The Moai Head","player_choice":"Heal","floor":38.0,"gold_loss":0.0,"damage_taken":0.0},{"damage_healed":0.0,"max_hp_gain":0.0,"max_hp_loss":0.0,"gold_gain":0.0,"event_name":"MindBloom","player_choice":"Upgrade","floor":42.0,"gold_loss":0.0,"damage_taken":0.0,"cards_upgraded":["Defend_G","Defend_G","Defend_G","Defend_G","Strike_G","Strike_G","Strike_G","Strike_G","Survivor","Footwork","Backflip","Bouncing Flask","Backflip","Bouncing Flask","Wraith Form v2","Deadly Poison","Master of Strategy"],"relics_obtained":["Mark of the Bloom"]},{"damage_healed":0.0,"max_hp_gain":0.0,"max_hp_loss":0.0,"gold_gain":0.0,"event_name":"Mysterious Sphere","player_choice":"Ignored","floor":45.0,"gold_loss":0.0,"damage_taken":0.0},{"damage_healed":0.0,"max_hp_gain":0.0,"max_hp_loss":0.0,"gold_gain":0.0,"event_name":"SecretPortal","player_choice":"Took Portal","floor":46.0,"gold_loss":0.0,"damage_taken":0.0}],"is_beta":false,"boss_relics":[{"not_picked":["Velvet Choker","Black Star"],"picked":"Ectoplasm"},{"not_picked":["Philosopher\u0027s Stone","Snecko Eye"],"picked":"Eternal Feather"}],"items_purged_floors":[21],"is_endless":false,"potions_floor_spawned":[12,16,23,27,27,33,35,41],"killed_by":"Donu and Deca","ascension_level":8}