{"gold_per_floor":[111,111,176,301,374,374,407,407,459,459,489,107,127,139,139,211,211,227,246,296,306,57,57,74,74,74,74,124,24,54,74,74,148,148,164,39,89,139,152,152,256,285,285,319,319,338,338,388,388,388],"floor_reached":51,"playtime":3252,"items_purged":["Strike_R","Bite","Bite"],"score":1403,"play_id":"2852d48c-2a6a-4b6b-ac79-1177516e8ce0","local_time":"20181112152458","is_ascension_mode":true,"campfire_choices":[{"data":"Body Slam","floor":6.0,"key":"SMITH"},{"data":"Clothesline","floor":8.0,"key":"SMITH"},{"data":"Flame Barrier","floor":10.0,"key":"SMITH"},{"floor":15.0,"key":"REST"},{"data":"Leap","floor":23.0,"key":"SMITH"},{"data":"Demon Form","floor":25.0,"key":"SMITH"},{"floor":27.0,"key":"REST"},{"data":"Shrug It Off","floor":32.0,"key":"SMITH"},{"data":"Apotheosis","floor":40,"key":"SMITH"},{"data":"Adrenaline","floor":45,"key":"SMITH"},{"floor":47,"key":"REST"},{"data":"Impervious","floor":49,"key":"SMITH"}],"neow_cost":"NONE","seed_source_timestamp":281698399470625,"circlet_count":0,"master_deck":["AscendersBane","Defend_R+1","Defend_R","Defend_R+1","Bash","Body Slam+1","Flame Barrier+1","Clothesline+1","Dagger Throw","Flying Knee","Adrenaline+1","Genetic Algorithm+1","Leap+1","Demon Form+1","Shrug It Off+1","Bite","Bite","Finesse","Impervious+1","Discovery","Apotheosis+1","Mayhem","White Noise","PiercingWail","Brutality"],"special_seed":0,"relics":["Burning Blood","SsserpentHead","Juzu Bracelet","Mango","Lantern","PrismaticShard","Mark of Pain","MutagenicStrength","Oddly Smooth Stone","Boot","Ornamental Fan","Cursed Key","Gambling Chip","War Paint","Dodecahedron"],"potions_floor_usage":[33,41,50],"damage_taken":[{"damage":9.0,"enemies":"Jaw Worm","floor":1.0,"turns":4.0},{"damage":0.0,"enemies":"Cultist","floor":3.0,"turns":4.0},{"damage":55.0,"enemies":"3 Sentries","floor":7.0,"turns":15.0},{"damage":0.0,"enemies":"2 Louse","floor":13.0,"turns":6.0},{"damage":14.0,"enemies":"Exordium Wildlife","floor":14.0,"turns":6.0},{"damage":12.0,"enemies":"The Guardian","floor":16.0,"turns":11.0},{"damage":23.0,"enemies":"Spheric Guardian","floor":18.0,"turns":6.0},{"damage":22.0,"enemies":"Shell Parasite","floor":19.0,"turns":6.0},{"damage":24.0,"enemies":"Shelled Parasite and Fungi","floor":21.0,"turns":8.0},{"damage":11.0,"enemies":"3 Cultists","floor":24.0,"turns":5.0},{"damage":29.0,"enemies":"Gremlin Leader","floor":30.0,"turns":6.0},{"damage":22.0,"enemies":"Centurion and Healer","floor":31.0,"turns":8.0},{"damage":43,"enemies":"Collector","floor":33,"turns":11},{"damage":14,"enemies":"3 Darklings","floor":35,"turns":5},{"damage":11,"enemies":"3 Shapes","floor":39,"turns":5},{"damage":30,"enemies":"2 Orb Walkers","floor":41,"turns":6},{"damage":4,"enemies":"Giant Head","floor":42,"turns":7},{"damage":1,"enemies":"Nemesis","floor":44,"turns":7},{"damage":42,"enemies":"Transient","floor":46,"turns":6},{"damage":48,"enemies":"Donu and Deca","floor":50,"turns":11}],"seed_played":"-4491768698133211160","potions_obtained":[{"floor":1.0,"key":"Ancient Potion"},{"floor":11.0,"key":"LiquidBronze"},{"floor":19.0,"key":"Dexterity Potion"},{"floor":21.0,"key":"FearPotion"},{"floor":30.0,"key":"Fruit Juice"},{"floor":35,"key":"FearPotion"},{"floor":41,"key":"Poison Potion"}],"is_trial":false,"path_per_floor":["M","?","M","?","T","R","E","R","T","R","?","$","M","M","R","B",null,"M","M","?","M","$","R","M","R","T","R","?","$","E","M","R","B",null,"M","$","?","?","M","R","?","E","T","E","R","M","R","?","R","B",null],"character_chosen":"IRONCLAD","items_purchased":["PrismaticShard","Regen Potion","Demon Form","Oddly Smooth Stone"],"campfire_rested":3,"item_purchase_floors":[12,12,22,22],"current_hp_per_floor":[65,65,71,60,60,60,25,25,25,25,25,25,46,38,64,58,81,64,48,48,30,30,30,25,25,25,51,51,51,49,51,51,34,59,61,61,51,51,49,49,28,42,42,55,55,25,45,45,45,23],"gold":388,"neow_bonus":"THREE_CARDS","is_prod":false,"is_daily":false,"chose_seed":false,"campfire_upgraded":9,"win_rate":0,"timestamp":1542032698,"path_taken":["M","?","?","?","?","R","E","R","T","R","?","$","M","M","R","BOSS","M","M","?","M","$","R","M","R","T","R","?","$","E","M","R","BOSS","M","$","?","?","M","R","?","E","T","E","R","M","R","?","R","BOSS"],"build_version":"2018-11-08","purchased_purges":3,"victory":true,"max_hp_per_floor":[75,75,75,75,75,75,89,89,89,89,89,89,89,89,89,89,89,89,89,89,89,89,89,89,89,89,89,62,62,67,67,67,67,67,67,67,67,67,67,67,67,67,67,67,67,67,67,67,67,67],"card_choices":[{"not_picked":["Sentinel","Sword Boomerang"],"picked":"Body Slam","floor":0.0},{"not_picked":["Bloodletting","Twin Strike"],"picked":"Flame Barrier","floor":1.0},{"not_picked":["Havoc","Metallicize"],"picked":"Clothesline","floor":7.0},{"not_picked":["Searing Blow","Perfected Strike"],"picked":"Dagger Throw","floor":13.0},{"not_picked":["Pummel","Seek"],"picked":"Flying Knee","floor":14.0},{"not_picked":["Juggernaut","Fission"],"picked":"Adrenaline","floor":16.0},{"not_picked":["Quick Slash","Sword Boomerang"],"picked":"Genetic Algorithm+1","floor":18.0},{"not_picked":["Burning Pact","Ball Lightning"],"picked":"Leap","floor":19.0},{"not_picked":["Flame Barrier+1","Good Instincts"],"picked":"Shrug It Off","floor":24.0},{"not_picked":["Rip and Tear","Sunder"],"picked":"Finesse","floor":30.0},{"not_picked":["Multi-Cast","Apotheosis"],"picked":"Impervious","floor":33},{"not_picked":["Mind Blast","Trip"],"picked":"Discovery","floor":37},{"not_picked":["Trip","Flash of Steel"],"picked":"Apotheosis","floor":37},{"not_picked":["The Bomb","Transmutation"],"picked":"Mayhem","floor":37},{"not_picked":["Barrage","Perfected Strike+1"],"picked":"White Noise","floor":39},{"not_picked":["Biased Cognition","Outmaneuver","Wraith Form v2"],"picked":"SKIP","floor":42},{"not_picked":["Blade Dance","Doom and Gloom"],"picked":"PiercingWail","floor":44}],"player_experience":1284025,"relics_obtained":[{"floor":5.0,"key":"Juzu Bracelet"},{"floor":7.0,"key":"Mango"},{"floor":9.0,"key":"Lantern"},{"floor":26.0,"key":"Boot"},{"floor":30.0,"key":"Ornamental Fan"},{"floor":41,"key":"Gambling Chip"},{"floor":42,"key":"War Paint"},{"floor":44,"key":"Dodecahedron"}],"event_choices":[{"damage_healed":0.0,"max_hp_gain":0.0,"max_hp_loss":0.0,"gold_gain":0.0,"event_name":"FaceTrader","player_choice":"Trade","floor":2.0,"gold_loss":0.0,"damage_taken":0.0,"relics_obtained":["SsserpentHead"]},{"damage_healed":0.0,"max_hp_gain":0.0,"max_hp_loss":0.0,"gold_gain":75.0,"event_name":"World of Goop","player_choice":"Gather Gold","floor":4.0,"gold_loss":0.0,"damage_taken":11.0},{"damage_healed":0.0,"max_hp_gain":0.0,"max_hp_loss":0.0,"gold_gain":0.0,"event_name":"The Woman in Blue","player_choice":"Bought 1 Potion","floor":11.0,"gold_loss":0.0,"damage_taken":0.0},{"damage_healed":0.0,"max_hp_gain":0.0,"max_hp_loss":0.0,"gold_gain":0.0,"event_name":"Drug Dealer","player_choice":"Inject Mutagens","floor":20.0,"gold_loss":0.0,"damage_taken":0.0,"relics_obtained":["MutagenicStrength"]},{"damage_healed":0.0,"max_hp_gain":0.0,"max_hp_loss":27.0,"gold_gain":0.0,"event_name":"Vampires","player_choice":"Became a vampire","floor":28.0,"gold_loss":0.0,"damage_taken":0.0,"cards_obtained":["Bite","Bite","Bite","Bite","Bite"]},{"damage_healed":0,"gold_gain":0,"player_choice":"Memory 3","damage_taken":10,"max_hp_gain":0,"max_hp_loss":0,"event_name":"SensoryStone","floor":37,"gold_loss":0},{"cards_removed":["Bite"],"damage_healed":0,"gold_gain":0,"player_choice":"Removed Attack","damage_taken":0,"max_hp_gain":0,"max_hp_loss":0,"event_name":"Falling","floor":38,"gold_loss":0},{"damage_healed":0,"gold_gain":0,"player_choice":"Fight","damage_taken":0,"max_hp_gain":0,"max_hp_loss":0,"event_name":"Mysterious Sphere","floor":41,"gold_loss":0},{"damage_healed":0,"gold_gain":0,"cards_transformed":["Defend_R"],"player_choice":"Transformed","damage_taken":0,"max_hp_gain":0,"max_hp_loss":0,"event_name":"Transmorgrifier","floor":48,"gold_loss":0,"cards_obtained":["Brutality"]}],"is_beta":false,"boss_relics":[{"not_picked":["Calling Bell","Runic Dome"],"picked":"Mark of Pain"},{"not_picked":["Velvet Choker","Busted Crown"],"picked":"Cursed Key"}],"items_purged_floors":[12,29,36],"is_endless":false,"potions_floor_spawned":[1,19,21,30,35,41],"ascension_level":19}