{"gold_per_floor":[359,369,30,45,45,45,65,65,65,78,78,78,112,112,112,189,189,202,188,238,76,88,88,105,105,128,128],"floor_reached":27,"playtime":810,"items_purged":["Decay"],"score":376,"play_id":"dd1e8ee3-b31e-4342-aae6-cf9d58fd914e","local_time":"20190601004535","is_ascension_mode":true,"campfire_choices":[{"data":"Sadistic Nature","floor":6.0,"key":"SMITH"},{"data":"Noxious Fumes","floor":8.0,"key":"SMITH"},{"floor":12.0,"key":"REST"},{"floor":15.0,"key":"REST"},{"floor":23,"key":"REST"}],"neow_cost":"CURSE","seed_source_timestamp":394346953044874,"circlet_count":0,"master_deck":["AscendersBane","Defend_G","Defend_G","Defend_G","Defend_G","Strike_G","Strike_G+1","Strike_G+1","Strike_G","Strike_G","Survivor","Neutralize","Dodge and Roll","Prepared","Noxious Fumes+1","Sadistic Nature+1","Dodge and Roll","Sucker Punch","Blur","Wraith Form v2+1","Catalyst","Deadly Poison+1"],"special_seed":0,"relics":["Ring of the Snake","Frozen Egg 2","The Courier","Dream Catcher","Busted Crown","ClockworkSouvenir","Whetstone"],"potions_floor_usage":[22,27,27],"damage_taken":[{"damage":2.0,"enemies":"Small Slimes","floor":1.0,"turns":5.0},{"damage":2.0,"enemies":"Cultist","floor":2.0,"turns":4.0},{"damage":3.0,"enemies":"Jaw Worm","floor":4.0,"turns":5.0},{"damage":18.0,"enemies":"3 Louse","floor":7.0,"turns":4.0},{"damage":0.0,"enemies":"Large Slime","floor":10.0,"turns":5.0},{"damage":39.0,"enemies":"Gremlin Nob","floor":13.0,"turns":5.0},{"damage":0.0,"enemies":"Exordium Thugs","floor":14.0,"turns":1.0},{"damage":26.0,"enemies":"The Guardian","floor":16.0,"turns":11.0},{"damage":20.0,"enemies":"Chosen","floor":18.0,"turns":6.0},{"damage":8.0,"enemies":"2 Thieves","floor":19.0,"turns":4.0},{"damage":5,"enemies":"Shelled Parasite and Fungi","floor":22,"turns":10},{"damage":2,"enemies":"Centurion and Healer","floor":24,"turns":8},{"damage":32,"enemies":"Cultist and Chosen","floor":27,"turns":6}],"seed_played":"-6513066759669014723","potions_obtained":[{"floor":1.0,"key":"LiquidBronze"},{"floor":2.0,"key":"SmokeBomb"},{"floor":16.0,"key":"Fire Potion"},{"floor":19.0,"key":"GhostInAJar"},{"floor":22,"key":"Explosive Potion"}],"is_trial":false,"path_per_floor":["M","M","$","M","?","R","M","R","T","M","?","R","E","M","R","B",null,"M","M","?","$","M","R","M","?","T","M"],"character_chosen":"THE_SILENT","items_purchased":["Noxious Fumes","Sadistic Nature","ClockworkSouvenir"],"campfire_rested":3,"item_purchase_floors":[3,3,21],"current_hp_per_floor":[57,55,55,52,47,47,29,29,29,29,29,48,9,9,28,2,50,30,22,16,16,11,30,28,28,28,0],"gold":128,"neow_bonus":"TWO_FIFTY_GOLD","is_prod":false,"is_daily":false,"chose_seed":false,"campfire_upgraded":2,"win_rate":0,"timestamp":1559342735,"path_taken":["M","M","$","M","?","R","M","R","T","M","?","R","E","M","R","BOSS","M","?","?","?","?","R","M","?","T","M"],"build_version":"2019-01-23","purchased_purges":1,"victory":false,"max_hp_per_floor":[66,66,66,66,66,66,66,66,66,66,66,66,66,66,66,66,66,66,66,66,66,66,66,66,66,66,66],"card_choices":[{"not_picked":["Quick Slash","Prepared"],"picked":"Dodge and Roll","floor":1.0},{"not_picked":["Backflip","Calculated Gamble"],"picked":"Prepared","floor":2.0},{"not_picked":["Skewer","Deflect"],"picked":"Dodge and Roll","floor":4.0},{"not_picked":["Skewer","Flechettes"],"picked":"Sucker Punch","floor":7.0},{"not_picked":["Flechettes","Choke"],"picked":"Blur","floor":10.0},{"not_picked":["Outmaneuver","Bane"],"picked":"Wraith Form v2+1","floor":13.0},{"not_picked":["Blade Dance","Slice"],"picked":"Catalyst","floor":15.0},{"not_picked":["Blade Dance"],"picked":"SKIP","floor":18.0},{"not_picked":["Predator"],"picked":"SKIP","floor":19.0},{"not_picked":["Riddle With Holes"],"picked":"SKIP","floor":22},{"not_picked":[],"picked":"Deadly Poison+1","floor":24}],"player_experience":283692,"relics_obtained":[{"floor":9.0,"key":"The Courier"},{"floor":13.0,"key":"Dream Catcher"},{"floor":26,"key":"Whetstone"}],"event_choices":[{"damage_healed":0.0,"max_hp_gain":0.0,"max_hp_loss":0.0,"gold_gain":0.0,"event_name":"Scrap Ooze","player_choice":"Success","floor":5.0,"gold_loss":0.0,"damage_taken":5.0,"relics_obtained":["Frozen Egg 2"]},{"cards_removed":["Defend_G"],"damage_healed":0.0,"max_hp_gain":0.0,"max_hp_loss":0.0,"gold_gain":0.0,"event_name":"Purifier","player_choice":"Purged","floor":11.0,"gold_loss":0.0,"damage_taken":0.0},{"damage_healed":0,"gold_gain":50,"player_choice":"Touch","damage_taken":6,"max_hp_gain":0,"max_hp_loss":0,"event_name":"FaceTrader","floor":20,"gold_loss":0},{"damage_healed":0,"gold_gain":0,"player_choice":"Ignored","damage_taken":0,"max_hp_gain":0,"max_hp_loss":0,"event_name":"N\u0027loth","floor":25,"gold_loss":0}],"is_beta":false,"boss_relics":[{"not_picked":["Eternal Feather","White Beast Statue"],"picked":"Busted Crown"}],"items_purged_floors":[3],"is_endless":false,"potions_floor_spawned":[1,2,4,16,19,22],"killed_by":"Cultist and Chosen","ascension_level":15}