{"gold_per_floor":[17,17,40,61,61,61,104,120,120,120,145,78,78,101,101,226,226,244,13,32,48,68,111,131,131,131,131],"floor_reached":27,"playtime":2853,"items_purged":["Defend_B"],"score":262,"play_id":"28ffba6c-7175-4801-ae8e-bd0434530380","local_time":"20190222230258","is_ascension_mode":false,"campfire_choices":[{"data":"Zap","floor":6,"key":"SMITH"},{"data":"Streamline","floor":10,"key":"SMITH"},{"data":"Capacitor","floor":13,"key":"SMITH"},{"floor":15,"key":"REST"}],"neow_cost":"NO_GOLD","seed_source_timestamp":353681612563092,"circlet_count":0,"master_deck":["Strike_B","Strike_B","Strike_B","Strike_B","Defend_B","Defend_B","Defend_B","Zap+1","Dualcast","Conserve Battery","Genetic Algorithm+1","Coolheaded","Hologram","Streamline+1","Auto Shields","Capacitor+1","All For One","Defragment","Finesse","FTL"],"relics":["Cracked Core","Golden Idol","Nunchaku","Mango","Velvet Choker","Gremlin Horn","Sundial"],"potions_floor_usage":[8,21,23,27],"damage_taken":[{"damage":5,"enemies":"Jaw Worm","floor":1,"turns":4},{"damage":1,"enemies":"2 Louse","floor":3,"turns":3},{"damage":5,"enemies":"Cultist","floor":4,"turns":4},{"damage":12,"enemies":"Lagavulin","floor":7,"turns":8},{"damage":18,"enemies":"Gremlin Gang","floor":8,"turns":5},{"damage":3,"enemies":"Red Slaver","floor":11,"turns":2},{"damage":8,"enemies":"2 Fungi Beasts","floor":14,"turns":4},{"damage":43,"enemies":"Hexaghost","floor":16,"turns":11},{"damage":5,"enemies":"Shell Parasite","floor":18,"turns":6},{"damage":20,"enemies":"Spheric Guardian","floor":20,"turns":4},{"damage":14,"enemies":"Snake Plant","floor":21,"turns":4},{"damage":24,"enemies":"Shelled Parasite and Fungi","floor":22,"turns":7},{"damage":33,"enemies":"Gremlin Leader","floor":23,"turns":6},{"damage":4,"enemies":"Sentry and Sphere","floor":24,"turns":6},{"damage":7,"enemies":"Snecko","floor":27,"turns":2}],"seed_played":"1934105426591763107","potions_obtained":[{"floor":8,"key":"Fruit Juice"},{"floor":11,"key":"Energy Potion"},{"floor":20,"key":"PowerPotion"},{"floor":22,"key":"LiquidBronze"},{"floor":24,"key":"Energy Potion"}],"is_trial":false,"path_per_floor":["M","?","M","M","?","R","E","M","T","R","M","$","R","M","R","B",null,"M","$","M","M","M","E","M","?","T","M"],"character_chosen":"DEFECT","items_purchased":["Capacitor","Defragment","Finesse"],"campfire_rested":1,"item_purchase_floors":[12,19,19],"current_hp_per_floor":[84,82,81,76,76,76,64,51,65,65,62,62,62,54,84,41,101,96,96,76,62,38,5,1,1,1,0],"gold":131,"neow_bonus":"TWENTY_PERCENT_HP_BONUS","is_prod":false,"is_daily":false,"chose_seed":false,"campfire_upgraded":3,"win_rate":0.0,"timestamp":1550905378,"path_taken":["M","?","M","M","?","R","E","?","T","R","?","$","R","?","R","BOSS","M","$","M","M","M","E","M","?","T","?"],"build_version":"2019-01-23","purchased_purges":1,"victory":false,"max_hp_per_floor":[89,82,82,82,82,82,82,87,101,101,101,101,101,101,101,101,101,101,101,101,101,101,101,101,101,101,101],"card_choices":[{"not_picked":["Coolheaded","Sweeping Beam"],"picked":"Conserve Battery","floor":1},{"not_picked":["Ball Lightning","Reinforced Body"],"picked":"Genetic Algorithm","floor":3},{"not_picked":["Tempest","Ball Lightning"],"picked":"Coolheaded","floor":4},{"not_picked":["Turbo","Ball Lightning"],"picked":"Hologram","floor":7},{"not_picked":["Sweeping Beam","Static Discharge"],"picked":"Streamline","floor":8},{"not_picked":["Streamline","Cold Snap"],"picked":"Auto Shields","floor":11},{"not_picked":["Stack","Compile Driver","Go for the Eyes"],"picked":"SKIP","floor":14},{"not_picked":["Electrodynamics","Hyperbeam"],"picked":"All For One","floor":16},{"not_picked":["Conserve Battery","Compile Driver+1","Reinforced Body"],"picked":"SKIP","floor":18},{"not_picked":["Rebound","Chaos+1","Ball Lightning"],"picked":"SKIP","floor":20},{"not_picked":["Ball Lightning","Rebound","Auto Shields+1"],"picked":"SKIP","floor":21},{"not_picked":["Barrage","Loop","Recycle"],"picked":"SKIP","floor":22},{"not_picked":["Genetic Algorithm","Sweeping Beam","Steam Power"],"picked":"SKIP","floor":23},{"not_picked":["Rainbow","Compile Driver"],"picked":"FTL","floor":24}],"player_experience":98211,"relics_obtained":[{"floor":7,"key":"Nunchaku"},{"floor":9,"key":"Mango"},{"floor":23,"key":"Gremlin Horn"},{"floor":26,"key":"Sundial"}],"event_choices":[{"damage_healed":0,"gold_gain":0,"player_choice":"Lose Max HP","damage_taken":0,"relics_obtained":["Golden Idol"],"max_hp_gain":0,"max_hp_loss":7,"event_name":"Golden Idol","floor":2,"gold_loss":0},{"damage_healed":0,"gold_gain":0,"player_choice":"Upgraded","damage_taken":0,"max_hp_gain":0,"max_hp_loss":0,"event_name":"Upgrade Shrine","floor":5,"gold_loss":0,"cards_upgraded":["Genetic Algorithm"]},{"damage_healed":0,"gold_gain":0,"player_choice":"Ignored","damage_taken":0,"max_hp_gain":0,"max_hp_loss":0,"event_name":"Golden Shrine","floor":25,"gold_loss":0}],"is_beta":false,"boss_relics":[{"not_picked":["Eternal Feather","Snecko Eye"],"picked":"Velvet Choker"}],"items_purged_floors":[19],"is_endless":false,"potions_floor_spawned":[8,11,20,22,24],"killed_by":"Snecko","ascension_level":0}