{"gold_per_floor":[111,111,36,36,36,65,65,100,175,202,15,15,34,67,67,144,144,159,60,60,73,90,90,104,136,186,215,215,215,215,242,242,317,317,334,334,334,334,78,108,108,141,164,195,207,219,131,185,185,185],"floor_reached":51,"playtime":10323,"items_purged":["Decay","Strike_G"],"score":1503,"play_id":"de4bd79f-fcfd-4b2b-9911-0f261fcf0821","local_time":"20180924200520","is_ascension_mode":true,"campfire_choices":[{"data":"Neutralize","floor":7.0,"key":"SMITH"},{"data":"A Thousand Cuts","floor":15.0,"key":"SMITH"},{"data":"Finisher","floor":23.0,"key":"SMITH"},{"data":"Well Laid Plans","floor":29.0,"key":"SMITH"},{"floor":32.0,"key":"REST"},{"data":"After Image","floor":41,"key":"SMITH"},{"data":"Accuracy","floor":46,"key":"SMITH"},{"data":"Caltrops","floor":49,"key":"SMITH"}],"neow_cost":"NONE","seed_source_timestamp":0,"circlet_count":0,"master_deck":["Defend_G","Defend_G","Defend_G","Defend_G","Defend_G","Strike_G","Strike_G+1","Survivor","Neutralize+1","AscendersBane","Finisher+1","Footwork+1","A Thousand Cuts+1","Dagger Spray+1","Flash of Steel","Blade Dance+1","Caltrops+1","Burst+1","Backflip+1","Well Laid Plans+1","Accuracy+1","Infinite Blades","Necronomicurse","Expertise+1","After Image+1","Deflect+1","Metamorphosis+1","Blade Dance+1","Blur+1","PiercingWail+1","Cloak And Dagger+1","Dodge and Roll+1","Leg Sweep+1"],"special_seed":0,"relics":["Ring of the Snake","NeowsBlessing","Pantograph","Meat on the Bone","Toxic Egg 2","Dodecahedron","Bird Faced Urn","Regal Pillow","Sozu","Pear","Potion Belt","Ancient Tea Set","Necronomicon","Juzu Bracelet","Coffee Dripper","Blue Candle","Vajra","Whetstone","MawBank","FossilizedHelix","Unceasing Top"],"potions_floor_usage":[],"damage_taken":[{"damage":0.0,"enemies":"2 Louse","floor":1.0,"turns":1.0},{"damage":0.0,"enemies":"Gremlin Nob","floor":6.0,"turns":1.0},{"damage":0.0,"enemies":"3 Sentries","floor":8.0,"turns":1.0},{"damage":10.0,"enemies":"Lagavulin","floor":10.0,"turns":10.0},{"damage":0.0,"enemies":"Small Slimes","floor":13.0,"turns":3.0},{"damage":15.0,"enemies":"Lagavulin Event","floor":14.0,"turns":5.0},{"damage":45.0,"enemies":"Hexaghost","floor":16.0,"turns":10.0},{"damage":0.0,"enemies":"3 Byrds","floor":18.0,"turns":3.0},{"damage":5.0,"enemies":"Spheric Guardian","floor":21.0,"turns":5.0},{"damage":13.0,"enemies":"Shelled Parasite and Fungi","floor":22.0,"turns":5.0},{"damage":0.0,"enemies":"Centurion and Healer","floor":24.0,"turns":5.0},{"damage":28.0,"enemies":"Book of Stabbing","floor":25.0,"turns":5.0},{"damage":37.0,"enemies":"Gremlin Leader","floor":27.0,"turns":7.0},{"damage":26.0,"enemies":"Slavers","floor":31.0,"turns":4.0},{"damage":31.0,"enemies":"Automaton","floor":33.0,"turns":8.0},{"damage":9,"enemies":"3 Shapes","floor":35,"turns":8},{"damage":19,"enemies":"Giant Head","floor":40,"turns":7},{"damage":15,"enemies":"Nemesis","floor":42,"turns":8},{"damage":18,"enemies":"Giant Head","floor":44,"turns":9},{"damage":0,"enemies":"Mind Bloom Boss Battle","floor":45,"turns":4},{"damage":0,"enemies":"Mysterious Sphere","floor":48,"turns":4},{"damage":21,"enemies":"Awakened One","floor":50,"turns":9}],"seed_played":"4897946840243130319","potions_obtained":[{"floor":6.0,"key":"Block Potion"},{"floor":8.0,"key":"EssenceOfSteel"},{"floor":16.0,"key":"AttackPotion"}],"is_trial":false,"path_per_floor":["M","?","?","?","?","E","R","E","T","E","$","$","M","?","R","B",null,"M","$","?","M","M","R","M","E","T","E","?","R","?","E","R","B",null,"M","?","?","?","$","E","R","E","T","E","?","R","$","?","R","B"],"character_chosen":"THE_SILENT","items_purchased":["Flash of Steel","Backflip+1","Well Laid Plans","Metamorphosis+1","Blade Dance+1"],"campfire_rested":1,"item_purchase_floors":[11,19,19,39,39],"current_hp_per_floor":[59,64,64,64,46,46,46,46,46,36,36,36,38,37,37,35,62,68,68,68,70,60,60,70,53,53,38,38,38,17,13,52,56,75,78,78,78,77,77,58,58,57,57,53,77,77,77,77,77,58],"gold":185,"neow_bonus":"THREE_ENEMY_KILL","is_prod":false,"is_daily":false,"chose_seed":false,"campfire_upgraded":7,"win_rate":0,"timestamp":1537812320,"path_taken":["M","?","?","?","?","E","R","E","T","E","?","$","?","?","R","BOSS","M","$","?","M","M","R","M","E","T","E","?","R","?","E","R","BOSS","M","?","?","?","$","E","R","E","T","E","?","R","?","?","R","BOSS"],"build_version":"2018-09-20","purchased_purges":2,"victory":true,"max_hp_per_floor":[66,71,71,71,71,71,71,71,71,71,71,71,71,71,71,71,71,71,71,71,71,71,71,71,81,81,81,81,81,81,81,81,81,81,81,81,81,77,77,77,77,77,77,77,77,77,77,77,77,77],"card_choices":[{"not_picked":["Prepared","Dodge and Roll"],"picked":"Finisher","floor":1.0},{"not_picked":["Eviscerate","Blur"],"picked":"Footwork","floor":6.0},{"not_picked":["PiercingWail","Flying Knee"],"picked":"A Thousand Cuts","floor":8.0},{"not_picked":["Deflect+1","Underhanded Strike"],"picked":"Dagger Spray","floor":10.0},{"not_picked":["Deadly Poison+1","Distraction+1"],"picked":"Blade Dance+1","floor":13.0},{"not_picked":["Setup+1","Underhanded Strike"],"picked":"Caltrops","floor":14.0},{"not_picked":["Unload","Doppelganger+1"],"picked":"Burst+1","floor":16.0},{"not_picked":["Dagger Throw+1","Flying Knee"],"picked":"Accuracy","floor":21.0},{"not_picked":["Endless Agony","Eviscerate"],"picked":"Infinite Blades","floor":27.0},{"not_picked":["Wraith Form v2","Dagger Throw"],"picked":"Expertise+1","floor":31.0},{"not_picked":["Doppelganger+1","Burst+1"],"picked":"After Image","floor":33.0},{"not_picked":["Dagger Spray","Caltrops+1"],"picked":"Deflect+1","floor":35},{"not_picked":["Dagger Throw","Quick Slash"],"picked":"Blur+1","floor":40},{"not_picked":["Sucker Punch+1","Dagger Spray+1"],"picked":"PiercingWail+1","floor":42},{"not_picked":["Expertise+1","Dagger Throw"],"picked":"Cloak And Dagger+1","floor":44},{"not_picked":["Bane","Dagger Throw"],"picked":"Dodge and Roll+1","floor":45},{"not_picked":["Calculated Gamble+1","Crippling Poison+1"],"picked":"Leg Sweep+1","floor":48}],"player_experience":1069995,"relics_obtained":[{"floor":6.0,"key":"Meat on the Bone"},{"floor":8.0,"key":"Toxic Egg 2"},{"floor":9.0,"key":"Dodecahedron"},{"floor":10.0,"key":"Bird Faced Urn"},{"floor":14.0,"key":"Regal Pillow"},{"floor":25.0,"key":"Pear"},{"floor":26.0,"key":"Potion Belt"},{"floor":27.0,"key":"Ancient Tea Set"},{"floor":30.0,"key":"Necronomicon"},{"floor":31.0,"key":"Juzu Bracelet"},{"floor":40,"key":"Blue Candle"},{"floor":42,"key":"Vajra"},{"floor":43,"key":"Whetstone"},{"floor":44,"key":"MawBank"},{"floor":45,"key":"FossilizedHelix"},{"floor":48,"key":"Unceasing Top"}],"event_choices":[{"event_name":"Big Fish","player_choice":"Donut","floor":2.0,"damage_taken":0.0},{"event_name":"The Cleric","player_choice":"Card Removal","floor":3.0,"damage_taken":0.0},{"event_name":"Wheel of Change","player_choice":"Curse","floor":4.0,"damage_taken":0.0},{"event_name":"Scrap Ooze","player_choice":"success","floor":5.0,"damage_taken":18.0},{"event_name":"Dead Adventurer","player_choice":"Searched \u00273\u0027 times","floor":14.0,"damage_taken":0.0},{"event_name":"Accursed Blacksmith","player_choice":"Forge","floor":20.0,"damage_taken":0.0},{"event_name":"The Lab","player_choice":"Got Potions","floor":28.0,"damage_taken":0.0},{"event_name":"Cursed Tome","player_choice":"Obtained Book","floor":30.0,"damage_taken":0.0},{"event_name":"Bonfire Elementals","player_choice":"BASIC","floor":36,"damage_taken":0},{"event_name":"Tomb of Lord Red Mask","player_choice":"Ignored","floor":37,"damage_taken":0},{"event_name":"Winding Halls","player_choice":"Max HP","floor":38,"damage_taken":0},{"event_name":"MindBloom","player_choice":"Fight","floor":45,"damage_taken":0},{"event_name":"Mysterious Sphere","player_choice":"Fight","floor":48,"damage_taken":0}],"is_beta":false,"boss_relics":[{"not_picked":["Pandora\u0027s Box","Velvet Choker"],"picked":"Sozu"},{"not_picked":["Orrery","Tiny House"],"picked":"Coffee Dripper"}],"items_purged_floors":[11,47],"is_endless":false,"potions_floor_spawned":[6,8,16,21,22,25,31,33,40,42,45],"ascension_level":17}