{"gold_per_floor":[211,286,299,318,224,224,259,270,270,298,123,137,153,153],"floor_reached":14,"playtime":7558,"items_purged":[],"score":112,"play_id":"e00b11fd-639a-464a-9109-9b88f0b6ca00","local_time":"20181125011605","is_ascension_mode":true,"campfire_choices":[{"data":"Beam Cell","floor":6,"key":"SMITH"}],"neow_cost":"NONE","seed_source_timestamp":896229731354180,"circlet_count":0,"master_deck":["Strike_B","Strike_B","Strike_B","Strike_B","Defend_B","Defend_B","Defend_B","Defend_B","Zap","Dualcast","Compile Driver","Coolheaded","Self Repair","Beam Cell+1","Barrage","Consume","Genetic Algorithm","Conserve Battery","Capacitor","Coolheaded","Defragment","Ball Lightning"],"relics":["Cracked Core","Shuriken","Peace Pipe","Unceasing Top"],"potions_floor_usage":[12,14],"damage_taken":[{"damage":4,"enemies":"Small Slimes","floor":1,"turns":3},{"damage":5,"enemies":"2 Louse","floor":3,"turns":2},{"damage":1,"enemies":"Cultist","floor":4,"turns":4},{"damage":32,"enemies":"3 Sentries","floor":7,"turns":8},{"damage":8,"enemies":"3 Louse","floor":8,"turns":4},{"damage":22,"enemies":"Gremlin Nob","floor":10,"turns":5},{"damage":6,"enemies":"Large Slime","floor":12,"turns":8},{"damage":4,"enemies":"Looter","floor":13,"turns":4},{"damage":20,"enemies":"Gremlin Gang","floor":14,"turns":2}],"seed_played":"-4629141274182365330","potions_obtained":[{"floor":3,"key":"Swift Potion"},{"floor":8,"key":"SteroidPotion"},{"floor":10,"key":"SkillPotion"},{"floor":12,"key":"Dexterity Potion"}],"is_trial":false,"path_per_floor":["M","?","M","M","$","R","E","M","T","E","$","M","M","M"],"character_chosen":"DEFECT","items_purchased":["Self Repair","Beam Cell","Conserve Battery","Capacitor","Coolheaded"],"campfire_rested":0,"item_purchase_floors":[5,5,11,11,11],"current_hp_per_floor":[71,60,55,54,54,54,29,28,28,13,13,14,17,0],"gold":153,"neow_bonus":"HUNDRED_GOLD","is_prod":false,"is_daily":false,"chose_seed":false,"campfire_upgraded":1,"win_rate":0,"timestamp":1543126565,"path_taken":["M","?","M","M","$","R","E","M","T","E","$","M","M","M"],"build_version":"2018-11-15","purchased_purges":0,"victory":false,"max_hp_per_floor":[75,75,75,75,75,75,75,75,75,75,75,75,75,75],"card_choices":[{"not_picked":["Gash","Leap"],"picked":"Compile Driver","floor":1},{"not_picked":["Rebound","Sweeping Beam"],"picked":"Coolheaded","floor":3},{"not_picked":["Steam Power","Scrape","Undo"],"picked":"SKIP","floor":4},{"not_picked":["Turbo","Recycle"],"picked":"Barrage","floor":7},{"not_picked":["Rebound","Conserve Battery"],"picked":"Consume","floor":8},{"not_picked":["Recycle","Stack"],"picked":"Genetic Algorithm","floor":10},{"not_picked":["Barrage","Reboot"],"picked":"Defragment","floor":12},{"not_picked":["Double Energy","Sweeping Beam"],"picked":"Ball Lightning","floor":13}],"player_experience":143902,"relics_obtained":[{"floor":7,"key":"Shuriken"},{"floor":9,"key":"Peace Pipe"},{"floor":10,"key":"Unceasing Top"}],"event_choices":[{"damage_healed":0,"gold_gain":75,"player_choice":"Gather Gold","damage_taken":11,"max_hp_gain":0,"max_hp_loss":0,"event_name":"World of Goop","floor":2,"gold_loss":0}],"is_beta":false,"boss_relics":[],"items_purged_floors":[],"is_endless":false,"potions_floor_spawned":[3,8,10,12],"killed_by":"Gremlin Gang","ascension_level":2}