{"gold_per_floor":[18,29,29,29,29,49,49,61,361,8,8],"floor_reached":11,"playtime":183,"items_purged":[],"score":120,"play_id":"3f620219-b5ca-41cd-8075-88faba378596","local_time":"20190527130830","is_ascension_mode":true,"campfire_choices":[],"neow_cost":"NO_GOLD","seed_source_timestamp":7542475023811,"circlet_count":0,"master_deck":["AscendersBane","Strike_B","Strike_B","Strike_B","Defend_B","Defend_B","Defend_B","Zap","Dualcast","Beam Cell","Coolheaded","Regret","Steam","Beam Cell","FTL"],"relics":["Cracked Core","Torii","Centennial Puzzle","Old Coin","Shuriken"],"potions_floor_usage":[11],"damage_taken":[{"damage":5,"enemies":"2 Louse","floor":1,"turns":3},{"damage":12,"enemies":"Small Slimes","floor":2,"turns":3},{"damage":7,"enemies":"Jaw Worm","floor":6,"turns":2},{"damage":17,"enemies":"2 Fungi Beasts","floor":8,"turns":3},{"damage":12,"enemies":"Exordium Wildlife","floor":11,"turns":2}],"seed_played":"674583259925195232","potions_obtained":[{"floor":1,"key":"EssenceOfSteel"}],"is_trial":false,"path_per_floor":["M","M","?","?","?","M","$","M","T","$","M"],"character_chosen":"DEFECT","items_purchased":["Shuriken","FTL"],"campfire_rested":0,"item_purchase_floors":[10,10],"current_hp_per_floor":[59,47,47,47,36,29,29,12,12,12,0],"gold":8,"neow_bonus":"REMOVE_TWO","is_prod":false,"is_daily":false,"chose_seed":false,"campfire_upgraded":0,"win_rate":0,"timestamp":1558955310,"path_taken":["M","M","?","?","?","M","$","M","T","$","M"],"build_version":"2019-01-23","purchased_purges":0,"victory":false,"max_hp_per_floor":[71,71,71,71,71,71,71,71,71,71,71],"card_choices":[{"not_picked":["Double Energy","Storm"],"picked":"Beam Cell","floor":1},{"not_picked":["Go for the Eyes","Double Energy"],"picked":"Coolheaded","floor":2},{"not_picked":["Rebound","Skim"],"picked":"Steam","floor":6},{"not_picked":["Chaos","Double Energy"],"picked":"Beam Cell","floor":8}],"player_experience":259576,"relics_obtained":[{"floor":9,"key":"Old Coin"}],"event_choices":[{"damage_healed":0,"gold_gain":0,"player_choice":"Leave","damage_taken":0,"max_hp_gain":0,"max_hp_loss":0,"event_name":"The Cleric","floor":3,"gold_loss":0},{"damage_healed":0,"gold_gain":0,"player_choice":"Box","damage_taken":0,"relics_obtained":["Torii"],"max_hp_gain":0,"max_hp_loss":0,"event_name":"Big Fish","floor":4,"gold_loss":0,"cards_obtained":["Regret"]},{"damage_healed":0,"gold_gain":0,"player_choice":"Success","damage_taken":11,"relics_obtained":["Centennial Puzzle"],"max_hp_gain":0,"max_hp_loss":0,"event_name":"Scrap Ooze","floor":5,"gold_loss":0}],"is_beta":false,"boss_relics":[],"items_purged_floors":[],"is_endless":false,"potions_floor_spawned":[1],"killed_by":"Exordium Wildlife","ascension_level":18}