{"gold_per_floor":[119,136,152,171,5,5,32,47,117,127,26,61,61,81,81,160,160,178,18,18,0,12,46,46,73,73,84,84,84,94,126,126,201,201,213,213,232,246,266,299,299,326,377,408,427,16,16,32,32,32],"floor_reached":51,"playtime":8575,"items_purged":[],"score":1835,"play_id":"38c5c2fe-93dd-4e61-9e07-13e1baa680cb","local_time":"20190523181541","is_ascension_mode":true,"campfire_choices":[{"data":"Dualcast","floor":6,"key":"SMITH"},{"floor":13,"key":"REST"},{"data":"Buffer","floor":15,"key":"SMITH"},{"floor":28,"key":"REST"},{"data":"Blizzard","floor":32,"key":"SMITH"},{"data":"Buffer","floor":41,"key":"SMITH"},{"data":"Go for the Eyes","floor":49,"key":"SMITH"}],"neow_cost":"NONE","seed_source_timestamp":384721125482370,"circlet_count":0,"master_deck":["AscendersBane","Strike_B","Strike_B","Strike_B","Defend_B","Defend_B","Defend_B","Defend_B","Zap","Dualcast+1","Glacier","Conserve Battery","Cold Snap","Reinforced Body","Chrysalis","Conserve Battery+1","BootSequence+1","Streamline","Coolheaded+1","Blizzard+1","Buffer+1","Stack+1","Electrodynamics","Sunder","Biased Cognition","White Noise+1","Chill+1","Go for the Eyes+1","Hologram+1","Glacier+1","Consume+1","Reinforced Body+1","Glacier+1","Buffer+1","Stack+1","Tempest+1","Barrage","Skim+1","Rebound+1","Compile Driver","Core Surge","Blizzard","Rebound","White Noise+1","Madness+1","Hologram+1","Reboot+1","Zap+1","Hologram+1"],"relics":["Velvet Choker","Toxic Egg 2","Meat on the Bone","Calipers","Inserter","Art of War","Centennial Puzzle","Ancient Tea Set","Bag of Marbles","DataDisk","Nuclear Battery","Ornamental Fan","Turnip","Ice Cream","Bottled Tornado"],"potions_floor_usage":[7,12,33],"damage_taken":[{"damage":1,"enemies":"Cultist","floor":1,"turns":4},{"damage":0,"enemies":"Small Slimes","floor":2,"turns":5},{"damage":0,"enemies":"Jaw Worm","floor":3,"turns":5},{"damage":0,"enemies":"Blue Slaver","floor":4,"turns":5},{"damage":6,"enemies":"Lagavulin","floor":7,"turns":12},{"damage":2,"enemies":"3 Louse","floor":8,"turns":5},{"damage":0,"enemies":"Lots of Slimes","floor":10,"turns":8},{"damage":50,"enemies":"Gremlin Nob","floor":12,"turns":6},{"damage":0,"enemies":"Exordium Wildlife","floor":14,"turns":7},{"damage":0,"enemies":"The Guardian","floor":16,"turns":17},{"damage":12,"enemies":"3 Byrds","floor":18,"turns":4},{"damage":6,"enemies":"2 Thieves","floor":21,"turns":5},{"damage":15,"enemies":"Centurion and Healer","floor":22,"turns":7},{"damage":16,"enemies":"Gremlin Leader","floor":23,"turns":9},{"damage":2,"enemies":"Slavers","floor":25,"turns":6},{"damage":0,"enemies":"Cultist and Chosen","floor":27,"turns":9},{"damage":0,"enemies":"Snecko","floor":30,"turns":8},{"damage":0,"enemies":"Book of Stabbing","floor":31,"turns":9},{"damage":0,"enemies":"Champ","floor":33,"turns":19},{"damage":0,"enemies":"Orb Walker","floor":35,"turns":7},{"damage":0,"enemies":"3 Darklings","floor":37,"turns":4},{"damage":6,"enemies":"Sphere and 2 Shapes","floor":38,"turns":4},{"damage":3,"enemies":"Transient","floor":39,"turns":5},{"damage":7,"enemies":"Nemesis","floor":40,"turns":23},{"damage":0,"enemies":"Reptomancer","floor":42,"turns":7},{"damage":0,"enemies":"Nemesis","floor":44,"turns":9},{"damage":0,"enemies":"Spire Growth","floor":45,"turns":5},{"damage":0,"enemies":"3 Darklings","floor":48,"turns":7},{"damage":0,"enemies":"Donu and Deca","floor":50,"turns":13}],"seed_played":"-291682309231841986","potions_obtained":[{"floor":1,"key":"SpeedPotion"},{"floor":2,"key":"SpeedPotion"},{"floor":4,"key":"FearPotion"},{"floor":7,"key":"Ancient Potion"},{"floor":16,"key":"SkillPotion"},{"floor":23,"key":"SpeedPotion"},{"floor":25,"key":"AttackPotion"},{"floor":31,"key":"SmokeBomb"},{"floor":37,"key":"Strength Potion"},{"floor":38,"key":"Ancient Potion"}],"is_trial":false,"path_per_floor":["$","?","M","?","?","?","M","?","M"],"character_chosen":"DEFECT","items_purchased":["Chrysalis","Coolheaded+1","Blizzard","Biased Cognition","Bottled Tornado","White Noise+1","Madness+1"],"campfire_rested":2,"item_purchase_floors":[5,11,11,19,46,46,46],"current_hp_per_floor":[63,63,63,63,63,63,57,55,55,55,55,17,38,38,38,38,63,51,51,51,45,42,38,38,36,36,36,57,57,57,57,57,57,68,68,68,68,62,59,52,52,52,52,52,52,52,52,52,52,52],"gold":32,"neow_bonus":"BOSS_RELIC","is_prod":false,"is_daily":false,"chose_seed":false,"campfire_upgraded":5,"win_rate":0,"timestamp":1558649741,"path_taken":["M","M","M","M","?","R","E","M","T","M","$","E","R","M","R","BOSS","M","$","?","?","M","E","?","E","T","M","R","?","M","E","R","BOSS","M","?","M","?","M","E","R","E","T","E","M","$","?","?","R","BOSS"],"build_version":"2019-01-23","purchased_purges":0,"victory":true,"max_hp_per_floor":[71,71,71,71,71,71,71,71,71,71,71,71,71,71,71,71,71,71,71,71,71,71,71,71,71,71,71,71,71,71,71,71,71,71,71,71,71,71,71,71,71,71,71,71,71,71,71,71,71,71],"card_choices":[{"not_picked":["Static Discharge","Sweeping Beam"],"picked":"Glacier","floor":1},{"not_picked":["Streamline","Redo"],"picked":"Conserve Battery","floor":2},{"not_picked":["White Noise","Barrage"],"picked":"Cold Snap","floor":3},{"not_picked":["Barrage","Hologram"],"picked":"Reinforced Body","floor":4},{"not_picked":["Barrage","Steam"],"picked":"Conserve Battery","floor":7},{"not_picked":["Cold Snap","Static Discharge"],"picked":"BootSequence+1","floor":8},{"not_picked":["Gash","Stack+1"],"picked":"Streamline","floor":10},{"not_picked":["Sunder","Scrape"],"picked":"Buffer","floor":12},{"not_picked":["Static Discharge","Rebound"],"picked":"Stack+1","floor":14},{"not_picked":["Meteor Strike","Fission+1"],"picked":"Electrodynamics","floor":16},{"not_picked":["Gash","Stack+1"],"picked":"Sunder","floor":18},{"not_picked":["Steam+1","Redo+1"],"picked":"White Noise+1","floor":21},{"not_picked":["Redo+1","Leap+1"],"picked":"Chill+1","floor":22},{"not_picked":["Steam+1","Cold Snap"],"picked":"Go for the Eyes","floor":23},{"not_picked":["Force Field+1","Leap+1"],"picked":"Hologram+1","floor":25},{"not_picked":["Tempest+1","Core Surge"],"picked":"Glacier+1","floor":27},{"not_picked":["Go for the Eyes","Rebound+1"],"picked":"Reinforced Body+1","floor":30},{"not_picked":["Coolheaded+1","Redo+1"],"picked":"Glacier+1","floor":31},{"not_picked":["Core Surge","Amplify+1"],"picked":"Buffer","floor":33},{"not_picked":["Gash","Recycle+1"],"picked":"Stack+1","floor":35},{"not_picked":["Compile Driver","Streamline"],"picked":"Barrage","floor":37},{"not_picked":["Scrape+1","Steam+1"],"picked":"Skim+1","floor":38},{"not_picked":["Go for the Eyes","Hologram+1"],"picked":"Rebound+1","floor":39},{"not_picked":["Conserve Battery+1","Barrage"],"picked":"Compile Driver","floor":40},{"not_picked":["Cold Snap","Coolheaded+1"],"picked":"Core Surge","floor":42},{"not_picked":["Conserve Battery+1","Steam+1"],"picked":"Blizzard","floor":44},{"not_picked":["Static Discharge","Gash"],"picked":"Rebound","floor":45},{"not_picked":["Streamline","Gash"],"picked":"Hologram+1","floor":48}],"player_experience":648013,"relics_obtained":[{"floor":7,"key":"Toxic Egg 2"},{"floor":9,"key":"Meat on the Bone"},{"floor":12,"key":"Calipers"},{"floor":23,"key":"Centennial Puzzle"},{"floor":25,"key":"Ancient Tea Set"},{"floor":26,"key":"Bag of Marbles"},{"floor":31,"key":"DataDisk"},{"floor":40,"key":"Ornamental Fan"},{"floor":42,"key":"Turnip"},{"floor":44,"key":"Ice Cream"}],"event_choices":[{"damage_healed":0,"gold_gain":0,"player_choice":"Gave Potion","damage_taken":0,"relics_obtained":["Art of War"],"max_hp_gain":0,"max_hp_loss":0,"event_name":"WeMeetAgain","floor":20,"gold_loss":0},{"damage_healed":0,"gold_gain":0,"player_choice":"Ignored","damage_taken":0,"max_hp_gain":0,"max_hp_loss":0,"event_name":"Beggar","floor":24,"gold_loss":0},{"damage_healed":0,"gold_gain":0,"player_choice":"Read","damage_taken":0,"max_hp_gain":0,"max_hp_loss":0,"event_name":"The Library","floor":29,"gold_loss":0,"cards_obtained":["Consume"]},{"damage_healed":0,"gold_gain":0,"cards_transformed":["Strike_B"],"player_choice":"Transformed","damage_taken":0,"max_hp_gain":0,"max_hp_loss":0,"event_name":"Transmorgrifier","floor":36,"gold_loss":0,"cards_obtained":["Tempest"]},{"damage_healed":0,"gold_gain":0,"player_choice":"3 cards matched","damage_taken":0,"max_hp_gain":0,"max_hp_loss":0,"event_name":"Match and Keep!","floor":47,"gold_loss":0,"cards_obtained":["Hologram","Reboot","Zap"]},{"damage_healed":0,"gold_gain":0,"player_choice":"3 cards matched","damage_taken":0,"max_hp_gain":0,"max_hp_loss":0,"event_name":"Match and Keep!","floor":47,"gold_loss":0,"cards_obtained":["Hologram","Reboot","Zap"]}],"is_beta":false,"boss_relics":[{"not_picked":["Calling Bell","Pandora\u0027s Box"],"picked":"Inserter"},{"not_picked":["Coffee Dripper","White Beast Statue"],"picked":"Nuclear Battery"}],"items_purged_floors":[],"is_endless":false,"potions_floor_spawned":[1,2,4,7,16,23,25,27,31,37,38,42,44],"ascension_level":15}