{"gold_per_floor":[115,115,128,147,147,147,175,32,57,76,76,93,93,117,117,194,194,209,106,122,122],"floor_reached":21,"playtime":1067,"items_purged":["Strike_R"],"score":340,"play_id":"0a095409-7c9d-4a31-93f3-9f63bc82ca5a","local_time":"20190526142548","is_ascension_mode":true,"campfire_choices":[{"data":"Armaments","floor":6,"key":"SMITH"},{"floor":11,"key":"REST"},{"data":"Perfected Strike","floor":13,"key":"SMITH"},{"data":"Bash","floor":15,"key":"SMITH"}],"neow_cost":"NONE","seed_source_timestamp":637649223349904,"circlet_count":0,"master_deck":["AscendersBane","Strike_R","Strike_R","Strike_R","Strike_R","Defend_R","Defend_R","Defend_R","Defend_R","Bash+1","Perfected Strike+1","Metallicize","Armaments+1","Cleave","Wild Strike","Rage","Inflame","Demon Form","Dual Wield","Havoc","Spot Weakness"],"relics":["Burning Blood","Oddly Smooth Stone","Anchor","Juzu Bracelet","Lantern","Mark of Pain"],"potions_floor_usage":[16,16,20],"damage_taken":[{"damage":9,"enemies":"Small Slimes","floor":1,"turns":4},{"damage":7,"enemies":"Jaw Worm","floor":3,"turns":3},{"damage":6,"enemies":"2 Louse","floor":4,"turns":2},{"damage":47,"enemies":"Lagavulin","floor":7,"turns":9},{"damage":8,"enemies":"Large Slime","floor":10,"turns":6},{"damage":0,"enemies":"Exordium Wildlife","floor":12,"turns":2},{"damage":19,"enemies":"Hexaghost","floor":16,"turns":9},{"damage":56,"enemies":"3 Byrds","floor":18,"turns":9},{"damage":19,"enemies":"Spheric Guardian","floor":20,"turns":5},{"damage":18,"enemies":"Snecko","floor":21,"turns":3}],"seed_played":"8600810624598974790","potions_obtained":[{"floor":3,"key":"Ancient Potion"},{"floor":4,"key":"LiquidBronze"},{"floor":12,"key":"Poison Potion"},{"floor":16,"key":"Swift Potion"}],"is_trial":false,"path_per_floor":["?","?","T"],"character_chosen":"IRONCLAD","items_purchased":["Wild Strike","Rage","Havoc"],"campfire_rested":1,"item_purchase_floors":[8,8,19],"current_hp_per_floor":[72,77,76,76,58,58,17,17,17,15,41,47,47,47,47,34,74,24,24,11,0],"gold":122,"neow_bonus":"TEN_PERCENT_HP_BONUS","is_prod":false,"is_daily":false,"chose_seed":false,"campfire_upgraded":3,"win_rate":0,"timestamp":1558895148,"path_taken":["M","?","M","M","?","R","E","$","T","M","R","M","R","?","R","BOSS","M","$","M","M"],"build_version":"2019-01-23","purchased_purges":1,"victory":false,"max_hp_per_floor":[82,87,87,87,87,87,87,87,87,87,87,87,87,87,87,87,87,87,87,87,87],"card_choices":[{"not_picked":["Clash","True Grit"],"picked":"Perfected Strike","floor":1},{"not_picked":["Corruption","Feel No Pain"],"picked":"Metallicize","floor":3},{"not_picked":["Combust","Second Wind"],"picked":"Armaments","floor":4},{"not_picked":["Combust","Reckless Charge"],"picked":"Cleave","floor":7},{"not_picked":["Pommel Strike","Searing Blow"],"picked":"Inflame","floor":10},{"not_picked":["Iron Wave","Blood for Blood","Searing Blow"],"picked":"SKIP","floor":12},{"not_picked":["Offering","Limit Break"],"picked":"Demon Form","floor":16},{"not_picked":["Twin Strike","Clothesline"],"picked":"Dual Wield","floor":18},{"not_picked":["Cleave+1","Sentinel"],"picked":"Spot Weakness","floor":20}],"player_experience":714639,"relics_obtained":[{"floor":7,"key":"Anchor"},{"floor":9,"key":"Juzu Bracelet"},{"floor":14,"key":"Lantern"}],"event_choices":[{"damage_healed":0,"gold_gain":0,"player_choice":"Donut","damage_taken":0,"max_hp_gain":5,"max_hp_loss":0,"event_name":"Big Fish","floor":2,"gold_loss":0},{"damage_healed":0,"gold_gain":0,"player_choice":"Success","damage_taken":18,"relics_obtained":["Oddly Smooth Stone"],"max_hp_gain":0,"max_hp_loss":0,"event_name":"Scrap Ooze","floor":5,"gold_loss":0}],"is_beta":false,"boss_relics":[{"not_picked":["Runic Pyramid","Tiny House"],"picked":"Mark of Pain"}],"items_purged_floors":[19],"is_endless":false,"potions_floor_spawned":[3,4,12,16],"killed_by":"Snecko","ascension_level":18}