{"gold_per_floor":[117,117,137,153,164,164,236,236,305,317,352,371,371,371,371,471,471,491,506,506,263,263,297,297,313,339,358,358,358,36,52,52,52],"floor_reached":33,"playtime":4175,"items_purged":[],"score":342,"play_id":"ba27d718-2aaa-4f27-9f6a-f9f5227b2f49","local_time":"20190513143804","is_ascension_mode":false,"campfire_choices":[{"data":"Armaments","floor":6,"key":"SMITH"},{"data":"Armaments","floor":13,"key":"SMITH"},{"floor":15,"key":"REST"},{"floor":24,"key":"REST"},{"floor":29,"key":"REST"},{"data":"Impervious","floor":32,"key":"SMITH"}],"neow_cost":"NONE","seed_source_timestamp":57455513762555,"circlet_count":0,"master_deck":["Strike_R","Strike_R","Strike_R","Strike_R","Defend_R+1","Defend_R+1","Defend_R","Bash","Heavy Blade","Armaments+1","True Grit","Body Slam","Warcry","Whirlwind","Ghostly Armor","Armaments+1","Juggernaut","Armaments+1","Inflame","Barricade","Uppercut","True Grit","RitualDagger","Entrench","Body Slam+1","Parasite","Searing Blow","Impervious+1","Barricade","Armaments","Body Slam+1"],"relics":["Cursed Key","Question Card","Orichalcum","Sozu","War Paint","Champion Belt","Ancient Tea Set","MutagenicStrength"],"potions_floor_usage":[11,16,16],"damage_taken":[{"damage":3,"enemies":"Jaw Worm","floor":1,"turns":3},{"damage":0,"enemies":"Cultist","floor":3,"turns":3},{"damage":4,"enemies":"2 Louse","floor":4,"turns":3},{"damage":0,"enemies":"Large Slime","floor":5,"turns":5},{"damage":11,"enemies":"Lots of Slimes","floor":10,"turns":5},{"damage":13,"enemies":"3 Sentries","floor":11,"turns":6},{"damage":10,"enemies":"3 Louse","floor":12,"turns":3},{"damage":0,"enemies":"Slime Boss","floor":16,"turns":5},{"damage":0,"enemies":"3 Byrds","floor":18,"turns":4},{"damage":11,"enemies":"2 Thieves","floor":19,"turns":5},{"damage":36,"enemies":"Book of Stabbing","floor":23,"turns":6},{"damage":16,"enemies":"Cultist and Chosen","floor":25,"turns":7},{"damage":3,"enemies":"Snecko","floor":27,"turns":4},{"damage":14,"enemies":"Sentry and Sphere","floor":31,"turns":5},{"damage":50,"enemies":"Automaton","floor":33,"turns":6}],"seed_played":"-4460072787213323062","potions_obtained":[{"floor":3,"key":"PowerPotion"},{"floor":10,"key":"SkillPotion"},{"floor":11,"key":"Dexterity Potion"}],"is_trial":false,"path_per_floor":["M","?","M","M","M","R","?","?","T","M","E","M","R","?","R","B",null,"M","M","?","$","?","E","R","M","T","M","?","R","$","M","R","B"],"character_chosen":"IRONCLAD","items_purchased":["Uppercut","War Paint","True Grit","Impervious","Barricade","Armaments"],"campfire_rested":3,"item_purchase_floors":[21,21,21,30,30,30],"current_hp_per_floor":[77,77,77,73,73,73,73,73,73,62,49,39,39,39,63,63,80,80,69,69,69,63,27,51,35,35,32,32,56,56,42,42,0],"gold":52,"neow_bonus":"BOSS_RELIC","is_prod":false,"is_daily":false,"chose_seed":false,"campfire_upgraded":3,"win_rate":0.0,"timestamp":1557769084,"path_taken":["M","?","M","M","?","R","?","?","T","?","E","M","R","?","R","BOSS","M","?","?","$","?","E","R","M","T","M","?","R","$","M","R","BOSS"],"build_version":"2019-01-23","purchased_purges":0,"victory":false,"max_hp_per_floor":[80,80,80,80,80,80,80,80,80,80,80,80,80,80,80,80,80,80,80,80,80,80,80,80,80,80,80,80,80,80,80,80,80],"card_choices":[{"not_picked":["Metallicize","Warcry"],"picked":"Heavy Blade","floor":1},{"not_picked":["Thunderclap","Ghostly Armor"],"picked":"Armaments","floor":3},{"not_picked":["Anger","Warcry"],"picked":"True Grit","floor":4},{"not_picked":["Perfected Strike","Pommel Strike"],"picked":"Body Slam","floor":5},{"not_picked":["Clothesline","Intimidate","Iron Wave"],"picked":"Whirlwind","floor":10},{"not_picked":["Flex","True Grit","Double Tap"],"picked":"Ghostly Armor","floor":11},{"not_picked":["Corruption","Perfected Strike","Headbutt"],"picked":"Armaments","floor":12},{"not_picked":["Dark Embrace","Brutality","Bludgeon"],"picked":"Juggernaut","floor":16},{"not_picked":["Hemokinesis","Body Slam","Headbutt+1"],"picked":"Armaments+1","floor":18},{"not_picked":["Warcry","Armaments","Cleave"],"picked":"Inflame","floor":19},{"not_picked":["Armaments","Anger","Clash"],"picked":"Entrench","floor":23},{"not_picked":["Clash","Pommel Strike","Warcry"],"picked":"Body Slam+1","floor":25},{"not_picked":["Twin Strike+1","Clash+1","Pommel Strike"],"picked":"Searing Blow","floor":27},{"not_picked":["Cleave","Heavy Blade","Headbutt"],"picked":"Body Slam+1","floor":31}],"player_experience":16194,"relics_obtained":[{"floor":9,"key":"Question Card"},{"floor":11,"key":"Orichalcum"},{"floor":23,"key":"Champion Belt"},{"floor":26,"key":"Ancient Tea Set"}],"event_choices":[{"cards_removed":["Strike_R"],"damage_healed":0,"gold_gain":0,"player_choice":"Offered Basic","damage_taken":0,"max_hp_gain":0,"max_hp_loss":0,"event_name":"Bonfire Elementals","floor":2,"gold_loss":0},{"damage_healed":0,"gold_gain":72,"player_choice":"Gained Gold","damage_taken":0,"max_hp_gain":0,"max_hp_loss":0,"event_name":"Golden Wing","floor":7,"gold_loss":0},{"damage_healed":0,"gold_gain":0,"cards_transformed":["Defend_R"],"player_choice":"Transformed","damage_taken":0,"max_hp_gain":0,"max_hp_loss":0,"event_name":"Transmorgrifier","floor":8,"gold_loss":0,"cards_obtained":["Warcry"]},{"cards_removed":["Pain"],"damage_healed":0,"gold_gain":0,"player_choice":"Removed Curses","damage_taken":0,"max_hp_gain":0,"max_hp_loss":0,"event_name":"Fountain of Cleansing","floor":14,"gold_loss":0},{"damage_healed":0,"gold_gain":0,"player_choice":"Read","damage_taken":0,"max_hp_gain":0,"max_hp_loss":0,"event_name":"The Library","floor":20,"gold_loss":0,"cards_obtained":["Barricade"]},{"damage_healed":0,"gold_gain":0,"player_choice":"Joined the Cult","damage_taken":6,"max_hp_gain":0,"max_hp_loss":0,"event_name":"Nest","floor":22,"gold_loss":0,"cards_obtained":["RitualDagger"]},{"damage_healed":0,"gold_gain":0,"player_choice":"Inject Mutagens","damage_taken":0,"relics_obtained":["MutagenicStrength"],"max_hp_gain":0,"max_hp_loss":0,"event_name":"Drug Dealer","floor":28,"gold_loss":0}],"is_beta":false,"boss_relics":[{"not_picked":["Black Star","Velvet Choker"],"picked":"Sozu"}],"items_purged_floors":[],"is_endless":false,"potions_floor_spawned":[3,10,11,23,25,27,31],"killed_by":"Automaton","ascension_level":0}