{"gold_per_floor":[114,264,264,281,206,206,241,241,320,348,348,381,337,371,371,446,446,464,464,482,497,497,497,497],"floor_reached":24,"playtime":1337,"items_purged":[],"score":407,"play_id":"6d566b5d-a49a-460d-aaa5-d01e05729189","local_time":"20180905163235","is_ascension_mode":true,"campfire_choices":[{"data":"Whirlwind","floor":6,"key":"SMITH"},{"data":"Anger","floor":8,"key":"SMITH"},{"data":"Bash","floor":11,"key":"SMITH"},{"floor":15,"key":"REST"},{"floor":23,"key":"REST"}],"neow_cost":"NONE","seed_source_timestamp":1581631199415791,"circlet_count":0,"master_deck":["Strike_R","Strike_R","Defend_R","Defend_R","Defend_R","Defend_R+1","Bash+1","AscendersBane","Whirlwind+1","Anger+1","Shrug It Off+1","Barricade","Heavy Blade+1","Barricade+1","Flame Barrier+1","Body Slam","Rampage"],"relics":["Burning Blood","Juzu Bracelet","Charon\u0027s Ashes","Kunai","Happy Flower","War Paint","Astrolabe"],"potions_floor_usage":[14],"damage_taken":[{"damage":3,"enemies":"2 Louse","floor":1,"turns":3},{"damage":3,"enemies":"Small Slimes","floor":4,"turns":3},{"damage":35,"enemies":"Lagavulin","floor":7,"turns":7},{"damage":22,"enemies":"3 Sentries","floor":10,"turns":6},{"damage":29,"enemies":"Gremlin Nob","floor":12,"turns":4},{"damage":25,"enemies":"Lagavulin","floor":14,"turns":7},{"damage":7,"enemies":"Hexaghost","floor":16,"turns":10},{"damage":29,"enemies":"2 Thieves","floor":18,"turns":5},{"damage":0,"enemies":"3 Byrds","floor":20,"turns":1},{"damage":19,"enemies":"Snake Plant","floor":21,"turns":6},{"damage":35,"enemies":"Colosseum Slavers","floor":22,"turns":6},{"damage":33,"enemies":"Book of Stabbing","floor":24,"turns":4}],"seed_played":"-5142990794138236223","potions_obtained":[{"floor":12,"key":"Regen Potion"},{"floor":16,"key":"SteroidPotion"}],"is_trial":false,"path_per_floor":["M","?","?","M","?","R","E","R","T","E","R","E","?","E","R","B",null,"M","?","M","M","?","R"],"character_chosen":"IRONCLAD","items_purchased":[],"campfire_rested":2,"item_purchase_floors":[],"current_hp_per_floor":[71,71,76,79,79,79,50,50,50,34,34,11,11,7,31,30,68,45,45,51,38,9,33,0],"gold":497,"neow_bonus":"RANDOM_COMMON_RELIC","is_prod":false,"is_daily":false,"chose_seed":false,"campfire_upgraded":3,"win_rate":0,"timestamp":1536157955,"path_taken":["M","?","?","M","?","R","E","R","T","E","R","E","?","E","R","BOSS","M","?","M","M","?","R","E"],"build_version":"2018-08-30","purchased_purges":0,"victory":false,"max_hp_per_floor":[75,75,80,80,80,80,80,80,80,80,80,80,80,80,80,80,80,80,80,80,80,80,80,80],"card_choices":[{"not_picked":["True Grit","Iron Wave"],"picked":"Whirlwind","floor":1},{"not_picked":["Warcry","Heavy Blade"],"picked":"Anger","floor":4},{"not_picked":["Second Wind","Burning Pact"],"picked":"Shrug It Off","floor":7},{"not_picked":["Feel No Pain","Burning Pact"],"picked":"Barricade","floor":12},{"not_picked":["Twin Strike","Seeing Red"],"picked":"Rampage","floor":20}],"player_experience":1054596,"relics_obtained":[{"floor":7,"key":"Charon\u0027s Ashes"},{"floor":9,"key":"Kunai"},{"floor":12,"key":"Happy Flower"},{"floor":14,"key":"War Paint"}],"event_choices":[{"event_name":"Liars Game","player_choice":"agreed","floor":2,"damage_taken":0},{"event_name":"Big Fish","player_choice":"Donut","floor":3,"damage_taken":0},{"event_name":"The Cleric","player_choice":"Card Removal","floor":5,"damage_taken":0},{"event_name":"World of Goop","player_choice":"Left","floor":13,"damage_taken":0},{"event_name":"The Library","player_choice":"Read","floor":19,"damage_taken":0},{"event_name":"Colosseum","player_choice":"Fight","floor":22,"damage_taken":0},{"event_name":"Colosseum","player_choice":"Fled From Nobs","floor":22,"damage_taken":0}],"is_beta":false,"boss_relics":[{"not_picked":["Black Blood","White Beast Statue"],"picked":"Astrolabe"}],"items_purged_floors":[],"is_endless":false,"potions_floor_spawned":[12,16],"killed_by":"Book of Stabbing","ascension_level":17}