{"gold_per_floor":[113,113,127,127,144,177,177,209,236,236,236,249,324,343,343,343],"floor_reached":16,"playtime":264,"items_purged":[],"score":160,"play_id":"a2b1271a-3758-44f6-9d3e-d23ab28ea4c8","local_time":"20190326232201","is_ascension_mode":true,"campfire_choices":[{"floor":7,"key":"REST"},{"floor":10,"key":"REST"},{"floor":15,"key":"REST"}],"neow_cost":"NONE","seed_source_timestamp":387081467413941,"circlet_count":0,"master_deck":["Strike_B","Strike_B","Strike_B+1","Strike_B+1","Defend_B","Defend_B","Defend_B","Defend_B","Zap+1","Dualcast","Streamline","Barrage","Ball Lightning","Auto Shields","Static Discharge","Streamline"],"relics":["Cracked Core","Art of War","Juzu Bracelet","Incense Burner","Happy Flower"],"potions_floor_usage":[6,8,14],"damage_taken":[{"damage":0,"enemies":"2 Louse","floor":1,"turns":1},{"damage":5,"enemies":"Cultist","floor":3,"turns":3},{"damage":8,"enemies":"Small Slimes","floor":5,"turns":3},{"damage":25,"enemies":"Gremlin Nob","floor":6,"turns":4},{"damage":33,"enemies":"Lagavulin","floor":8,"turns":4},{"damage":1,"enemies":"2 Fungi Beasts","floor":12,"turns":2},{"damage":10,"enemies":"Gremlin Gang","floor":14,"turns":3},{"damage":26,"enemies":"Hexaghost","floor":16,"turns":9}],"seed_played":"1933592919956919423","potions_obtained":[{"floor":1,"key":"Block Potion"},{"floor":6,"key":"Strength Potion"},{"floor":8,"key":"Fire Potion"}],"is_trial":false,"path_per_floor":["M","?","M","?","M","E","R","E","T","R","?","M","?","M","R","B"],"character_chosen":"DEFECT","items_purchased":[],"campfire_rested":3,"item_purchase_floors":[],"current_hp_per_floor":[68,68,63,48,40,15,37,4,4,26,26,25,14,4,26,0],"gold":343,"neow_bonus":"UPGRADE_CARD","is_prod":false,"is_daily":false,"chose_seed":false,"campfire_upgraded":0,"win_rate":0,"timestamp":1553638921,"path_taken":["M","?","M","?","M","E","R","E","T","R","?","M","?","M","R","BOSS"],"build_version":"2019-01-23","purchased_purges":0,"victory":false,"max_hp_per_floor":[75,75,75,75,75,75,75,75,75,75,75,75,75,75,75,75],"card_choices":[{"not_picked":["Lockon","Rebound","Compile Driver"],"picked":"SKIP","floor":1},{"not_picked":["Cold Snap","Heatsinks"],"picked":"Streamline","floor":3},{"not_picked":["Static Discharge","Sweeping Beam"],"picked":"Barrage","floor":5},{"not_picked":["Aggregate","Thunder Strike"],"picked":"Ball Lightning","floor":6},{"not_picked":["Turbo","Rebound"],"picked":"Auto Shields","floor":8},{"not_picked":["Cold Snap","Conserve Battery"],"picked":"Static Discharge","floor":12},{"not_picked":["Beam Cell","Compile Driver"],"picked":"Streamline","floor":14}],"player_experience":113452,"relics_obtained":[{"floor":6,"key":"Juzu Bracelet"},{"floor":8,"key":"Incense Burner"},{"floor":9,"key":"Happy Flower"}],"event_choices":[{"damage_healed":0,"gold_gain":0,"player_choice":"Box","damage_taken":0,"relics_obtained":["Art of War"],"max_hp_gain":0,"max_hp_loss":0,"event_name":"Big Fish","floor":2,"gold_loss":0,"cards_obtained":["Regret"]},{"damage_healed":0,"gold_gain":0,"player_choice":"Entered Light","damage_taken":15,"max_hp_gain":0,"max_hp_loss":0,"event_name":"Shining Light","floor":4,"gold_loss":0,"cards_upgraded":["Strike_B","Strike_B"]},{"cards_removed":["Regret"],"damage_healed":0,"gold_gain":0,"player_choice":"Removed Curses","damage_taken":0,"max_hp_gain":0,"max_hp_loss":0,"event_name":"Fountain of Cleansing","floor":11,"gold_loss":0},{"damage_healed":0,"gold_gain":75,"player_choice":"Gather Gold","damage_taken":11,"max_hp_gain":0,"max_hp_loss":0,"event_name":"World of Goop","floor":13,"gold_loss":0}],"is_beta":false,"boss_relics":[],"items_purged_floors":[],"is_endless":false,"potions_floor_spawned":[1,6,8],"killed_by":"Hexaghost","ascension_level":9}