{"gold_per_floor":[109,109,60,74,86,86,121,121,121,0,33,52,81,81,81,183,183,202,117,42,62,62,62,95,95,148,163,189,189,62,78,78,179,179,196,196,34,52,52,80,80,96,96,125,125,125,143,173,173,173],"floor_reached":51,"playtime":6754,"items_purged":["Strike_B"],"score":1380,"play_id":"eacf423a-46e9-414c-93f1-eed5379dc23f","local_time":"20180716095653","is_ascension_mode":true,"campfire_choices":[{"data":"Beam Cell","floor":6,"key":"SMITH"},{"data":"Zap","floor":8,"key":"SMITH"},{"data":"Defragment","floor":15,"key":"SMITH"},{"data":"Buffer","floor":23,"key":"SMITH"},{"data":"Capacitor","floor":25,"key":"SMITH"},{"data":"Barrage","floor":32,"key":"SMITH"},{"data":"Hologram","floor":41,"key":"SMITH"},{"data":"Seek","floor":46,"key":"SMITH"},{"data":"Hologram","floor":49,"key":"SMITH"}],"neow_cost":"NONE","seed_source_timestamp":0,"circlet_count":0,"master_deck":["Strike_B","Defend_B","Defend_B","Defend_B","Defend_B","Zap+1","Dualcast","Force Field","Steam","Sweeping Beam","Beam Cell+1","Rebound","Chill","Self Repair","Conserve Battery","Electrodynamics","Defragment+1","Seek+1","Buffer+1","Go for the Eyes","Stack","Gash","Glacier","Capacitor+1","Hologram+1","Barrage+1","Creative AI","Bandage Up","Finesse","Master of Strategy","All For One","Hologram+1","Stack","Multi-Cast","Hologram","Gash","Force Field","All For One"],"special_seed":17728,"relics":["Cracked Core","Dodecahedron","Potion Belt","Boot","Orichalcum","Thread and Needle","FaceOfCleric","Black Star","Gremlin Horn","Bag of Preparation","Art of War","Centennial Puzzle","Oddly Smooth Stone","DataDisk","Sozu","Matryoshka","Ornamental Fan","Blood Vial","Anchor","Vajra","Pen Nib","Happy Flower","Question Card","Bronze Scales","Strawberry"],"potions_floor_usage":[11,16,28,50,50],"damage_taken":[{"damage":0,"enemies":"Jaw Worm","floor":1,"turns":3},{"damage":0,"enemies":"2 Louse","floor":4,"turns":2},{"damage":0,"enemies":"Cultist","floor":5,"turns":3},{"damage":25,"enemies":"Lagavulin","floor":7,"turns":6},{"damage":14,"enemies":"Gremlin Nob","floor":11,"turns":4},{"damage":2,"enemies":"Blue Slaver","floor":12,"turns":2},{"damage":16,"enemies":"Lagavulin","floor":13,"turns":6},{"damage":0,"enemies":"Hexaghost","floor":16,"turns":8},{"damage":0,"enemies":"Shell Parasite","floor":18,"turns":8},{"damage":1,"enemies":"3 Byrds","floor":21,"turns":4},{"damage":29,"enemies":"Slavers","floor":24,"turns":6},{"damage":0,"enemies":"Centurion and Healer","floor":27,"turns":10},{"damage":56,"enemies":"Book of Stabbing","floor":28,"turns":12},{"damage":0,"enemies":"Snake Plant","floor":31,"turns":5},{"damage":18,"enemies":"Collector","floor":33,"turns":13},{"damage":0,"enemies":"Orb Walker","floor":35,"turns":6},{"damage":0,"enemies":"Flame Bruiser 1 Orb","floor":38,"turns":5},{"damage":0,"enemies":"2 Orb Walkers","floor":40,"turns":6},{"damage":0,"enemies":"Maw","floor":42,"turns":7},{"damage":0,"enemies":"Giant Head","floor":44,"turns":8},{"damage":0,"enemies":"Transient","floor":47,"turns":5},{"damage":0,"enemies":"2 Orb Walkers","floor":48,"turns":4},{"damage":0,"enemies":"Awakened One","floor":50,"turns":9}],"seed_played":"-2205032152784244808","potions_obtained":[{"floor":4,"key":"FearPotion"},{"floor":5,"key":"Energy Potion"},{"floor":7,"key":"FocusPotion"},{"floor":24,"key":"Regen Potion"},{"floor":28,"key":"Weak Potion"},{"floor":33,"key":"SpeedPotion"}],"is_trial":false,"path_per_floor":["M","?","$","M","M","R","E","R","T","$","E","M","E","?","R","B",null,"M","?","$","M","?","R","E","R","T","M","E","?","$","M","R","B",null,"M","?","$","M","?","E","R","M","T","E","T","R","M","E","R","B"],"character_chosen":"DEFECT","items_purchased":["Sweeping Beam","Self Repair","Conserve Battery","Go for the Eyes","Stack","Barrage","All For One","Hologram"],"campfire_rested":0,"item_purchase_floors":[3,10,10,20,20,30,37,37],"current_hp_per_floor":[68,65,65,65,65,65,40,40,40,40,33,38,29,29,29,37,66,74,74,74,78,78,78,57,57,57,65,32,32,32,40,40,30,70,71,61,61,73,73,85,85,87,87,88,88,88,89,97,97,98],"gold":173,"neow_bonus":"TRANSFORM_CARD","is_prod":false,"is_daily":false,"chose_seed":false,"campfire_upgraded":9,"win_rate":0,"timestamp":1531727813,"path_taken":["M","?","$","M","M","R","E","R","T","$","E","M","E","?","R","BOSS","M","?","$","M","?","R","E","R","T","?","E","?","$","M","R","BOSS","M","?","$","M","?","E","R","M","T","E","?","R","?","E","R","BOSS"],"build_version":"2018-07-12","purchased_purges":1,"victory":true,"max_hp_per_floor":[75,75,75,75,75,75,75,75,75,75,75,75,75,75,75,76,76,77,77,77,78,78,78,79,79,79,80,81,81,81,82,82,83,83,84,84,84,85,85,86,86,87,87,88,88,88,89,97,97,98],"card_choices":[{"not_picked":["Double Energy","Turbo"],"picked":"Steam","floor":1},{"not_picked":["Compile Driver","Stack"],"picked":"Beam Cell","floor":4},{"not_picked":["Stack","Double Energy"],"picked":"Rebound","floor":5},{"not_picked":["Turbo","Steam Power"],"picked":"Chill","floor":7},{"not_picked":["Seek","Lockon"],"picked":"Electrodynamics","floor":11},{"not_picked":["Stack","Hologram"],"picked":"Defragment","floor":12},{"not_picked":["Darkness","Ball Lightning"],"picked":"Seek","floor":13},{"not_picked":["Fission","Thunder Strike"],"picked":"Buffer","floor":16},{"not_picked":["Barrage","Ball Lightning"],"picked":"Gash","floor":21},{"not_picked":["Sunder","White Noise"],"picked":"Capacitor","floor":24},{"not_picked":["Beam Cell","Reinforced Body"],"picked":"Hologram","floor":28},{"not_picked":["Thunder Strike","Amplify"],"picked":"Creative AI","floor":33},{"not_picked":["Enlightenment","Dark Shackles"],"picked":"Bandage Up","floor":36},{"not_picked":["Master of Strategy","Swift Strike"],"picked":"Finesse","floor":36},{"not_picked":["Madness","Deep Breath"],"picked":"Master of Strategy","floor":36},{"not_picked":["Cold Snap+1","Coolheaded"],"picked":"Stack","floor":38},{"not_picked":["Rebound","Conserve Battery+1"],"picked":"Hologram","floor":40},{"not_picked":["Redo+1","Defragment"],"picked":"Gash","floor":42},{"not_picked":["Hologram","Rebound+1"],"picked":"Force Field","floor":44},{"not_picked":["Beam Cell","Coolheaded+1","Leap"],"picked":"All For One","floor":48}],"player_experience":837593,"relics_obtained":[{"floor":7,"key":"Potion Belt"},{"floor":9,"key":"Boot"},{"floor":11,"key":"Orichalcum"},{"floor":13,"key":"Thread and Needle"},{"floor":24,"key":"Bag of Preparation"},{"floor":24,"key":"Art of War"},{"floor":26,"key":"Centennial Puzzle"},{"floor":28,"key":"Oddly Smooth Stone"},{"floor":28,"key":"DataDisk"},{"floor":40,"key":"Matryoshka"},{"floor":40,"key":"Ornamental Fan"},{"floor":43,"key":"Blood Vial"},{"floor":43,"key":"Anchor"},{"floor":44,"key":"Vajra"},{"floor":44,"key":"Pen Nib"},{"floor":45,"key":"Happy Flower"},{"floor":45,"key":"Question Card"},{"floor":48,"key":"Bronze Scales"},{"floor":48,"key":"Strawberry"}],"event_choices":[{"event_name":"Scrap Ooze","player_choice":"success","floor":2,"damage_taken":3},{"event_name":"FaceTrader","player_choice":"Trade","floor":14,"damage_taken":0},{"event_name":"Addict","player_choice":"Obtained Relic","floor":19,"damage_taken":0},{"event_name":"The Library","player_choice":"Read","floor":22,"damage_taken":0},{"event_name":"Vampires","player_choice":"Ignored","floor":29,"damage_taken":0},{"event_name":"SensoryStone","player_choice":"Memory 3","floor":36,"damage_taken":0},{"event_name":"Transmorgrifier","player_choice":"Transform","floor":39,"damage_taken":0}],"boss_relics":[{"not_picked":["Tiny House","Snecko Eye"],"picked":"Black Star"},{"not_picked":["Lizard Tail","Velvet Choker"],"picked":"Sozu"}],"items_purged_floors":[30],"is_endless":false,"potions_floor_spawned":[4,5,7,24,28,33,35,42,44],"ascension_level":8}