{"gold_per_floor":[115,115,128,142,158,193,208,133,133,161,161,161,61,91,91,190,190,200,210,210,221,240,269,269,298,298,327,426,426,34,45,45,142,142,158,158,176,190,200,230,249,249,249,261,286,302,318,352,352,352],"floor_reached":51,"playtime":9701,"items_purged":["Defend_G","Strike_G"],"score":896,"play_id":"0927a7ef-775e-403c-b117-5abb4cc054a4","local_time":"20181224133431","is_ascension_mode":false,"campfire_choices":[{"floor":12.0,"key":"REST"},{"data":"After Image","floor":15.0,"key":"SMITH"},{"data":"Unload","floor":24.0,"key":"SMITH"},{"data":"Defend_G+1","floor":29.0,"key":"PURGE"},{"data":"Strike_G+1","floor":32.0,"key":"PURGE"},{"floor":42,"key":"REST"},{"floor":49,"key":"REST"}],"neow_cost":"NONE","seed_source_timestamp":0,"circlet_count":0,"master_deck":["Defend_G+1","Defend_G+1","Defend_G+1","Strike_G+1","Strike_G+1","Strike_G+1","Survivor+1","Neutralize","Flying Knee+1","Blur","Distraction","After Image+1","Heel Hook","Prepared","Caltrops","Unload+1","Finisher","Terror+1","Backflip","Endless Agony+1","Slice","Quick Slash","Swift Strike","A Thousand Cuts+1","Deflect","Endless Agony+1","Backflip+1","All Out Attack+1","Acrobatics+1","Die Die Die","Parasite","Blade Dance+1","Leg Sweep+1"],"special_seed":0,"relics":["Ring of the Snake","Bag of Marbles","Shuriken","Ninja Scroll","Sundial","WristBlade","Regal Pillow","Meat on the Bone","Peace Pipe","Orichalcum","StoneCalendar","Busted Crown","Dream Catcher","Toxic Egg 2","Bag of Preparation","Bottled Flame"],"potions_floor_usage":[33,39,40,50,50,50],"damage_taken":[{"damage":6.0,"enemies":"Jaw Worm","floor":1.0,"turns":7.0},{"damage":0.0,"enemies":"Cultist","floor":3.0,"turns":4.0},{"damage":0.0,"enemies":"2 Louse","floor":4.0,"turns":3.0},{"damage":0.0,"enemies":"Blue Slaver","floor":5.0,"turns":5.0},{"damage":18.0,"enemies":"3 Sentries","floor":6.0,"turns":12.0},{"damage":0.0,"enemies":"2 Fungi Beasts","floor":7.0,"turns":6.0},{"damage":0.0,"enemies":"Lagavulin","floor":10.0,"turns":9.0},{"damage":0.0,"enemies":"3 Sentries","floor":14.0,"turns":7.0},{"damage":4.0,"enemies":"Hexaghost","floor":16.0,"turns":11.0},{"damage":0.0,"enemies":"Chosen","floor":18.0,"turns":4.0},{"damage":2.0,"enemies":"3 Byrds","floor":19.0,"turns":4.0},{"damage":3.0,"enemies":"Shelled Parasite and Fungi","floor":21.0,"turns":5.0},{"damage":0.0,"enemies":"Chosen and Byrds","floor":22.0,"turns":5.0},{"damage":4.0,"enemies":"Gremlin Leader","floor":23.0,"turns":4.0},{"damage":3.0,"enemies":"Slavers","floor":25.0,"turns":4.0},{"damage":0.0,"enemies":"Book of Stabbing","floor":27.0,"turns":3.0},{"damage":0.0,"enemies":"Snecko","floor":31.0,"turns":2.0},{"damage":33,"enemies":"Automaton","floor":33,"turns":7},{"damage":0,"enemies":"Orb Walker","floor":35,"turns":2},{"damage":0,"enemies":"3 Shapes","floor":37,"turns":3},{"damage":13,"enemies":"Maw","floor":38,"turns":5},{"damage":0,"enemies":"Jaw Worm Horde","floor":39,"turns":3},{"damage":17,"enemies":"Reptomancer","floor":40,"turns":5},{"damage":30,"enemies":"Spire Growth","floor":41,"turns":4},{"damage":2,"enemies":"3 Darklings","floor":44,"turns":4},{"damage":0,"enemies":"Giant Head","floor":45,"turns":5},{"damage":29,"enemies":"Transient","floor":46,"turns":5},{"damage":9,"enemies":"Writhing Mass","floor":47,"turns":5},{"damage":0,"enemies":"Nemesis","floor":48,"turns":3},{"damage":27,"enemies":"Donu and Deca","floor":50,"turns":8}],"seed_played":"7372587460195675376","potions_obtained":[{"floor":3.0,"key":"LiquidBronze"},{"floor":5.0,"key":"SteroidPotion"},{"floor":14.0,"key":"SkillPotion"},{"floor":16.0,"key":"LiquidBronze"},{"floor":18.0,"key":"SpeedPotion"},{"floor":19.0,"key":"GhostInAJar"},{"floor":23.0,"key":"Ancient Potion"},{"floor":31.0,"key":"LiquidBronze"},{"floor":33,"key":"SteroidPotion"},{"floor":38,"key":"Explosive Potion"},{"floor":39,"key":"Weak Potion"},{"floor":44,"key":"Energy Potion"},{"floor":47,"key":"Explosive Potion"}],"is_trial":false,"path_per_floor":["M","?","M","M","M","E","M","$","T","E","?","R","$","E","R","B",null,"M","M","?","M","M","E","R","E","T","E","?","R","$","M","R","B",null,"M","?","M","M","M","E","M","R","T","M","E","M","M","E","R","B",null],"character_chosen":"THE_SILENT","items_purchased":["StoneCalendar","Swift Strike"],"campfire_rested":3,"item_purchase_floors":[30,30],"current_hp_per_floor":[71,71,71,71,71,53,53,53,53,53,38,61,61,61,61,57,77,77,75,75,72,72,68,68,65,65,65,65,65,65,65,65,44,77,77,77,77,64,64,47,29,67,67,65,65,48,39,39,77,50],"gold":352,"neow_bonus":"TEN_PERCENT_HP_BONUS","is_prod":false,"is_daily":false,"chose_seed":false,"campfire_upgraded":2,"win_rate":0.0,"timestamp":1545654871,"path_taken":["M","?","M","?","M","E","M","$","T","E","?","R","$","E","R","BOSS","M","M","?","M","M","E","R","E","T","E","?","R","$","M","R","BOSS","M","?","M","M","M","E","M","R","T","M","E","?","?","E","R","BOSS"],"build_version":"2018-12-20","purchased_purges":2,"victory":true,"max_hp_per_floor":[77,77,77,77,77,77,77,77,77,77,77,77,77,77,77,77,77,77,77,77,77,77,77,77,77,77,77,77,77,77,77,77,77,77,77,77,77,77,77,77,77,77,77,77,77,77,77,77,77,77],"card_choices":[{"not_picked":["Sucker Punch","Dagger Spray"],"picked":"Flying Knee","floor":1.0},{"not_picked":["Underhanded Strike","Backflip"],"picked":"Blur","floor":3.0},{"not_picked":["Finisher","Slice"],"picked":"Distraction","floor":4.0},{"not_picked":["Blade Dance","Deflect"],"picked":"After Image","floor":5.0},{"not_picked":["Sucker Punch","Dodge and Roll"],"picked":"Heel Hook","floor":6.0},{"not_picked":["Poisoned Stab","PiercingWail"],"picked":"Prepared","floor":7.0},{"not_picked":["Blade Dance","Flying Knee","Dagger Throw"],"picked":"SKIP","floor":10.0},{"not_picked":["Underhanded Strike","Well Laid Plans"],"picked":"Caltrops","floor":14.0},{"not_picked":["Envenom","Doppelganger"],"picked":"Unload","floor":16.0},{"not_picked":["Dodge and Roll","Riddle With Holes+1"],"picked":"Finisher","floor":18.0},{"not_picked":["Deadly Poison","Deflect"],"picked":"Terror+1","floor":19.0},{"not_picked":["Well Laid Plans","Sucker Punch"],"picked":"Backflip","floor":21.0},{"not_picked":["PiercingWail","Prepared"],"picked":"Endless Agony+1","floor":22.0},{"not_picked":["Wraith Form v2","Bouncing Flask","PiercingWail+1"],"picked":"SKIP","floor":23.0},{"not_picked":["Dagger Spray","Wraith Form v2"],"picked":"Slice","floor":25.0},{"not_picked":["Riddle With Holes","Prepared"],"picked":"Quick Slash","floor":27.0},{"not_picked":["Caltrops","Flechettes+1","Outmaneuver"],"picked":"SKIP","floor":31.0},{"not_picked":["Doppelganger","Die Die Die"],"picked":"A Thousand Cuts","floor":33},{"not_picked":["PiercingWail"],"picked":"SKIP","floor":35},{"not_picked":[],"picked":"Deflect","floor":37},{"not_picked":[],"picked":"Endless Agony+1","floor":38},{"not_picked":[],"picked":"Backflip+1","floor":39},{"not_picked":["Prepared+1"],"picked":"SKIP","floor":40},{"not_picked":[],"picked":"All Out Attack+1","floor":41},{"not_picked":[],"picked":"Acrobatics+1","floor":44},{"not_picked":[],"picked":"Die Die Die","floor":45},{"not_picked":["Caltrops+1"],"picked":"SKIP","floor":46},{"not_picked":[],"picked":"Blade Dance+1","floor":47},{"not_picked":[],"picked":"Leg Sweep+1","floor":48}],"player_experience":8837,"relics_obtained":[{"floor":6.0,"key":"Bag of Marbles"},{"floor":9.0,"key":"Shuriken"},{"floor":10.0,"key":"Ninja Scroll"},{"floor":14.0,"key":"Sundial"},{"floor":23.0,"key":"Regal Pillow"},{"floor":25.0,"key":"Meat on the Bone"},{"floor":26.0,"key":"Peace Pipe"},{"floor":27.0,"key":"Orichalcum"},{"floor":40,"key":"Dream Catcher"},{"floor":43,"key":"Toxic Egg 2"},{"floor":45,"key":"Bag of Preparation"},{"floor":48,"key":"Bottled Flame"}],"event_choices":[{"damage_healed":0.0,"max_hp_gain":0.0,"max_hp_loss":0.0,"gold_gain":0.0,"event_name":"Upgrade Shrine","player_choice":"Upgraded","floor":2.0,"gold_loss":0.0,"damage_taken":0.0,"cards_upgraded":["Flying Knee"]},{"damage_healed":0.0,"max_hp_gain":0.0,"max_hp_loss":0.0,"gold_gain":0.0,"event_name":"Shining Light","player_choice":"Entered Light","floor":11.0,"gold_loss":0.0,"damage_taken":15.0,"cards_upgraded":["Defend_G","Survivor"]},{"damage_healed":0.0,"max_hp_gain":0.0,"max_hp_loss":0.0,"gold_gain":0.0,"event_name":"Back to Basics","player_choice":"Simplicity","floor":20.0,"gold_loss":0.0,"damage_taken":0.0,"cards_upgraded":["Defend_G","Defend_G","Defend_G","Strike_G","Strike_G","Strike_G","Strike_G"]},{"damage_healed":0.0,"max_hp_gain":0.0,"max_hp_loss":0.0,"gold_gain":99.0,"event_name":"Nest","player_choice":"Stole From Cult","floor":28.0,"gold_loss":0.0,"damage_taken":0.0},{"damage_healed":0,"gold_gain":0,"player_choice":"Forge","damage_taken":0,"max_hp_gain":0,"max_hp_loss":0,"event_name":"Accursed Blacksmith","floor":36,"gold_loss":0,"cards_upgraded":["A Thousand Cuts"]}],"is_beta":false,"boss_relics":[{"not_picked":["Ectoplasm","Velvet Choker"],"picked":"WristBlade"},{"not_picked":["Runic Pyramid","Runic Dome"],"picked":"Busted Crown"}],"items_purged_floors":[8,13],"is_endless":false,"potions_floor_spawned":[3,5,14,16,18,19,23,31,33,38,39,44,45,47],"ascension_level":0}