{"gold_per_floor":[113,123,123,123,140,140,157,187,187,187,203,128,146,165,165,260,260,274,92,102,177,190,190,209,84,84,84,110,110,110,123,123,123],"floor_reached":33,"playtime":1041,"items_purged":["Strike_R","Defend_R","Strike_R"],"score":269,"play_id":"6a666bd2-8d1a-4b36-ae2e-1e15c4cb002d","local_time":"20190416130648","is_ascension_mode":false,"campfire_choices":[{"data":"Flame Barrier","floor":6,"key":"SMITH"},{"data":"Bash","floor":10,"key":"SMITH"},{"data":"Shrug It Off","floor":15,"key":"SMITH"},{"data":"Dropkick","floor":23,"key":"SMITH"},{"data":"Dropkick","floor":30,"key":"SMITH"},{"floor":32,"key":"REST"}],"neow_cost":"NONE","seed_source_timestamp":490704553667778,"circlet_count":0,"master_deck":["Strike_R","Strike_R","Defend_R","Defend_R","Bash+1","Flame Barrier+1","Shrug It Off+1","Dropkick+1","Dropkick+1"],"relics":["Burning Blood","Pantograph","Gambling Chip","WingedGreaves","Eternal Feather","Mercury Hourglass","Dodecahedron"],"potions_floor_usage":[7,8,11,11,16,28,31,31],"damage_taken":[{"damage":1,"enemies":"Jaw Worm","floor":1,"turns":5},{"damage":0,"enemies":"Small Slimes","floor":2,"turns":5},{"damage":2,"enemies":"2 Louse","floor":5,"turns":4},{"damage":16,"enemies":"Exordium Thugs","floor":7,"turns":8},{"damage":24,"enemies":"Gremlin Nob","floor":8,"turns":4},{"damage":0,"enemies":"Looter","floor":11,"turns":4},{"damage":0,"enemies":"3 Louse","floor":13,"turns":3},{"damage":3,"enemies":"Large Slime","floor":14,"turns":8},{"damage":12,"enemies":"The Guardian","floor":16,"turns":13},{"damage":0,"enemies":"3 Byrds","floor":18,"turns":2},{"damage":0,"enemies":"Chosen","floor":20,"turns":4},{"damage":7,"enemies":"Snake Plant","floor":22,"turns":5},{"damage":0,"enemies":"Snecko","floor":24,"turns":4},{"damage":29,"enemies":"Slavers","floor":28,"turns":7},{"damage":47,"enemies":"Sentry and Sphere","floor":31,"turns":12},{"damage":119,"enemies":"Automaton","floor":33,"turns":14}],"seed_played":"-1957624295897893416","potions_obtained":[{"floor":1,"key":"Energy Potion"},{"floor":2,"key":"Poison Potion"},{"floor":8,"key":"EntropicBrew"},{"floor":11,"key":"Dexterity Potion"},{"floor":18,"key":"SpeedPotion"},{"floor":28,"key":"BloodPotion"}],"is_trial":false,"path_per_floor":["M","M","?","?","M","R","M","E","T","R","M","$","M","M","R","B",null,"M","$","M","?","M","R","M","$","T","$","E","?","R","M","R","B"],"character_chosen":"IRONCLAD","items_purchased":["Dropkick"],"campfire_rested":1,"item_purchase_floors":[19],"current_hp_per_floor":[80,80,77,77,80,80,70,52,52,52,58,58,64,67,67,74,80,80,80,80,72,71,77,80,80,80,80,57,42,45,12,40,0],"gold":123,"neow_bonus":"TRANSFORM_CARD","is_prod":false,"is_daily":false,"chose_seed":false,"campfire_upgraded":5,"win_rate":0,"timestamp":1555412808,"path_taken":["M","M","?","?","M","R","M","E","T","R","?","$","M","M","R","BOSS","M","$","M","?","M","R","M","$","T","?","E","?","R","M","R","BOSS"],"build_version":"2019-01-23","purchased_purges":3,"victory":false,"max_hp_per_floor":[80,80,80,80,80,80,80,80,80,80,80,80,80,80,80,80,80,80,80,80,80,80,80,80,80,80,80,80,85,85,85,85,85],"card_choices":[{"not_picked":["Corruption","True Grit","Pummel"],"picked":"SKIP","floor":1},{"not_picked":["Spot Weakness","Wild Strike"],"picked":"Shrug It Off","floor":2},{"not_picked":["Heavy Blade","Warcry","Demon Form"],"picked":"SKIP","floor":5},{"not_picked":["Perfected Strike","Pommel Strike"],"picked":"Dropkick","floor":7},{"not_picked":["Anger","Brutality","Warcry"],"picked":"SKIP","floor":8},{"not_picked":["Uppercut","Blood for Blood","Clash"],"picked":"SKIP","floor":11},{"not_picked":["Body Slam","Thunderclap","Feed"],"picked":"SKIP","floor":13},{"not_picked":["Clothesline","Sword Boomerang","Pommel Strike"],"picked":"SKIP","floor":14},{"not_picked":["Shrug It Off","Cleave+1","Armaments+1"],"picked":"SKIP","floor":18},{"not_picked":["Shrug It Off","Headbutt","Rampage"],"picked":"SKIP","floor":20},{"not_picked":["Searing Blow","Fire Breathing","Headbutt+1"],"picked":"SKIP","floor":22},{"not_picked":["Iron Wave","Entrench","Heavy Blade"],"picked":"SKIP","floor":24},{"not_picked":["Combust+1","Carnage+1","Bludgeon"],"picked":"SKIP","floor":28},{"not_picked":["Pommel Strike","True Grit","Wild Strike"],"picked":"SKIP","floor":31}],"player_experience":179387,"relics_obtained":[{"floor":8,"key":"Gambling Chip"},{"floor":9,"key":"WingedGreaves"},{"floor":26,"key":"Mercury Hourglass"},{"floor":28,"key":"Dodecahedron"}],"event_choices":[{"damage_healed":0,"gold_gain":0,"player_choice":"Success","damage_taken":3,"relics_obtained":["Pantograph"],"max_hp_gain":0,"max_hp_loss":0,"event_name":"Scrap Ooze","floor":3,"gold_loss":0},{"cards_removed":["Defend_R"],"damage_healed":0,"gold_gain":0,"player_choice":"Forget","damage_taken":0,"max_hp_gain":0,"max_hp_loss":0,"event_name":"Living Wall","floor":4,"gold_loss":0},{"damage_healed":0,"gold_gain":75,"player_choice":"Touch","damage_taken":8,"max_hp_gain":0,"max_hp_loss":0,"event_name":"FaceTrader","floor":21,"gold_loss":0},{"damage_healed":0,"gold_gain":0,"player_choice":"Shed Blood","damage_taken":20,"max_hp_gain":5,"max_hp_loss":0,"event_name":"Forgotten Altar","floor":29,"gold_loss":0}],"is_beta":false,"boss_relics":[{"not_picked":["Calling Bell","Runic Cube"],"picked":"Eternal Feather"}],"items_purged_floors":[12,19,25],"is_endless":false,"potions_floor_spawned":[1,2,8,11,18,28],"killed_by":"Automaton","ascension_level":0}