{"gold_per_floor":[116,133,208,221,38,38,57,57,57,92,43,63,14,39,39,141,141,154,254,271,370,40,40,69,69,92,117,117,145,165,178,178,278,278,295,18,18,18,35,35,66,79,105,157,189,203,203,303,303,303],"floor_reached":51,"playtime":1740,"items_purged":["Night Terror","Strike_G","Defend_G"],"score":1175,"play_id":"35c6c411-1a38-4d3f-8c22-1f52fd2d66ed","local_time":"20190329205346","is_ascension_mode":true,"campfire_choices":[{"data":"Catalyst","floor":6.0,"key":"SMITH"},{"floor":15.0,"key":"REST"},{"data":"Noxious Fumes","floor":23.0,"key":"SMITH"},{"floor":28,"key":"REST"},{"floor":32,"key":"REST"},{"floor":40,"key":"REST"},{"floor":47,"key":"REST"},{"floor":49,"key":"RECALL"}],"neow_cost":"TEN_PERCENT_HP_LOSS","seed_source_timestamp":0,"circlet_count":0,"master_deck":["Defend_G","Defend_G","Strike_G","Survivor","Neutralize","Prepared","Deadly Poison","Dodge and Roll+1","Blur","Noxious Fumes+1","Catalyst+1","Deadly Poison","Crippling Poison","Noxious Fumes","After Image","Deadly Poison","Blur","Leg Sweep","Corpse Explosion","Backflip+1","Blur+1","Adrenaline","Bouncing Flask+1","Well Laid Plans","Blur"],"special_seed":0,"relics":["Ring of the Snake","Centennial Puzzle","Shuriken","Happy Flower","Velvet Choker","Bag of Preparation","Snake Skull","Bronze Scales","Mango","Bottled Tornado","Fusion Hammer","Regal Pillow","Art of War","Mercury Hourglass","PreservedInsect","Ginger","War Paint"],"potions_floor_usage":[27,42,45,50],"damage_taken":[{"damage":4.0,"enemies":"Small Slimes","floor":1.0,"turns":5.0},{"damage":2.0,"enemies":"Cultist","floor":2.0,"turns":4.0},{"damage":2.0,"enemies":"Jaw Worm","floor":4.0,"turns":5.0},{"damage":13.0,"enemies":"Exordium Thugs","floor":7.0,"turns":6.0},{"damage":14.0,"enemies":"3 Sentries","floor":10.0,"turns":10.0},{"damage":0.0,"enemies":"Large Slime","floor":12.0,"turns":5.0},{"damage":5.0,"enemies":"Lagavulin","floor":14.0,"turns":4.0},{"damage":15.0,"enemies":"The Guardian","floor":16.0,"turns":7.0},{"damage":9.0,"enemies":"Chosen","floor":18.0,"turns":6.0},{"damage":0.0,"enemies":"Shell Parasite","floor":20.0,"turns":4.0},{"damage":16.0,"enemies":"Book of Stabbing","floor":24.0,"turns":5.0},{"damage":16,"enemies":"Slavers","floor":27,"turns":5},{"damage":8,"enemies":"Gremlin Leader","floor":29,"turns":5},{"damage":0,"enemies":"3 Cultists","floor":30,"turns":3},{"damage":6,"enemies":"Shelled Parasite and Fungi","floor":31,"turns":4},{"damage":14,"enemies":"Automaton","floor":33,"turns":7},{"damage":0,"enemies":"3 Shapes","floor":35,"turns":4},{"damage":0,"enemies":"3 Darklings","floor":39,"turns":2},{"damage":0,"enemies":"Giant Head","floor":41,"turns":5},{"damage":6,"enemies":"Spire Growth","floor":42,"turns":3},{"damage":17,"enemies":"2 Orb Walkers","floor":44,"turns":3},{"damage":0,"enemies":"Reptomancer","floor":45,"turns":4},{"damage":0,"enemies":"Maw","floor":46,"turns":4},{"damage":74,"enemies":"Time Eater","floor":50,"turns":7}],"seed_played":"-3294670753725929780","potions_obtained":[{"floor":10.0,"key":"SpeedPotion"},{"floor":12.0,"key":"Weak Potion"},{"floor":16.0,"key":"FearPotion"},{"floor":18.0,"key":"Swift Potion"},{"floor":24.0,"key":"SpeedPotion"},{"floor":29,"key":"FairyPotion"},{"floor":30,"key":"Explosive Potion"},{"floor":31,"key":"SpeedPotion"},{"floor":39,"key":"Swift Potion"},{"floor":45,"key":"Ancient Potion"}],"is_trial":false,"path_per_floor":["M","M","?","M","$","R","M","?","T","E","$","M","$","E","R","B",null,"M","?","M","?","$","R","E","?","T","E","R","E","M","M","R","B",null,"M","$","?","?","M","R","E","M","T","?","E","M","R","?","R","B",null],"character_chosen":"THE_SILENT","items_purchased":["Noxious Fumes","Catalyst","Deadly Poison","Poison Potion","Blur","Bag of Preparation","Regal Pillow"],"campfire_rested":5,"item_purchase_floors":[5,5,11,13,22,22,36],"current_hp_per_floor":[59,57,51,49,49,49,36,36,36,22,22,22,22,17,35,20,52,43,43,43,43,43,43,27,27,27,25,48,40,40,34,57,43,69,69,69,69,69,69,77,77,71,71,54,54,54,77,77,77,3],"gold":303,"neow_bonus":"TRANSFORM_TWO_CARDS","is_prod":false,"is_daily":false,"chose_seed":false,"campfire_upgraded":2,"win_rate":0,"timestamp":1553889226,"path_taken":["M","M","?","?","$","R","M","?","T","E","$","M","?","E","R","BOSS","M","?","?","?","$","R","E","?","T","E","R","E","?","M","R","BOSS","M","$","?","?","M","R","E","?","T","?","E","M","R","?","R","BOSS"],"build_version":"2019-01-23","purchased_purges":3,"victory":true,"max_hp_per_floor":[63,63,63,63,63,63,63,63,63,63,63,63,63,63,63,63,63,63,63,63,63,63,63,63,63,63,77,77,77,77,77,77,77,77,77,77,77,77,77,77,77,77,77,77,77,77,77,77,77,77],"card_choices":[{"not_picked":["Deflect","Tactician"],"picked":"Deadly Poison","floor":1.0},{"not_picked":["Backflip","Heel Hook"],"picked":"Dodge and Roll","floor":2.0},{"not_picked":["Accuracy","Dash"],"picked":"Blur","floor":4.0},{"not_picked":["Cloak And Dagger","Concentrate","Leg Sweep"],"picked":"SKIP","floor":7.0},{"not_picked":["Finisher","Flying Knee","Endless Agony"],"picked":"SKIP","floor":10.0},{"not_picked":["Outmaneuver","Endless Agony"],"picked":"Crippling Poison","floor":12.0},{"not_picked":["Terror","Unload"],"picked":"Noxious Fumes","floor":14.0},{"not_picked":["Unload","Doppelganger"],"picked":"After Image","floor":16.0},{"not_picked":["All Out Attack","Deflect+1"],"picked":"Deadly Poison","floor":18.0},{"not_picked":["Dagger Throw","Dagger Spray","Poisoned Stab+1"],"picked":"SKIP","floor":20.0},{"not_picked":["Concentrate","Tactician"],"picked":"Leg Sweep","floor":24.0},{"not_picked":["Accuracy","Calculated Gamble+1"],"picked":"Corpse Explosion","floor":27},{"not_picked":["Poisoned Stab+1","Masterful Stab+1","Deadly Poison"],"picked":"SKIP","floor":29},{"not_picked":["Terror","Prepared"],"picked":"Backflip","floor":30},{"not_picked":["Acrobatics","Noxious Fumes"],"picked":"Blur+1","floor":31},{"not_picked":["Unload","Corpse Explosion"],"picked":"Adrenaline","floor":33},{"not_picked":["Cloak And Dagger+1","Dagger Throw","Blade Dance"],"picked":"SKIP","floor":35},{"not_picked":["Choke","Masterful Stab+1"],"picked":"Bouncing Flask+1","floor":39},{"not_picked":["Outmaneuver","Poisoned Stab+1","Dash+1"],"picked":"SKIP","floor":41},{"not_picked":["Flying Knee","Outmaneuver+1","Infinite Blades+1"],"picked":"SKIP","floor":42},{"not_picked":["Calculated Gamble","Dagger Spray"],"picked":"Well Laid Plans","floor":45},{"not_picked":["Flechettes+1","Deadly Poison"],"picked":"Blur","floor":46}],"player_experience":114172,"relics_obtained":[{"floor":9.0,"key":"Centennial Puzzle"},{"floor":10.0,"key":"Shuriken"},{"floor":14.0,"key":"Happy Flower"},{"floor":24.0,"key":"Snake Skull"},{"floor":26,"key":"Bronze Scales"},{"floor":27,"key":"Mango"},{"floor":29,"key":"Bottled Tornado"},{"floor":41,"key":"Mercury Hourglass"},{"floor":43,"key":"PreservedInsect"},{"floor":44,"key":"Ginger"},{"floor":45,"key":"War Paint"}],"event_choices":[{"damage_healed":0.0,"max_hp_gain":0.0,"max_hp_loss":0.0,"gold_gain":75.0,"event_name":"FaceTrader","player_choice":"Touch","floor":3.0,"gold_loss":0.0,"damage_taken":6.0},{"cards_removed":["Defend_G"],"damage_healed":0.0,"max_hp_gain":0.0,"max_hp_loss":0.0,"gold_gain":0.0,"event_name":"Wheel of Change","player_choice":"Card Removal","floor":8.0,"gold_loss":0.0,"damage_taken":0.0},{"damage_healed":0.0,"max_hp_gain":0.0,"max_hp_loss":0.0,"gold_gain":100.0,"event_name":"Golden Shrine","player_choice":"Pray","floor":19.0,"gold_loss":0.0,"damage_taken":0.0},{"damage_healed":0.0,"max_hp_gain":0.0,"max_hp_loss":0.0,"gold_gain":99.0,"event_name":"Nest","player_choice":"Stole From Cult","floor":21.0,"gold_loss":0.0,"damage_taken":0.0},{"cards_removed":["Strike_G"],"damage_healed":0.0,"max_hp_gain":0.0,"max_hp_loss":0.0,"gold_gain":0.0,"event_name":"Bonfire Elementals","player_choice":"Offered Basic","floor":25.0,"gold_loss":0.0,"damage_taken":0.0},{"cards_removed":["Strike_G"],"damage_healed":0,"gold_gain":0,"player_choice":"Removed Attack","damage_taken":0,"max_hp_gain":0,"max_hp_loss":0,"event_name":"Falling","floor":37,"gold_loss":0},{"damage_healed":0,"gold_gain":0,"player_choice":"Gave Potion","damage_taken":0,"relics_obtained":["Art of War"],"max_hp_gain":0,"max_hp_loss":0,"event_name":"WeMeetAgain","floor":38,"gold_loss":0},{"damage_healed":0,"gold_gain":0,"player_choice":"Fight","damage_taken":0,"max_hp_gain":0,"max_hp_loss":0,"event_name":"Mysterious Sphere","floor":44,"gold_loss":0},{"damage_healed":0,"gold_gain":100,"player_choice":"Pray","damage_taken":0,"max_hp_gain":0,"max_hp_loss":0,"event_name":"Golden Shrine","floor":48,"gold_loss":0}],"is_beta":false,"boss_relics":[{"not_picked":["Snecko Eye","Pandora\u0027s Box"],"picked":"Velvet Choker"},{"not_picked":["Astrolabe","Lizard Tail"],"picked":"Fusion Hammer"}],"items_purged_floors":[5,22,36],"is_endless":false,"potions_floor_spawned":[10,12,16,18,24,29,30,31,35,39,45],"ascension_level":7}