{"gold_per_floor":[114,129,144,144,144,144,159,159,159,174,17,17,17,17,17,117,117,132,132,132,147,147,162,162],"floor_reached":24,"playtime":1679,"items_purged":[],"score":186,"play_id":"3f7cded4-a2fd-41aa-946d-51883f413dcd","local_time":"20190423202332","daily_mods":["Shiny","Time Dilation","Binary"],"is_ascension_mode":false,"campfire_choices":[{"data":"Blade Dance","floor":6.0,"key":"SMITH"},{"data":"Sucker Punch","floor":8.0,"key":"SMITH"},{"data":"Unload","floor":13.0,"key":"SMITH"},{"floor":15.0,"key":"REST"}],"neow_cost":"","seed_source_timestamp":0,"circlet_count":0,"master_deck":["Venomology","Corpse Explosion","Malaise","Phantasmal Killer","Die Die Die","Adrenaline","Envenom","Doppelganger","Burst","Tools of the Trade","Night Terror","Unload+1","After Image","Bullet Time","Storm of Steel+1","Glass Knife","A Thousand Cuts","Flying Knee","Sucker Punch+1","Blade Dance+1","Finisher","Flying Knee","Cloak And Dagger+1","Trip+1","Dodge and Roll+1","Corpse Explosion+1","Choke","Dagger Spray","Accuracy","Bouncing Flask+1","Sucker Punch"],"special_seed":18009,"relics":["Ring of the Snake","Toxic Egg 2","Eternal Feather","Lantern"],"potions_floor_usage":[23,23,23],"damage_taken":[{"damage":6.0,"enemies":"Cultist","floor":1.0,"turns":3.0},{"damage":0.0,"enemies":"Small Slimes","floor":2.0,"turns":1.0},{"damage":0.0,"enemies":"2 Louse","floor":3.0,"turns":1.0},{"damage":6.0,"enemies":"Exordium Thugs","floor":7.0,"turns":3.0},{"damage":9.0,"enemies":"Large Slime","floor":10.0,"turns":4.0},{"damage":10.0,"enemies":"Slime Boss","floor":16.0,"turns":8.0},{"damage":36.0,"enemies":"2 Thieves","floor":18.0,"turns":4.0},{"damage":2.0,"enemies":"Shell Parasite","floor":21.0,"turns":2.0},{"damage":10,"enemies":"Chosen and Byrds","floor":23,"turns":5}],"seed_played":"-6905164264985758512","potions_obtained":[{"floor":10.0,"key":"Strength Potion"},{"floor":16.0,"key":"EssenceOfSteel"}],"is_trial":false,"path_per_floor":["M","M","M","?","?","R","M","R","T","M","$","?","R","$","R","B",null,"M","?","?","M","?","M","?"],"character_chosen":"THE_SILENT","items_purchased":["Cloak And Dagger+1","Trip+1","Dodge and Roll+1"],"campfire_rested":1,"item_purchase_floors":[11,11,11],"current_hp_per_floor":[64,64,64,64,69,69,63,63,63,54,54,54,54,54,75,65,75,39,25,25,23,23,13,0],"gold":162,"neow_bonus":"","is_prod":false,"is_daily":true,"chose_seed":false,"campfire_upgraded":3,"win_rate":0.0,"timestamp":1556043812,"path_taken":["M","M","?","?","?","R","M","R","T","?","$","?","R","?","R","BOSS","M","?","?","?","?","M","?"],"build_version":"2019-01-23","purchased_purges":0,"victory":false,"max_hp_per_floor":[70,70,70,70,75,75,75,75,75,75,75,75,75,75,75,75,75,75,80,80,80,80,80,80],"card_choices":[{"not_picked":["Dodge and Roll"],"picked":"Flying Knee","floor":1.0},{"not_picked":["Underhanded Strike"],"picked":"Sucker Punch","floor":2.0},{"not_picked":["Eviscerate"],"picked":"Blade Dance","floor":3.0},{"not_picked":["Acrobatics"],"picked":"Finisher","floor":7.0},{"not_picked":["Outmaneuver+1"],"picked":"Flying Knee","floor":10.0},{"not_picked":["Doppelganger+1"],"picked":"Corpse Explosion+1","floor":16.0},{"not_picked":["Slice"],"picked":"Choke","floor":18.0},{"not_picked":["Cloak And Dagger+1"],"picked":"Dagger Spray","floor":21.0},{"not_picked":["Prepared+1"],"picked":"Sucker Punch","floor":23}],"player_experience":29126,"relics_obtained":[{"floor":9.0,"key":"Toxic Egg 2"},{"floor":20.0,"key":"Lantern"}],"event_choices":[{"damage_healed":0.0,"max_hp_gain":0.0,"max_hp_loss":0.0,"gold_gain":0.0,"event_name":"Liars Game","player_choice":"Ignored","floor":4.0,"gold_loss":0.0,"damage_taken":0.0},{"damage_healed":0.0,"max_hp_gain":5.0,"max_hp_loss":0.0,"gold_gain":0.0,"event_name":"Big Fish","player_choice":"Donut","floor":5.0,"gold_loss":0.0,"damage_taken":0.0},{"damage_healed":0.0,"max_hp_gain":0.0,"max_hp_loss":0.0,"gold_gain":0.0,"event_name":"Accursed Blacksmith","player_choice":"Forge","floor":12.0,"gold_loss":0.0,"damage_taken":0.0,"cards_upgraded":["Storm of Steel"]},{"damage_healed":0.0,"max_hp_gain":5.0,"max_hp_loss":0.0,"gold_gain":0.0,"event_name":"Forgotten Altar","player_choice":"Shed Blood","floor":19.0,"gold_loss":0.0,"damage_taken":19.0},{"damage_healed":0.0,"max_hp_gain":0.0,"max_hp_loss":0.0,"gold_gain":0.0,"event_name":"Wheel of Change","player_choice":"Relic","floor":20.0,"gold_loss":0.0,"damage_taken":0.0},{"damage_healed":0,"gold_gain":0,"cards_transformed":["Grand Finale","Wraith Form v2"],"player_choice":"Became Test Subject","damage_taken":0,"max_hp_gain":0,"max_hp_loss":0,"event_name":"Drug Dealer","floor":22,"gold_loss":0,"cards_obtained":["Accuracy","Bouncing Flask"]}],"is_beta":false,"boss_relics":[{"not_picked":["Ectoplasm","Calling Bell"],"picked":"Eternal Feather"}],"items_purged_floors":[],"is_endless":false,"potions_floor_spawned":[10,16,21],"ascension_level":0}