{"gold_per_floor":[117,117,80,92,47,78,91,110,110,142,142,152,168,178,178,277,277,292,292,109,109,109,109,109,29,53,34,47,58,58,69,69,171,171,187,200,200,16,16,78,96,109,109,109,123,473,102,113,113,113],"floor_reached":50,"playtime":3224,"items_purged":["Fiend Fire","Blood for Blood"],"score":534,"play_id":"a73208cd-f173-4d57-a516-5d6f9fa63aea","local_time":"20190528012637","is_ascension_mode":false,"campfire_choices":[{"data":"Spot Weakness","floor":11,"key":"SMITH"},{"data":"Inflame","floor":15,"key":"SMITH"},{"data":"Combust","floor":23,"key":"SMITH"},{"data":"Flame Barrier","floor":30,"key":"SMITH"},{"data":"Armaments","floor":32,"key":"SMITH"},{"floor":49,"key":"RECALL"}],"neow_cost":"NONE","seed_source_timestamp":113773708469082,"circlet_count":0,"master_deck":["Bash","Disarm","Metallicize","Shrug It Off","Flame Barrier+1","Spot Weakness+1","Cleave+1","Inflame+1","Cleave","Combust+1","Juggernaut","Whirlwind","Flex","Brutality","Body Slam+1","Headbutt","Iron Wave","Necronomicurse","Metallicize","Armaments+1","True Grit","Pommel Strike+1","Spot Weakness","Immolate","Inflame+1","Magnetism+1","Anger+1","Iron Wave+1","Entrench+1","Inflame","Mayhem","Dark Shackles","Clothesline"],"relics":["Burning Blood","NeowsBlessing","Mercury Hourglass","The Courier","Mummified Hand","Pandora\u0027s Box","Necronomicon","Whetstone","Bottled Lightning","Lizard Tail","Tiny Chest","Mango","Old Coin"],"potions_floor_usage":[10,10,31,33,40,40,46,50,50,50],"damage_taken":[{"damage":0,"enemies":"2 Louse","floor":1,"turns":1},{"damage":0,"enemies":"Cultist","floor":4,"turns":1},{"damage":0,"enemies":"3 Sentries","floor":6,"turns":2},{"damage":5,"enemies":"Jaw Worm","floor":7,"turns":5},{"damage":13,"enemies":"2 Fungi Beasts","floor":8,"turns":4},{"damage":14,"enemies":"Gremlin Nob","floor":10,"turns":3},{"damage":1,"enemies":"Lots of Slimes","floor":12,"turns":2},{"damage":5,"enemies":"Looter","floor":13,"turns":3},{"damage":1,"enemies":"Exordium Thugs","floor":14,"turns":5},{"damage":29,"enemies":"Hexaghost","floor":16,"turns":8},{"damage":18,"enemies":"Spheric Guardian","floor":18,"turns":4},{"damage":9,"enemies":"Shell Parasite","floor":28,"turns":3},{"damage":19,"enemies":"Snake Plant","floor":29,"turns":3},{"damage":9,"enemies":"3 Cultists","floor":31,"turns":3},{"damage":48,"enemies":"Collector","floor":33,"turns":9},{"damage":17,"enemies":"3 Darklings","floor":35,"turns":2},{"damage":18,"enemies":"3 Shapes","floor":36,"turns":4},{"damage":62,"enemies":"Nemesis","floor":40,"turns":7},{"damage":12,"enemies":"Sphere and 2 Shapes","floor":41,"turns":3},{"damage":11,"enemies":"4 Shapes","floor":42,"turns":2},{"damage":17,"enemies":"3 Darklings","floor":45,"turns":3},{"damage":44,"enemies":"2 Orb Walkers","floor":46,"turns":3},{"damage":13,"enemies":"Transient","floor":48,"turns":5},{"damage":51,"enemies":"Time Eater","floor":50,"turns":8}],"seed_played":"8064408930985980646","potions_obtained":[{"floor":1,"key":"PowerPotion"},{"floor":8,"key":"FearPotion"},{"floor":10,"key":"Fire Potion"},{"floor":16,"key":"Regen Potion"},{"floor":18,"key":"SpeedPotion"},{"floor":24,"key":"FairyPotion"},{"floor":24,"key":"Dexterity Potion"},{"floor":28,"key":"PowerPotion"},{"floor":35,"key":"SkillPotion"},{"floor":42,"key":"Energy Potion"},{"floor":45,"key":"Regen Potion"}],"is_trial":false,"path_per_floor":["M","?","$","M","$","E","M","M","T","E","R","M","M","M","R","B",null,"M","?","$","?","T","R","?","$","T","$","M","M","R","M","R","B",null,"M","M","?","$","?","E","M","M","T","$","M","?","$","M","R","B"],"character_chosen":"IRONCLAD","items_purchased":["Metallicize","Shrug It Off","Whetstone","Metallicize","Armaments","True Grit","Magnetism","Strength Potion","Mayhem","Dark Shackles","Weak Potion","Swift Potion"],"campfire_rested":0,"item_purchase_floors":[3,5,20,25,25,27,38,38,47,47,47,47],"current_hp_per_floor":[80,80,80,80,80,80,80,73,73,65,65,70,71,76,76,53,80,68,52,52,52,52,52,52,52,52,52,49,36,36,33,33,9,80,69,57,90,90,90,34,28,23,37,37,26,57,57,50,50,0],"gold":113,"neow_bonus":"THREE_ENEMY_KILL","is_prod":false,"is_daily":false,"chose_seed":false,"campfire_upgraded":5,"win_rate":0,"timestamp":1559017597,"path_taken":["M","?","$","M","$","E","M","M","T","E","R","M","M","?","R","BOSS","M","?","$","?","?","R","?","$","T","$","?","M","R","M","R","BOSS","M","M","?","?","?","E","M","M","T","$","?","?","$","M","R","BOSS"],"build_version":"2019-01-23","purchased_purges":2,"victory":false,"max_hp_per_floor":[80,80,80,80,80,80,80,80,80,80,80,80,80,80,80,80,80,80,80,80,80,80,80,80,80,80,80,80,80,80,80,80,80,80,80,80,90,90,90,90,90,90,104,104,104,104,104,104,104,104],"card_choices":[{"not_picked":["Searing Blow","Evolve"],"picked":"Disarm","floor":1},{"not_picked":["Perfected Strike","Corruption","Sentinel"],"picked":"SKIP","floor":4},{"not_picked":["Twin Strike","Iron Wave"],"picked":"Flame Barrier","floor":6},{"not_picked":["Disarm","Ghostly Armor"],"picked":"Spot Weakness","floor":7},{"not_picked":["Disarm","Rampage"],"picked":"Cleave","floor":8},{"not_picked":["Wild Strike","Blood for Blood","Disarm"],"picked":"SKIP","floor":10},{"not_picked":["Burning Pact","Wild Strike"],"picked":"Inflame","floor":12},{"not_picked":["Evolve","Body Slam"],"picked":"Cleave","floor":13},{"not_picked":["Perfected Strike","Shrug It Off"],"picked":"Combust","floor":14},{"not_picked":["Brutality","Fiend Fire"],"picked":"Juggernaut","floor":16},{"not_picked":["Clash+1","Wild Strike+1","Thunderclap"],"picked":"SKIP","floor":18},{"not_picked":["Burning Pact","Power Through"],"picked":"Pommel Strike+1","floor":28},{"not_picked":["Sword Boomerang","Heavy Blade"],"picked":"Spot Weakness","floor":29},{"not_picked":["Clash","Sword Boomerang"],"picked":"Immolate","floor":31},{"not_picked":["Rampage+1","Perfected Strike","Rage"],"picked":"SKIP","floor":35},{"not_picked":["Thunderclap","Sentinel"],"picked":"Inflame+1","floor":36},{"not_picked":["Flex+1","Body Slam"],"picked":"Anger+1","floor":40},{"not_picked":["Blood for Blood","Seeing Red"],"picked":"Iron Wave+1","floor":41},{"not_picked":["Burning Pact+1","Thunderclap"],"picked":"Entrench+1","floor":42},{"not_picked":["Perfected Strike+1","True Grit","Dropkick+1"],"picked":"SKIP","floor":45},{"not_picked":["Evolve","Feel No Pain+1"],"picked":"Inflame","floor":46},{"not_picked":["True Grit+1","Flex+1"],"picked":"Clothesline","floor":48}],"player_experience":158764,"relics_obtained":[{"floor":6,"key":"Mercury Hourglass"},{"floor":9,"key":"The Courier"},{"floor":10,"key":"Mummified Hand"},{"floor":19,"key":"Necronomicon"},{"floor":22,"key":"Bottled Lightning"},{"floor":40,"key":"Tiny Chest"},{"floor":43,"key":"Mango"},{"floor":46,"key":"Old Coin"}],"event_choices":[{"damage_healed":0,"gold_gain":0,"player_choice":"0 cards matched","damage_taken":0,"max_hp_gain":0,"max_hp_loss":0,"event_name":"Match and Keep!","floor":2,"gold_loss":0,"cards_obtained":[]},{"damage_healed":0,"gold_gain":0,"player_choice":"Obtained Book","damage_taken":16,"max_hp_gain":0,"max_hp_loss":0,"event_name":"Cursed Tome","floor":19,"gold_loss":0},{"damage_healed":0,"gold_gain":0,"player_choice":"Ignored","damage_taken":0,"max_hp_gain":0,"max_hp_loss":0,"event_name":"Vampires","floor":21,"gold_loss":0},{"damage_healed":0,"gold_gain":0,"player_choice":"Got Potions","damage_taken":0,"max_hp_gain":0,"max_hp_loss":0,"event_name":"Lab","floor":24,"gold_loss":0},{"cards_removed":["Offering"],"damage_healed":23,"gold_gain":0,"player_choice":"Offered Rare","damage_taken":0,"max_hp_gain":10,"max_hp_loss":0,"event_name":"Bonfire Elementals","floor":37,"gold_loss":0},{"damage_healed":0,"gold_gain":0,"player_choice":"Upgraded","damage_taken":0,"max_hp_gain":0,"max_hp_loss":0,"event_name":"Upgrade Shrine","floor":39,"gold_loss":0,"cards_upgraded":["Magnetism"]},{"damage_healed":0,"gold_gain":0,"player_choice":"Fight","damage_taken":0,"max_hp_gain":0,"max_hp_loss":0,"event_name":"Mysterious Sphere","floor":46,"gold_loss":0}],"is_beta":false,"boss_relics":[{"not_picked":["White Beast Statue","Runic Dome"],"picked":"Pandora\u0027s Box"},{"not_picked":["Calling Bell","Eternal Feather"],"picked":"Lizard Tail"}],"items_purged_floors":[20,47],"is_endless":false,"potions_floor_spawned":[1,8,10,16,18,28,35,42,45,48],"killed_by":"Time Eater","ascension_level":0}