{"gold_per_floor":[115,115,190,203,218,218,242,20,96,129,304,317,127,171,171,301,301,324,324,324,347,367,367,390,390,416,416,326,326,16,41,41,172,172,188,12,33,33,58,58,96,96,96,114,114],"floor_reached":45,"playtime":1386,"items_purged":["Strike_R","Doubt","Defend_R"],"score":707,"play_id":"f494db3d-5ea1-4361-8926-900c17e2ac59","local_time":"20190404235034","is_ascension_mode":true,"campfire_choices":[{"data":"Whirlwind","floor":6,"key":"SMITH"},{"floor":15,"key":"REST"},{"data":"Barricade","floor":23,"key":"SMITH"},{"data":"Metallicize","floor":25,"key":"SMITH"},{"floor":27,"key":"REST"},{"data":"Blind","floor":29,"key":"SMITH"},{"data":"Shrug It Off","floor":32,"key":"SMITH"},{"floor":40,"key":"REST"},{"data":"Body Slam","floor":42,"key":"SMITH"}],"neow_cost":"NONE","seed_source_timestamp":210595833252491,"circlet_count":0,"master_deck":["Defend_R","Defend_R","Defend_R+1","Bash+1","Whirlwind+1","Ghostly Armor","Iron Wave","Inflame","Blind+1","Barricade+1","Metallicize+1","Flex","Shrug It Off+1","Body Slam+1","Good Instincts","Iron Wave","Iron Wave"],"relics":["Burning Blood","Golden Idol","Whetstone","Singing Bowl","Blood Vial","Oddly Smooth Stone","Sozu","Blue Candle","Red Skull","Turnip","Empty Cage","Ancient Tea Set","Frozen Egg 2"],"potions_floor_usage":[10,24,39],"damage_taken":[{"damage":1,"enemies":"2 Louse","floor":1,"turns":3},{"damage":20,"enemies":"Small Slimes","floor":4,"turns":4},{"damage":3,"enemies":"Jaw Worm","floor":5,"turns":5},{"damage":0,"enemies":"Exordium Thugs","floor":7,"turns":7},{"damage":22,"enemies":"Lagavulin","floor":10,"turns":7},{"damage":7,"enemies":"Looter","floor":12,"turns":4},{"damage":20,"enemies":"3 Sentries","floor":14,"turns":5},{"damage":40,"enemies":"Slime Boss","floor":16,"turns":12},{"damage":6,"enemies":"Spheric Guardian","floor":18,"turns":6},{"damage":11,"enemies":"Shell Parasite","floor":21,"turns":4},{"damage":23,"enemies":"Shelled Parasite and Fungi","floor":22,"turns":8},{"damage":32,"enemies":"Snake Plant","floor":24,"turns":5},{"damage":10,"enemies":"Centurion and Healer","floor":31,"turns":7},{"damage":25,"enemies":"Collector","floor":33,"turns":12},{"damage":34,"enemies":"3 Darklings","floor":35,"turns":5},{"damage":2,"enemies":"Orb Walker","floor":37,"turns":4},{"damage":35,"enemies":"Sphere and 2 Shapes","floor":39,"turns":8},{"damage":11,"enemies":"Nemesis","floor":41,"turns":14},{"damage":14,"enemies":"Jaw Worm Horde","floor":44,"turns":3},{"damage":62,"enemies":"Transient","floor":45,"turns":5}],"seed_played":"-4103893429547734213","potions_obtained":[{"floor":1,"key":"LiquidBronze"},{"floor":7,"key":"Weak Potion"},{"floor":12,"key":"Weak Potion"}],"is_trial":false,"path_per_floor":["M","?","?","M","M","R","M","$","T","E","?","M","$","E","R","B",null,"M","?","?","M","M","R","M","R","T","R","?","R","$","M","R","B",null,"M","$","M","?","M","R","E","R","T","M","M"],"character_chosen":"IRONCLAD","items_purchased":["Whetstone","Blind","Turnip","Body Slam"],"campfire_rested":3,"item_purchase_floors":[8,13,30,36],"current_hp_per_floor":[77,57,46,32,35,35,41,41,41,25,25,28,28,18,43,11,66,68,68,68,67,54,54,32,32,32,59,59,59,59,57,57,42,80,56,56,64,58,33,63,60,60,60,54,0],"gold":114,"neow_bonus":"REMOVE_CARD","is_prod":false,"is_daily":false,"chose_seed":false,"campfire_upgraded":6,"win_rate":0,"timestamp":1554414634,"path_taken":["M","?","?","M","M","R","M","$","T","E","?","M","$","E","R","BOSS","M","?","?","?","M","R","M","R","T","R","?","R","?","M","R","BOSS","M","$","M","?","M","R","E","R","T","M","M"],"build_version":"2019-01-23","purchased_purges":3,"victory":false,"max_hp_per_floor":[80,80,80,80,80,80,80,80,80,80,80,82,82,84,84,84,84,84,84,84,86,88,88,90,90,90,90,90,90,90,90,90,92,92,94,94,96,100,102,102,102,102,102,102,102],"card_choices":[{"not_picked":["Bloodletting","Flex","Havoc"],"picked":"SKIP","floor":1},{"not_picked":["Battle Trance","Thunderclap"],"picked":"Whirlwind","floor":4},{"not_picked":["Iron Wave","Clothesline"],"picked":"Ghostly Armor","floor":5},{"not_picked":["Sentinel","Cleave"],"picked":"Iron Wave","floor":7},{"not_picked":["Clash","Shrug It Off"],"picked":"Inflame","floor":10},{"not_picked":["Cleave","Wild Strike","Blood for Blood"],"picked":"Singing Bowl","floor":12},{"not_picked":["Searing Blow","Corruption","Perfected Strike"],"picked":"Singing Bowl","floor":14},{"not_picked":["Exhume","Dark Embrace"],"picked":"Barricade","floor":16},{"not_picked":["Armaments","Clothesline"],"picked":"Metallicize","floor":18},{"not_picked":["Pommel Strike+1","Clash","Battle Trance"],"picked":"Singing Bowl","floor":21},{"not_picked":["Inflame","Perfected Strike","Fire Breathing"],"picked":"Singing Bowl","floor":22},{"not_picked":["Thunderclap","Rampage","Pommel Strike"],"picked":"Singing Bowl","floor":24},{"not_picked":["Body Slam","Anger"],"picked":"Shrug It Off","floor":31},{"not_picked":["Brutality","Reaper","Immolate"],"picked":"Singing Bowl","floor":33},{"not_picked":["Bloodletting","Hemokinesis","Cleave"],"picked":"Singing Bowl","floor":35},{"not_picked":["Seeing Red+1","Body Slam","True Grit+1"],"picked":"Singing Bowl","floor":37},{"not_picked":["Purity","Impatience"],"picked":"Good Instincts","floor":38},{"not_picked":["Enlightenment","Deep Breath","Impatience"],"picked":"Singing Bowl","floor":38},{"not_picked":["Impatience","Jack Of All Trades","Forethought"],"picked":"Singing Bowl","floor":38},{"not_picked":["Wild Strike+1","Body Slam","Uppercut"],"picked":"Singing Bowl","floor":39},{"not_picked":["Battle Trance+1","Rupture"],"picked":"Iron Wave","floor":41},{"not_picked":["Pommel Strike","Headbutt+1"],"picked":"Iron Wave","floor":44}],"player_experience":146901,"relics_obtained":[{"floor":9,"key":"Singing Bowl"},{"floor":10,"key":"Blood Vial"},{"floor":14,"key":"Oddly Smooth Stone"},{"floor":26,"key":"Red Skull"},{"floor":41,"key":"Ancient Tea Set"},{"floor":43,"key":"Frozen Egg 2"}],"event_choices":[{"damage_healed":0,"gold_gain":0,"player_choice":"Take Damage","damage_taken":20,"relics_obtained":["Golden Idol"],"max_hp_gain":0,"max_hp_loss":0,"event_name":"Golden Idol","floor":2,"gold_loss":0},{"damage_healed":0,"gold_gain":75,"player_choice":"Gather Gold","damage_taken":11,"max_hp_gain":0,"max_hp_loss":0,"event_name":"World of Goop","floor":3,"gold_loss":0},{"damage_healed":0,"gold_gain":175,"player_choice":"AGREE","damage_taken":0,"max_hp_gain":0,"max_hp_loss":0,"event_name":"Liars Game","floor":11,"gold_loss":0,"cards_obtained":["Doubt"]},{"damage_healed":0,"gold_gain":0,"cards_transformed":["Strike_R","Strike_R"],"player_choice":"Became Test Subject","damage_taken":0,"max_hp_gain":0,"max_hp_loss":0,"event_name":"Drug Dealer","floor":19,"gold_loss":0,"cards_obtained":["Burning Pact","Flex"]},{"damage_healed":0,"gold_gain":0,"player_choice":"Opened","damage_taken":0,"relics_obtained":["Blue Candle"],"max_hp_gain":0,"max_hp_loss":0,"event_name":"The Mausoleum","floor":20,"gold_loss":0,"cards_obtained":["Writhe"]},{"cards_removed":["Writhe"],"damage_healed":0,"gold_gain":0,"player_choice":"Upgrade and Remove","damage_taken":0,"max_hp_gain":0,"max_hp_loss":0,"event_name":"Designer","floor":28,"gold_loss":90,"cards_upgraded":["Defend_R"]},{"damage_healed":0,"gold_gain":0,"player_choice":"Memory 3","damage_taken":10,"max_hp_gain":0,"max_hp_loss":0,"event_name":"SensoryStone","floor":38,"gold_loss":0}],"is_beta":false,"boss_relics":[{"not_picked":["Velvet Choker","Snecko Eye"],"picked":"Sozu"},{"not_picked":["Eternal Feather","Runic Dome"],"picked":"Empty Cage"}],"items_purged_floors":[8,13,36],"is_endless":false,"potions_floor_spawned":[1,7,12,21,22,31,35,37,41],"killed_by":"Transient","ascension_level":9}