{"gold_per_floor":[117,21,33,52,52,52,79,79,79,92,117,134,164,191,191,292,292,292,292,292,292,292,292,292,292,292,292,292,292,0,0,0,0,0,0,0,0,0,0,0,0,0,0,0,0,0,0,0,0,0],"floor_reached":51,"playtime":3728,"items_purged":[],"score":1080,"play_id":"5b62b88a-8d71-46a4-95e4-f78cabc9db37","local_time":"20180713100606","is_ascension_mode":true,"campfire_choices":[{"data":"Go for the Eyes","floor":6.0,"key":"SMITH"},{"data":"Beam Cell","floor":8.0,"key":"SMITH"},{"data":"Buffer","floor":15.0,"key":"SMITH"},{"data":"Stack","floor":23.0,"key":"SMITH"},{"data":"Scrape","floor":25.0,"key":"SMITH"},{"data":"FTL","floor":29,"key":"SMITH"},{"floor":32,"key":"DIG"},{"floor":40,"key":"DIG"},{"floor":46,"key":"DIG"},{"floor":49,"key":"DIG"}],"neow_cost":"NONE","seed_source_timestamp":0,"circlet_count":0,"master_deck":["Defend_B","Defend_B","Defend_B","Defend_B","Zap+1","Dualcast","Steam","Self Repair","Go for the Eyes+1","Beam Cell+1","BootSequence","Buffer+1","Gash","Sweeping Beam","FTL+1","Electrodynamics","Bite","Bite","Bite","Bite","Bite","Stack+1","Coolheaded+1","Scrape+1","Compile Driver+1","Coolheaded+1","Meteor Strike","Defragment+1","Gash+1","Defragment+1","Stack+1","Barrage+1"],"special_seed":17724,"relics":["Cracked Core","Cables","Dodecahedron","Letter Opener","Bottled Tornado","Ectoplasm","Pear","Tiny Chest","Toxic Egg 2","Shovel","Kunai","Inserter","Molten Egg 2","Question Card","Pantograph","Bag of Marbles","Oddly Smooth Stone","Ice Cream","Happy Flower","Boot"],"potions_floor_usage":[27,41,41,50],"damage_taken":[{"damage":0.0,"enemies":"Cultist","floor":1.0,"turns":3.0},{"damage":7.0,"enemies":"Small Slimes","floor":3.0,"turns":4.0},{"damage":3.0,"enemies":"2 Louse","floor":4.0,"turns":3.0},{"damage":38.0,"enemies":"Gremlin Nob","floor":7.0,"turns":5.0},{"damage":13.0,"enemies":"Blue Slaver","floor":10.0,"turns":3.0},{"damage":14.0,"enemies":"Lagavulin","floor":11.0,"turns":5.0},{"damage":0.0,"enemies":"2 Fungi Beasts","floor":12.0,"turns":3.0},{"damage":27.0,"enemies":"Gremlin Nob","floor":14.0,"turns":5.0},{"damage":0.0,"enemies":"Hexaghost","floor":16.0,"turns":9.0},{"damage":0.0,"enemies":"3 Byrds","floor":18.0,"turns":4.0},{"damage":0.0,"enemies":"Spheric Guardian","floor":21.0,"turns":3.0},{"damage":0.0,"enemies":"Centurion and Healer","floor":22.0,"turns":5.0},{"damage":0.0,"enemies":"Slavers","floor":24.0,"turns":3.0},{"damage":0,"enemies":"Book of Stabbing","floor":27,"turns":6},{"damage":0,"enemies":"Slaver and Parasite","floor":28,"turns":5},{"damage":17,"enemies":"Snake Plant","floor":31,"turns":4},{"damage":33,"enemies":"Collector","floor":33,"turns":12},{"damage":0,"enemies":"Orb Walker","floor":35,"turns":4},{"damage":0,"enemies":"Flame Bruiser 1 Orb","floor":37,"turns":4},{"damage":0,"enemies":"3 Darklings","floor":38,"turns":3},{"damage":0,"enemies":"4 Shapes","floor":39,"turns":7},{"damage":30,"enemies":"Nemesis","floor":41,"turns":7},{"damage":0,"enemies":"Spire Growth","floor":42,"turns":6},{"damage":0,"enemies":"Maw","floor":45,"turns":8},{"damage":0,"enemies":"2 Orb Walkers","floor":47,"turns":4},{"damage":11,"enemies":"Sphere and 2 Shapes","floor":48,"turns":4},{"damage":45,"enemies":"Time Eater","floor":50,"turns":11}],"seed_played":"-4311942942209726919","potions_obtained":[{"floor":7.0,"key":"SteroidPotion"},{"floor":10.0,"key":"AttackPotion"},{"floor":11.0,"key":"Block Potion"},{"floor":14.0,"key":"SkillPotion"},{"floor":16.0,"key":"SmokeBomb"},{"floor":18.0,"key":"Fire Potion"},{"floor":21.0,"key":"AttackPotion"},{"floor":24.0,"key":"Weak Potion"},{"floor":37,"key":"AttackPotion"},{"floor":39,"key":"Weak Potion"},{"floor":42,"key":"FearPotion"}],"is_trial":false,"path_per_floor":["M","$","M","M","?","R","E","R","T","M","E","M","?","E","R","B",null,"M","?","?","M","M","R","E","R","T","E","M","R","$","M","R","B",null,"M","T","M","M","M","R","E","M","T","T","M","R","E","M","R","B"],"character_chosen":"DEFECT","items_purchased":["Self Repair","Go for the Eyes","Shovel"],"campfire_rested":0,"item_purchase_floors":[2,2,30],"current_hp_per_floor":[75,75,68,72,77,77,46,46,46,40,33,33,33,13,13,20,65,72,56,56,56,56,56,66,66,66,66,66,66,66,58,58,60,65,66,66,66,66,66,66,47,60,60,60,66,66,66,66,66,40],"gold":0,"neow_bonus":"UPGRADE_CARD","is_prod":false,"is_daily":false,"chose_seed":false,"campfire_upgraded":6,"win_rate":0,"timestamp":1531469166,"path_taken":["M","$","M","?","?","R","E","R","T","M","E","?","?","E","R","BOSS","M","?","?","M","M","R","E","R","T","E","M","R","$","?","R","BOSS","M","?","M","M","?","R","E","M","T","?","M","R","E","M","R","BOSS"],"build_version":"2018-07-12","purchased_purges":0,"victory":true,"max_hp_per_floor":[75,75,75,75,80,80,80,80,80,80,80,80,80,80,80,80,80,80,56,56,56,56,56,66,66,66,66,66,66,66,66,66,66,66,66,66,66,66,66,66,66,66,66,66,66,66,66,66,66,66],"card_choices":[{"not_picked":["Tempest","Redo"],"picked":"Steam","floor":1.0},{"not_picked":["Stack","Rebound"],"picked":"Beam Cell","floor":3.0},{"not_picked":["Beam Cell","Leap"],"picked":"BootSequence","floor":4.0},{"not_picked":["Seek","Hologram"],"picked":"Buffer","floor":7.0},{"not_picked":["Reinforced Body","Leap"],"picked":"Gash","floor":10.0},{"not_picked":["Blizzard","Rip and Tear"],"picked":"Sweeping Beam","floor":12.0},{"not_picked":["Go for the Eyes","Capacitor"],"picked":"FTL","floor":14.0},{"not_picked":["Multi-Cast","Seek"],"picked":"Electrodynamics","floor":16.0},{"not_picked":["Fusion+1","Electrodynamics"],"picked":"Stack","floor":21.0},{"not_picked":["Ball Lightning+1","Turbo+1"],"picked":"Coolheaded+1","floor":22.0},{"not_picked":["Compile Driver","Blizzard"],"picked":"Scrape","floor":24.0},{"not_picked":["Fusion+1","Biased Cognition"],"picked":"Compile Driver+1","floor":28},{"not_picked":["Steam+1","Go for the Eyes+1"],"picked":"Coolheaded+1","floor":31},{"not_picked":["Biased Cognition","Electrodynamics"],"picked":"Meteor Strike","floor":33},{"not_picked":["Ball Lightning","Loop"],"picked":"Defragment+1","floor":35},{"not_picked":["Hologram+1","Redo+1"],"picked":"Gash+1","floor":37},{"not_picked":["Turbo+1","Melter+1"],"picked":"Defragment+1","floor":39},{"not_picked":["Turbo+1","Darkness+1","Go for the Eyes+1"],"picked":"Stack+1","floor":41},{"not_picked":["Ball Lightning+1","Genetic Algorithm+1","Turbo+1"],"picked":"Barrage+1","floor":45}],"player_experience":809622,"relics_obtained":[{"floor":7.0,"key":"Cables"},{"floor":9.0,"key":"Dodecahedron"},{"floor":11.0,"key":"Letter Opener"},{"floor":14.0,"key":"Bottled Tornado"},{"floor":24.0,"key":"Pear"},{"floor":26,"key":"Tiny Chest"},{"floor":27,"key":"Toxic Egg 2"},{"floor":32,"key":"Kunai"},{"floor":36,"key":"Molten Egg 2"},{"floor":40,"key":"Question Card"},{"floor":41,"key":"Pantograph"},{"floor":43,"key":"Bag of Marbles"},{"floor":44,"key":"Oddly Smooth Stone"},{"floor":46,"key":"Ice Cream"},{"floor":47,"key":"Happy Flower"},{"floor":49,"key":"Boot"}],"event_choices":[{"event_name":"Big Fish","player_choice":"Donut","floor":5.0,"damage_taken":0.0},{"event_name":"Dead Adventurer","player_choice":"Searched \u00272\u0027 times","floor":13.0,"damage_taken":0.0},{"event_name":"Vampires","player_choice":"Became a vampire","floor":19.0,"damage_taken":0.0},{"event_name":"Ghosts","player_choice":"Ignored","floor":20.0,"damage_taken":0.0}],"boss_relics":[{"not_picked":["Black Star","Sozu"],"picked":"Ectoplasm"},{"not_picked":["White Beast Statue","Philosopher\u0027s Stone"],"picked":"Inserter"}],"items_purged_floors":[],"is_endless":false,"potions_floor_spawned":[7,10,11,14,16,18,21,24,37,39,42],"ascension_level":5}