{"gold_per_floor":[112,131,131,56,56,56,83,83,131,131,160,173,202,215,215,313,313,329,329,340,83,98,98,98,98,98,98,110,110,139,159,159,257,257,272,272,291,310,98,98,112,140,163,163,163,163,11,0,0,0],"floor_reached":50,"playtime":1848,"items_purged":["Defend_R","Strike_R","Defend_R"],"score":785,"play_id":"1c211ea9-accd-4162-86a9-28b7c0f6cffa","local_time":"20190410001457","is_ascension_mode":true,"campfire_choices":[{"data":"Armaments","floor":6,"key":"SMITH"},{"data":"True Grit","floor":8,"key":"SMITH"},{"data":"Bash","floor":10,"key":"SMITH"},{"data":"Pommel Strike","floor":15,"key":"SMITH"},{"data":"Double Tap","floor":23,"key":"SMITH"},{"data":"Flame Barrier","floor":25,"key":"SMITH"},{"data":"Iron Wave","floor":27,"key":"SMITH"},{"data":"Searing Blow","floor":32,"key":"SMITH"},{"data":"Armaments","floor":40,"key":"SMITH"},{"floor":46,"key":"REST"},{"floor":49,"key":"REST"}],"neow_cost":"NONE","seed_source_timestamp":99539795727431,"circlet_count":0,"master_deck":["AscendersBane","Strike_R","Strike_R","Defend_R+1","Defend_R","Bash+1","Armaments+1","True Grit+1","Twin Strike","True Grit+1","Pommel Strike+1","Metallicize+1","Double Tap+1","Pommel Strike","Iron Wave+1","Flame Barrier+1","Feel No Pain+1","Searing Blow+2","Rage","Evolve+1","Armaments+1","Madness"],"relics":["Burning Blood","NeowsBlessing","Frozen Egg 2","Mummified Hand","Oddly Smooth Stone","Odd Mushroom","War Paint","Mark of Pain","Ornamental Fan","Potion Belt","Kunai","Paper Frog","Empty Cage","Anchor","Juzu Bracelet","Vajra","Red Mask"],"potions_floor_usage":[11,16,30,30,30,33,33,33,33,33,38,42,42,45,50],"damage_taken":[{"damage":0,"enemies":"Cultist","floor":1,"turns":1},{"damage":0,"enemies":"Small Slimes","floor":2,"turns":1},{"damage":0,"enemies":"Gremlin Nob","floor":7,"turns":1},{"damage":39,"enemies":"The Mushroom Lair","floor":11,"turns":6},{"damage":0,"enemies":"2 Louse","floor":12,"turns":4},{"damage":24,"enemies":"Lagavulin","floor":13,"turns":6},{"damage":9,"enemies":"Blue Slaver","floor":14,"turns":4},{"damage":22,"enemies":"The Guardian","floor":16,"turns":15},{"damage":4,"enemies":"3 Byrds","floor":18,"turns":7},{"damage":4,"enemies":"Shell Parasite","floor":20,"turns":6},{"damage":10,"enemies":"Shelled Parasite and Fungi","floor":22,"turns":8},{"damage":0,"enemies":"Snake Plant","floor":28,"turns":3},{"damage":11,"enemies":"Slavers","floor":30,"turns":13},{"damage":1,"enemies":"Sentry and Sphere","floor":31,"turns":6},{"damage":36,"enemies":"Champ","floor":33,"turns":14},{"damage":23,"enemies":"3 Shapes","floor":35,"turns":11},{"damage":15,"enemies":"Orb Walker","floor":37,"turns":4},{"damage":0,"enemies":"Transient","floor":38,"turns":5},{"damage":18,"enemies":"Writhing Mass","floor":41,"turns":10},{"damage":22,"enemies":"Reptomancer","floor":42,"turns":10},{"damage":0,"enemies":"Maw","floor":45,"turns":4},{"damage":81,"enemies":"Time Eater","floor":50,"turns":8}],"seed_played":"-9092056969124190510","potions_obtained":[{"floor":7,"key":"Regen Potion"},{"floor":13,"key":"Strength Potion"},{"floor":14,"key":"Block Potion"},{"floor":18,"key":"Dexterity Potion"},{"floor":22,"key":"Dexterity Potion"},{"floor":28,"key":"AttackPotion"},{"floor":29,"key":"SteroidPotion"},{"floor":29,"key":"Weak Potion"},{"floor":31,"key":"EntropicBrew"},{"floor":38,"key":"Ancient Potion"},{"floor":41,"key":"SpeedPotion"},{"floor":42,"key":"SmokeBomb"}],"is_trial":false,"path_per_floor":["M","M","T","$","?","R","E","R","T","R","?","M","E","M","R","B",null,"M","?","M","$","M","R","?","R","T","R","M","?","E","M","R","B",null,"M","?","M","M","$","R","M","E","T","?","M","R","$","?","R","B"],"character_chosen":"IRONCLAD","items_purchased":["Iron Wave","Flame Barrier","Feel No Pain+1","Evolve+1","Armaments","Vajra"],"campfire_rested":2,"item_purchase_floors":[21,21,21,39,39,47],"current_hp_per_floor":[78,80,80,80,73,73,79,79,79,79,55,61,43,40,40,24,66,68,68,70,70,66,66,66,66,66,66,72,72,67,72,72,42,71,54,54,45,51,51,51,39,23,23,23,29,53,53,53,77,0],"gold":0,"neow_bonus":"THREE_ENEMY_KILL","is_prod":false,"is_daily":false,"chose_seed":false,"campfire_upgraded":9,"win_rate":0,"timestamp":1554848097,"path_taken":["M","M","?","?","?","R","E","R","T","R","?","M","E","?","R","BOSS","M","?","?","$","M","R","?","R","T","R","M","?","E","M","R","BOSS","M","?","M","M","$","R","?","E","T","?","M","R","?","?","R","BOSS"],"build_version":"2019-01-23","purchased_purges":3,"victory":false,"max_hp_per_floor":[80,80,80,80,80,80,80,80,80,80,80,80,80,80,80,80,80,80,80,80,80,80,80,80,80,80,80,80,80,80,80,80,80,80,80,80,80,80,80,80,80,80,80,80,80,80,80,80,80,80],"card_choices":[{"not_picked":["Perfected Strike","Heavy Blade"],"picked":"Armaments","floor":1},{"not_picked":["Clothesline","Pommel Strike"],"picked":"True Grit","floor":2},{"not_picked":["Fiend Fire","Warcry"],"picked":"Twin Strike","floor":7},{"not_picked":["Carnage","Blood for Blood"],"picked":"True Grit","floor":11},{"not_picked":["Hemokinesis","Shockwave","Clothesline"],"picked":"SKIP","floor":12},{"not_picked":["Reaper","Uppercut"],"picked":"Pommel Strike","floor":13},{"not_picked":["Rupture+1","Clothesline"],"picked":"Metallicize+1","floor":14},{"not_picked":["Impervious","Berserk+1"],"picked":"Double Tap","floor":16},{"not_picked":["Clash","Dropkick"],"picked":"Pommel Strike","floor":18},{"not_picked":["Battle Trance+1","Warcry+1","Body Slam"],"picked":"SKIP","floor":20},{"not_picked":["Sentinel","Sword Boomerang","Thunderclap+1"],"picked":"SKIP","floor":22},{"not_picked":["Heavy Blade+1","Carnage+1","Armaments"],"picked":"SKIP","floor":28},{"not_picked":["Armaments","Reckless Charge","Warcry"],"picked":"SKIP","floor":30},{"not_picked":["Clothesline","Burning Pact"],"picked":"Searing Blow","floor":31},{"not_picked":["Twin Strike","Entrench","Sword Boomerang"],"picked":"SKIP","floor":35},{"not_picked":["Pommel Strike+1","Thunderclap","Heavy Blade"],"picked":"SKIP","floor":37},{"not_picked":["Warcry+1","Iron Wave"],"picked":"Rage","floor":38},{"not_picked":["Thunderclap+1","Perfected Strike","Clothesline"],"picked":"SKIP","floor":41},{"not_picked":["Dual Wield","Bloodletting+1","Hemokinesis"],"picked":"SKIP","floor":42},{"not_picked":["Panacea","Thinking Ahead"],"picked":"Madness","floor":44}],"player_experience":163713,"relics_obtained":[{"floor":3,"key":"Frozen Egg 2"},{"floor":7,"key":"Mummified Hand"},{"floor":9,"key":"Oddly Smooth Stone"},{"floor":11,"key":"Odd Mushroom"},{"floor":13,"key":"War Paint"},{"floor":26,"key":"Kunai"},{"floor":30,"key":"Paper Frog"},{"floor":42,"key":"Anchor"},{"floor":43,"key":"Juzu Bracelet"}],"event_choices":[{"cards_removed":["Strike_R"],"damage_healed":0,"gold_gain":0,"player_choice":"Card Removal","damage_taken":7,"max_hp_gain":0,"max_hp_loss":0,"event_name":"Golden Wing","floor":5,"gold_loss":0},{"damage_healed":0,"gold_gain":0,"player_choice":"Fought Mushrooms","damage_taken":0,"max_hp_gain":0,"max_hp_loss":0,"event_name":"Mushrooms","floor":11,"gold_loss":0},{"damage_healed":0,"gold_gain":0,"player_choice":"Gave Potion","damage_taken":0,"relics_obtained":["Ornamental Fan"],"max_hp_gain":0,"max_hp_loss":0,"event_name":"WeMeetAgain","floor":19,"gold_loss":0},{"damage_healed":0,"gold_gain":0,"player_choice":"Opened","damage_taken":0,"relics_obtained":["Potion Belt"],"max_hp_gain":0,"max_hp_loss":0,"event_name":"The Mausoleum","floor":24,"gold_loss":0,"cards_obtained":["Writhe"]},{"damage_healed":0,"gold_gain":0,"player_choice":"Got Potions","damage_taken":0,"max_hp_gain":0,"max_hp_loss":0,"event_name":"Lab","floor":29,"gold_loss":0},{"damage_healed":0,"gold_gain":0,"player_choice":"Upgraded","damage_taken":0,"max_hp_gain":0,"max_hp_loss":0,"event_name":"Upgrade Shrine","floor":36,"gold_loss":0,"cards_upgraded":["Searing Blow"]},{"damage_healed":0,"gold_gain":0,"player_choice":"Memory 1","damage_taken":0,"max_hp_gain":0,"max_hp_loss":0,"event_name":"SensoryStone","floor":44,"gold_loss":0},{"damage_healed":0,"gold_gain":0,"player_choice":"Paid","damage_taken":0,"relics_obtained":["Red Mask"],"max_hp_gain":0,"max_hp_loss":0,"event_name":"Tomb of Lord Red Mask","floor":48,"gold_loss":11}],"is_beta":false,"boss_relics":[{"not_picked":["Velvet Choker","Cursed Key"],"picked":"Mark of Pain"},{"not_picked":["Black Blood","Coffee Dripper"],"picked":"Empty Cage"}],"items_purged_floors":[4,21,39],"is_endless":false,"potions_floor_spawned":[7,13,14,18,22,28,31,38,41,42,45],"killed_by":"Time Eater","ascension_level":10}