{"gold_per_floor":[365,365,365,365,212,212,240,240,292,292,311,311,311,336,336,437,437,422,96,107,125,0,27,27,27,27,27,27,44,44,61,61,161,161,176,176,26,38,38,38,0,0,79,79,79,111,111,111,111,111],"floor_reached":51,"playtime":1513,"items_purged":["Strike_G","Parasite","Parasite","Strike_G"],"score":757,"play_id":"d6750942-b9ca-4e80-a15c-79d16e543dfd","local_time":"20190128031819","is_ascension_mode":true,"campfire_choices":[{"data":"Deadly Poison","floor":6.0,"key":"SMITH"},{"floor":8.0,"key":"REST"},{"data":"Neutralize","floor":10.0,"key":"SMITH"},{"data":"Deadly Poison","floor":12.0,"key":"SMITH"},{"data":"Escape Plan","floor":15.0,"key":"SMITH"},{"floor":24.0,"key":"REST"},{"data":"Noxious Fumes","floor":28.0,"key":"SMITH"},{"floor":30.0,"key":"REST"},{"data":"Blur","floor":32.0,"key":"SMITH"},{"floor":40.0,"key":"REST"},{"data":"Envenom","floor":42.0,"key":"SMITH"},{"data":"Backflip","floor":44.0,"key":"SMITH"},{"floor":47.0,"key":"REST"},{"data":"Crippling Poison","floor":49.0,"key":"SMITH"}],"neow_cost":"CURSE","seed_source_timestamp":146361999323429,"circlet_count":0,"master_deck":["Defend_G","Defend_G","Defend_G","Defend_G","Strike_G+1","Survivor","Blur+1","Deadly Poison+1","Deflect","Deadly Poison+1","Escape Plan+1","Envenom+1","Dodge and Roll","Noxious Fumes+1","Bouncing Flask","Flechettes+1","Crippling Poison+1","Blur+1","Backflip+1","Malaise","Dodge and Roll+1","Leg Sweep+1","Heel Hook","Blur+1","Escape Plan+1","Panacea","Writhe"],"special_seed":0,"relics":["Ring of the Snake","Ancient Tea Set","Juzu Bracelet","Vajra","Ninja Scroll","Sozu","ClockworkSouvenir","Unceasing Top","Orichalcum","Orrery","Red Mask","Letter Opener","Happy Flower"],"potions_floor_usage":[50],"damage_taken":[{"damage":2.0,"enemies":"2 Louse","floor":1.0,"turns":5.0},{"damage":20.0,"enemies":"Gremlin Nob","floor":7.0,"turns":4.0},{"damage":0.0,"enemies":"Jaw Worm","floor":11.0,"turns":4.0},{"damage":22.0,"enemies":"3 Sentries","floor":14.0,"turns":11.0},{"damage":5.0,"enemies":"The Guardian","floor":16.0,"turns":8.0},{"damage":12.0,"enemies":"2 Thieves","floor":18.0,"turns":4.0},{"damage":10.0,"enemies":"Spheric Guardian","floor":20.0,"turns":6.0},{"damage":0.0,"enemies":"Snecko","floor":21.0,"turns":5.0},{"damage":31.0,"enemies":"Slavers","floor":23.0,"turns":6.0},{"damage":3.0,"enemies":"Snake Plant","floor":29.0,"turns":4.0},{"damage":0.0,"enemies":"Shelled Parasite and Fungi","floor":31.0,"turns":4.0},{"damage":13.0,"enemies":"Collector","floor":33.0,"turns":9.0},{"damage":6.0,"enemies":"Orb Walker","floor":35.0,"turns":5.0},{"damage":30.0,"enemies":"3 Shapes","floor":38.0,"turns":5.0},{"damage":25.0,"enemies":"Reptomancer","floor":46.0,"turns":9.0},{"damage":4,"enemies":"Awakened One","floor":50,"turns":21}],"seed_played":"5822806931988758669","potions_obtained":[{"floor":1.0,"key":"Swift Potion"},{"floor":11.0,"key":"Energy Potion"},{"floor":16.0,"key":"Ancient Potion"}],"is_trial":false,"path_per_floor":["M","?","?","T","$","R","E","R","T","R","M","R","?","E","R","B",null,"M","$","M","M","$","E","R","?","T","?","R","M","R","M","R","B",null,"M","?","$","M","?","R","?","R","T","R","?","E","R","?","R","B",null],"character_chosen":"THE_SILENT","items_purchased":["Deadly Poison","Deflect","ClockworkSouvenir","Noxious Fumes"],"campfire_rested":5,"item_purchase_floors":[5,5,19,19],"current_hp_per_floor":[68,68,54,54,54,54,34,55,55,55,55,55,70,48,48,43,70,58,58,48,48,48,17,36,36,36,36,36,33,52,52,52,39,64,58,58,58,28,28,47,47,47,47,47,63,38,57,57,57,53],"gold":111,"neow_bonus":"TWO_FIFTY_GOLD","is_prod":false,"is_daily":false,"chose_seed":false,"campfire_upgraded":9,"win_rate":0,"timestamp":1548641899,"path_taken":["M","?","?","?","$","R","E","R","T","R","M","R","?","E","R","BOSS","M","$","M","M","$","E","R","?","T","?","R","M","R","M","R","BOSS","M","?","$","M","?","R","?","R","T","R","?","E","R","?","R","BOSS"],"build_version":"2019-01-23","purchased_purges":4,"victory":true,"max_hp_per_floor":[70,70,70,70,70,70,70,70,70,70,70,70,70,70,70,70,70,70,67,67,67,64,64,64,64,64,64,64,64,64,64,64,64,64,64,64,64,64,64,64,64,64,64,64,64,64,64,64,64,64],"card_choices":[{"not_picked":["Underhanded Strike","Calculated Gamble"],"picked":"Blur","floor":1.0},{"not_picked":["Dodge and Roll","Masterful Stab"],"picked":"Deadly Poison","floor":7.0},{"not_picked":["PiercingWail","Backflip"],"picked":"Escape Plan","floor":11.0},{"not_picked":["Endless Agony","PiercingWail","Terror"],"picked":"SKIP","floor":14.0},{"not_picked":["Die Die Die","Glass Knife"],"picked":"Envenom","floor":16.0},{"not_picked":["Quick Slash","Reflex"],"picked":"Dodge and Roll","floor":18.0},{"not_picked":["Flying Knee+1","Underhanded Strike+1"],"picked":"Bouncing Flask","floor":20.0},{"not_picked":["Masterful Stab","Cloak And Dagger+1"],"picked":"Flechettes+1","floor":21.0},{"not_picked":["Dodge and Roll","Terror+1"],"picked":"Crippling Poison","floor":23.0},{"not_picked":["Calculated Gamble","Flying Knee","Dagger Spray+1"],"picked":"SKIP","floor":29.0},{"not_picked":["Sucker Punch+1","Slice+1","Poisoned Stab"],"picked":"SKIP","floor":31.0},{"not_picked":["Wraith Form v2","Night Terror"],"picked":"Malaise","floor":33.0},{"not_picked":["Quick Slash","Sucker Punch"],"picked":"Dodge and Roll+1","floor":34.0},{"not_picked":["Flechettes","Deflect"],"picked":"Leg Sweep+1","floor":34.0},{"not_picked":["Riddle With Holes","Flying Knee"],"picked":"Heel Hook","floor":35.0},{"not_picked":["Deadly Poison+1","Predator"],"picked":"Escape Plan+1","floor":38.0},{"not_picked":["Dramatic Entrance","Enlightenment"],"picked":"Panacea","floor":39.0},{"not_picked":["Malaise","Riddle With Holes","Backflip"],"picked":"SKIP","floor":46.0}],"player_experience":21265,"relics_obtained":[{"floor":4.0,"key":"Ancient Tea Set"},{"floor":7.0,"key":"Juzu Bracelet"},{"floor":9.0,"key":"Vajra"},{"floor":14.0,"key":"Ninja Scroll"},{"floor":23.0,"key":"Unceasing Top"},{"floor":26.0,"key":"Orichalcum"},{"floor":43.0,"key":"Letter Opener"},{"floor":46.0,"key":"Happy Flower"}],"event_choices":[{"cards_removed":["Defend_G"],"damage_healed":0.0,"max_hp_gain":0.0,"max_hp_loss":0.0,"gold_gain":0.0,"event_name":"Living Wall","player_choice":"Forget","floor":2.0,"gold_loss":0.0,"damage_taken":0.0},{"damage_healed":0.0,"max_hp_gain":0.0,"max_hp_loss":0.0,"gold_gain":0.0,"event_name":"Shining Light","player_choice":"Entered Light","floor":3.0,"gold_loss":0.0,"damage_taken":14.0,"cards_upgraded":["Blur","Strike_G"]},{"damage_healed":17.0,"max_hp_gain":0.0,"max_hp_loss":0.0,"gold_gain":0.0,"event_name":"Mushrooms","player_choice":"Healed and dodged fight","floor":13.0,"gold_loss":0.0,"damage_taken":0.0,"cards_obtained":["Parasite"]},{"damage_healed":0.0,"max_hp_gain":0.0,"max_hp_loss":0.0,"gold_gain":0.0,"cards_transformed":["Strike_G","Strike_G"],"event_name":"Drug Dealer","player_choice":"Became Test Subject","floor":25.0,"gold_loss":0.0,"damage_taken":0.0,"cards_obtained":["Blur","Backflip"]},{"damage_healed":0.0,"max_hp_gain":0.0,"max_hp_loss":0.0,"gold_gain":0.0,"event_name":"Vampires","player_choice":"Ignored","floor":27.0,"gold_loss":0.0,"damage_taken":0.0},{"damage_healed":0.0,"max_hp_gain":0.0,"max_hp_loss":0.0,"gold_gain":0.0,"event_name":"Duplicator","player_choice":"Copied","floor":36.0,"gold_loss":0.0,"damage_taken":0.0,"cards_obtained":["Blur"]},{"damage_healed":0.0,"max_hp_gain":0.0,"max_hp_loss":0.0,"gold_gain":0.0,"event_name":"SensoryStone","player_choice":"Memory 1","floor":39.0,"gold_loss":0.0,"damage_taken":0.0},{"damage_healed":0.0,"max_hp_gain":0.0,"max_hp_loss":0.0,"gold_gain":0.0,"event_name":"Tomb of Lord Red Mask","player_choice":"Paid","floor":41.0,"gold_loss":38.0,"damage_taken":0.0,"relics_obtained":["Red Mask"]},{"damage_healed":16.0,"max_hp_gain":0.0,"max_hp_loss":0.0,"gold_gain":0.0,"event_name":"Winding Halls","player_choice":"Writhe","floor":45.0,"gold_loss":0.0,"damage_taken":0.0,"cards_obtained":["Writhe"]},{"cards_removed":["Neutralize"],"damage_healed":0.0,"max_hp_gain":0.0,"max_hp_loss":0.0,"gold_gain":0.0,"event_name":"Falling","player_choice":"Removed Attack","floor":48.0,"gold_loss":0.0,"damage_taken":0.0}],"is_beta":false,"boss_relics":[{"not_picked":["Cursed Key","Calling Bell"],"picked":"Sozu"},{"not_picked":["HoveringKite","White Beast Statue"],"picked":"Orrery"}],"items_purged_floors":[5,19,22,37],"is_endless":false,"potions_floor_spawned":[1,11,16,20,29,31,33,35],"ascension_level":2}