{"gold_per_floor":[110,110,123,136,211,242,242,260,308,308,366,366,366,385,385,489,489,503,519,69,81,81,81,136,136,163,194,194,211,225,225,225,320,320,335,348,348,348,425,425,437,437,511,22,38,58,78,111,111,111],"floor_reached":51,"playtime":9602,"items_purged":["Decay"],"score":898,"play_id":"f9b0eb8c-b0f5-411e-a5c5-986b8d646d49","local_time":"20181121154238","is_ascension_mode":true,"campfire_choices":[{"data":"Neutralize","floor":7,"key":"SMITH"},{"data":"Noxious Fumes","floor":10,"key":"SMITH"},{"data":"Caltrops","floor":12,"key":"SMITH"},{"data":"Flechettes","floor":15,"key":"SMITH"},{"floor":23,"key":"REST"},{"data":"After Image","floor":25,"key":"SMITH"},{"data":"Choke","floor":32,"key":"SMITH"},{"data":"Burst","floor":40,"key":"SMITH"},{"floor":49,"key":"REST"}],"neow_cost":"NONE","seed_source_timestamp":600558935495926,"circlet_count":0,"master_deck":["Survivor","Neutralize+1","Caltrops+1","Flechettes+1","Noxious Fumes+1","PiercingWail","PiercingWail","Well Laid Plans","After Image+1","Escape Plan","Prepared","Sucker Punch","Quick Slash","Leg Sweep","Endless Agony","Choke+1","Crippling Poison","Bane","Cloak And Dagger","Flechettes","Dodge and Roll+1","Necronomicurse","Backflip","Backflip","Leg Sweep","Bite","Bite","Bite","Bite","Bite","Burst+1","Dodge and Roll+1","Expertise+1","Blind","Doubt","Parasite","Cloak And Dagger+1","Writhe","Clumsy","Footwork","Caltrops","Predator","Cloak And Dagger+1"],"relics":["Ring of the Snake","Nunchaku","Whetstone","Tiny Chest","Pandora\u0027s Box","PreservedInsect","Torii","Necronomicon","Ancient Tea Set","Dream Catcher","Sundial","Cursed Key","Toxic Egg 2","Ornamental Fan","Snake Skull","The Courier","Bottled Tornado","Pear","Anchor"],"potions_floor_usage":[11,16,16,16,33,45,48,48,48,50,50,50],"damage_taken":[{"damage":0,"enemies":"Cultist","floor":1,"turns":4},{"damage":0,"enemies":"Jaw Worm","floor":3,"turns":5},{"damage":0,"enemies":"2 Louse","floor":4,"turns":4},{"damage":21,"enemies":"Lagavulin","floor":6,"turns":9},{"damage":3,"enemies":"Looter","floor":8,"turns":3},{"damage":16,"enemies":"3 Sentries","floor":11,"turns":7},{"damage":3,"enemies":"Blue Slaver","floor":14,"turns":4},{"damage":33,"enemies":"Slime Boss","floor":16,"turns":10},{"damage":5,"enemies":"Shell Parasite","floor":18,"turns":6},{"damage":5,"enemies":"3 Byrds","floor":19,"turns":2},{"damage":8,"enemies":"Snecko","floor":21,"turns":6},{"damage":1,"enemies":"Slavers","floor":27,"turns":5},{"damage":0,"enemies":"Snake Plant","floor":29,"turns":3},{"damage":9,"enemies":"Chosen and Byrds","floor":30,"turns":4},{"damage":36,"enemies":"Collector","floor":33,"turns":10},{"damage":19,"enemies":"3 Shapes","floor":35,"turns":5},{"damage":1,"enemies":"Orb Walker","floor":36,"turns":3},{"damage":21,"enemies":"Writhing Mass","floor":41,"turns":7},{"damage":24,"enemies":"Jaw Worm Horde","floor":45,"turns":4},{"damage":18,"enemies":"Maw","floor":46,"turns":9},{"damage":31,"enemies":"4 Shapes","floor":47,"turns":5},{"damage":1,"enemies":"Giant Head","floor":48,"turns":8},{"damage":53,"enemies":"Awakened One","floor":50,"turns":16}],"seed_played":"6705380814721886377","potions_obtained":[{"floor":1,"key":"Regen Potion"},{"floor":3,"key":"Block Potion"},{"floor":6,"key":"Poison Potion"},{"floor":14,"key":"PowerPotion"},{"floor":16,"key":"EntropicBrew"},{"floor":27,"key":"Explosive Potion"},{"floor":29,"key":"Energy Potion"},{"floor":36,"key":"SmokeBomb"},{"floor":41,"key":"PowerPotion"},{"floor":48,"key":"Regen Potion"}],"is_trial":false,"path_per_floor":["M","T","M","M","?","E","R","M","T","R","E","R","?","M","R","B",null,"M","M","$","M","?","R","T","R","T","E","?","M","M","?","R","B",null,"M","M","?","T","T","R","M","T","T","$","M","M","M","E","R","B",null],"character_chosen":"THE_SILENT","items_purchased":["PreservedInsect","Torii","Footwork","Bottled Tornado","Pear"],"campfire_rested":2,"item_purchase_floors":[20,20,44,44,44],"current_hp_per_floor":[77,77,77,77,66,45,45,42,42,42,42,42,42,41,41,10,77,72,69,69,63,47,70,70,70,70,71,71,73,66,66,66,42,77,58,65,65,65,65,65,58,58,58,68,48,42,15,22,48,28],"gold":111,"neow_bonus":"TEN_PERCENT_HP_BONUS","is_prod":false,"is_daily":false,"chose_seed":false,"campfire_upgraded":7,"win_rate":0,"timestamp":1542832958,"path_taken":["M","?","M","M","?","E","R","M","T","R","E","R","?","M","R","BOSS","M","M","$","M","?","R","?","R","T","E","?","M","?","?","R","BOSS","M","M","?","?","?","R","M","?","T","$","M","M","M","E","R","BOSS"],"build_version":"2018-11-15","purchased_purges":1,"victory":true,"max_hp_per_floor":[77,77,77,77,77,77,77,77,77,77,77,77,77,77,77,77,77,77,77,77,77,77,77,77,77,77,77,77,77,77,77,77,77,77,77,77,77,77,77,77,77,77,77,87,87,87,87,87,87,87],"card_choices":[{"not_picked":["Poisoned Stab","Sucker Punch"],"picked":"Caltrops","floor":1},{"not_picked":["Tactician","Acrobatics"],"picked":"Flechettes","floor":3},{"not_picked":["Deadly Poison","Well Laid Plans"],"picked":"Noxious Fumes","floor":4},{"not_picked":["Wraith Form v2","Caltrops"],"picked":"PiercingWail","floor":6},{"not_picked":["Dodge and Roll","Bane"],"picked":"PiercingWail","floor":8},{"not_picked":["Distraction","Riddle With Holes"],"picked":"Well Laid Plans","floor":11},{"not_picked":["Bullet Time","Sucker Punch","Eviscerate"],"picked":"SKIP","floor":14},{"not_picked":["Venomology","Corpse Explosion"],"picked":"After Image","floor":16},{"not_picked":["Blade Dance+1","Quick Slash"],"picked":"Cloak And Dagger","floor":18},{"not_picked":["Underhanded Strike","Deadly Poison"],"picked":"Flechettes","floor":19},{"not_picked":["Acrobatics","Dagger Throw"],"picked":"Dodge and Roll+1","floor":21},{"not_picked":["Reflex+1","Bane+1"],"picked":"Backflip","floor":27},{"not_picked":["Blade Dance","Crippling Poison"],"picked":"Backflip","floor":29},{"not_picked":["Masterful Stab","Accuracy"],"picked":"Leg Sweep","floor":30},{"not_picked":["Phantasmal Killer","Grand Finale"],"picked":"Burst","floor":33},{"not_picked":["PiercingWail+1","Blade Dance+1"],"picked":"Dodge and Roll+1","floor":35},{"not_picked":["Cloak And Dagger","Dagger Spray+1"],"picked":"Expertise+1","floor":36},{"not_picked":["Magnetism","Enlightenment"],"picked":"Blind","floor":37},{"not_picked":["Distraction+1","Prepared+1"],"picked":"Cloak And Dagger+1","floor":41},{"not_picked":["Tactician+1","PiercingWail+1","Deflect+1"],"picked":"SKIP","floor":45},{"not_picked":["Flechettes+1","Tactician+1"],"picked":"Caltrops","floor":46},{"not_picked":["Flechettes","Poisoned Stab+1","Well Laid Plans+1"],"picked":"SKIP","floor":47},{"not_picked":["Concentrate+1","Poisoned Stab+1"],"picked":"Predator","floor":48},{"not_picked":["Dagger Spray","Dodge and Roll+1"],"picked":"Cloak And Dagger+1","floor":49}],"player_experience":128983,"relics_obtained":[{"floor":2,"key":"Nunchaku"},{"floor":6,"key":"Whetstone"},{"floor":9,"key":"Blood Vial"},{"floor":11,"key":"Tiny Chest"},{"floor":22,"key":"Necronomicon"},{"floor":24,"key":"Ancient Tea Set"},{"floor":26,"key":"Dream Catcher"},{"floor":27,"key":"Sundial"},{"floor":38,"key":"Toxic Egg 2"},{"floor":39,"key":"Ornamental Fan"},{"floor":42,"key":"Snake Skull"},{"floor":43,"key":"The Courier"},{"floor":48,"key":"Anchor"}],"event_choices":[{"damage_healed":0,"gold_gain":75,"player_choice":"Gather Gold","damage_taken":11,"max_hp_gain":0,"max_hp_loss":0,"event_name":"World of Goop","floor":5,"gold_loss":0},{"damage_healed":0,"gold_gain":0,"player_choice":"Ignored","damage_taken":0,"max_hp_gain":0,"max_hp_loss":0,"event_name":"Golden Wing","floor":13,"gold_loss":0},{"damage_healed":0,"gold_gain":0,"player_choice":"Obtained Book","damage_taken":16,"max_hp_gain":0,"max_hp_loss":0,"event_name":"Cursed Tome","floor":22,"gold_loss":0},{"cards_removed":["Bane"],"damage_healed":0,"gold_gain":0,"player_choice":"Card Removal","damage_taken":0,"max_hp_gain":0,"max_hp_loss":0,"event_name":"Wheel of Change","floor":28,"gold_loss":0},{"damage_healed":0,"gold_gain":0,"player_choice":"Became a vampire (Vial)","damage_taken":0,"max_hp_gain":0,"max_hp_loss":0,"event_name":"Vampires","floor":31,"relics_lost":["Blood Vial"],"gold_loss":0,"cards_obtained":["Bite","Bite","Bite","Bite","Bite"]},{"damage_healed":0,"gold_gain":0,"player_choice":"Memory 1","damage_taken":0,"max_hp_gain":0,"max_hp_loss":0,"event_name":"SensoryStone","floor":37,"gold_loss":0}],"is_beta":false,"boss_relics":[{"not_picked":["Lizard Tail","Velvet Choker"],"picked":"Pandora\u0027s Box"},{"not_picked":["Coffee Dripper","White Beast Statue"],"picked":"Cursed Key"}],"items_purged_floors":[44],"is_endless":false,"potions_floor_spawned":[1,3,6,14,16,27,29,30,36,41,48],"ascension_level":2}