{"gold_per_floor":[116,116,135,150,14,47,47,47,47,25,35,35,35,60,60,132,132,150,150,150,164,184,214,6,40,40,51,51,70,70,19,19,19],"floor_reached":33,"playtime":2179,"items_purged":[],"score":483,"play_id":"a089ca43-ee5d-4724-a21b-8624172a04cb","local_time":"20190518192625","is_ascension_mode":true,"campfire_choices":[{"data":"Dualcast","floor":7,"key":"SMITH"},{"data":"Chaos","floor":13,"key":"SMITH"},{"floor":15,"key":"REST"},{"floor":32,"key":"REST"}],"neow_cost":"NONE","seed_source_timestamp":187900945257129,"circlet_count":0,"master_deck":["AscendersBane","Strike_B","Strike_B","Defend_B","Defend_B","Defend_B","Defend_B","Zap+1","Dualcast+1","FTL","Ball Lightning","Gash","Bandage Up","Compile Driver","Biased Cognition","Redo","Chaos+1","Ball Lightning","Rainbow","Coolheaded","Defragment+1","Turbo","Cold Snap","Recycle","Electrodynamics+1","Mayhem+1","Sunder","White Noise","Storm+1","RitualDagger","White Noise+1","Hologram"],"relics":["FrozenCore","Cables","Bronze Scales","Frozen Egg 2","Oddly Smooth Stone","Dodecahedron","Pantograph","MutagenicStrength"],"potions_floor_usage":[6,23,33,33],"damage_taken":[{"damage":2,"enemies":"2 Louse","floor":1,"turns":2},{"damage":1,"enemies":"Cultist","floor":3,"turns":3},{"damage":7,"enemies":"Jaw Worm","floor":4,"turns":3},{"damage":15,"enemies":"Gremlin Nob","floor":6,"turns":3},{"damage":6,"enemies":"Looter","floor":11,"turns":2},{"damage":25,"enemies":"Lagavulin","floor":14,"turns":4},{"damage":19,"enemies":"The Guardian","floor":16,"turns":7},{"damage":2,"enemies":"Shell Parasite","floor":18,"turns":3},{"damage":18,"enemies":"2 Thieves","floor":21,"turns":3},{"damage":0,"enemies":"3 Cultists","floor":22,"turns":4},{"damage":32,"enemies":"Gremlin Leader","floor":23,"turns":6},{"damage":30,"enemies":"Slavers","floor":25,"turns":3},{"damage":0,"enemies":"Centurion and Healer","floor":27,"turns":5},{"damage":10,"enemies":"Cultist and Chosen","floor":29,"turns":4},{"damage":86,"enemies":"Collector","floor":33,"turns":6}],"seed_played":"-6945142020653882120","potions_obtained":[{"floor":1,"key":"Poison Potion"},{"floor":4,"key":"LiquidBronze"},{"floor":14,"key":"FearPotion"},{"floor":16,"key":"Regen Potion"},{"floor":25,"key":"Dexterity Potion"}],"is_trial":false,"path_per_floor":["?","$","?","M","$","?","?","M","?","?","$"],"character_chosen":"DEFECT","items_purchased":["Bandage Up","Compile Driver","Redo","Mayhem+1","Sunder","Hologram"],"campfire_rested":2,"item_purchase_floors":[5,5,10,24,24,31],"current_hp_per_floor":[73,73,72,65,65,54,54,54,54,54,52,52,52,31,55,40,72,74,74,74,56,60,47,47,21,21,25,19,13,13,13,37,0],"gold":19,"neow_bonus":"TEN_PERCENT_HP_BONUS","is_prod":false,"is_daily":false,"chose_seed":false,"campfire_upgraded":2,"win_rate":0,"timestamp":1558221985,"path_taken":["M","?","M","M","?","E","R","?","T","$","?","?","R","E","R","BOSS","M","?","?","M","?","E","$","E","T","M","?","M","?","?","R","BOSS"],"build_version":"2019-01-23","purchased_purges":0,"victory":false,"max_hp_per_floor":[82,82,82,82,82,82,82,82,82,82,82,82,82,82,82,82,82,82,82,82,82,82,82,82,82,82,82,82,82,82,82,82,82],"card_choices":[{"not_picked":["Scrape","Auto Shields"],"picked":"FTL","floor":1},{"not_picked":["FTL","Turbo"],"picked":"Ball Lightning","floor":3},{"not_picked":["Turbo","Sweeping Beam"],"picked":"Gash","floor":4},{"not_picked":["Redo","Skim"],"picked":"Biased Cognition","floor":6},{"not_picked":["Redo","Steam"],"picked":"Chaos","floor":11},{"not_picked":["Scrape","Leap"],"picked":"Ball Lightning","floor":14},{"not_picked":["Amplify","Hyperbeam"],"picked":"Rainbow","floor":16},{"not_picked":["Gash","Ball Lightning"],"picked":"Coolheaded","floor":18},{"not_picked":["Barrage","Skim"],"picked":"Cold Snap","floor":21},{"not_picked":["Redo","Compile Driver"],"picked":"Recycle","floor":22},{"not_picked":["Glacier","Rebound"],"picked":"Electrodynamics+1","floor":23},{"not_picked":["Streamline+1","Steam"],"picked":"White Noise","floor":25},{"not_picked":["Redo","Turbo"],"picked":"Storm+1","floor":27},{"not_picked":["Gash","Streamline"],"picked":"White Noise+1","floor":29}],"player_experience":551991,"relics_obtained":[{"floor":6,"key":"Cables"},{"floor":9,"key":"Bronze Scales"},{"floor":14,"key":"Frozen Egg 2"},{"floor":23,"key":"Oddly Smooth Stone"},{"floor":25,"key":"Dodecahedron"},{"floor":26,"key":"Pantograph"}],"event_choices":[{"damage_healed":0,"gold_gain":0,"player_choice":"Upgraded","damage_taken":0,"max_hp_gain":0,"max_hp_loss":0,"event_name":"Upgrade Shrine","floor":2,"gold_loss":0,"cards_upgraded":["Zap"]},{"cards_removed":["Strike_B"],"damage_healed":0,"gold_gain":0,"player_choice":"Offered Basic","damage_taken":0,"max_hp_gain":0,"max_hp_loss":0,"event_name":"Bonfire Elementals","floor":8,"gold_loss":0},{"damage_healed":0,"gold_gain":0,"player_choice":"Read","damage_taken":0,"max_hp_gain":0,"max_hp_loss":0,"event_name":"The Library","floor":19,"gold_loss":0,"cards_obtained":["Defragment"]},{"damage_healed":0,"gold_gain":0,"cards_transformed":["Strike_B"],"player_choice":"Transformed","damage_taken":0,"max_hp_gain":0,"max_hp_loss":0,"event_name":"Transmorgrifier","floor":20,"gold_loss":0,"cards_obtained":["Turbo"]},{"damage_healed":0,"gold_gain":0,"player_choice":"Joined the Cult","damage_taken":6,"max_hp_gain":0,"max_hp_loss":0,"event_name":"Nest","floor":28,"gold_loss":0,"cards_obtained":["RitualDagger"]},{"damage_healed":0,"gold_gain":0,"player_choice":"Inject Mutagens","damage_taken":0,"relics_obtained":["MutagenicStrength"],"max_hp_gain":0,"max_hp_loss":0,"event_name":"Drug Dealer","floor":30,"gold_loss":0}],"is_beta":false,"boss_relics":[{"not_picked":["Calling Bell","Orrery"],"picked":"FrozenCore"}],"items_purged_floors":[],"is_endless":false,"potions_floor_spawned":[1,4,14,16,21,25],"killed_by":"Collector","ascension_level":13}