{"gold_per_floor":[110,122,122,122,7,7,19,35,35,35,55,14,14,14],"floor_reached":14,"playtime":1043,"items_purged":[],"score":88,"play_id":"746c29bf-4331-40cb-b579-353995e036fb","local_time":"20181121120103","is_ascension_mode":true,"campfire_choices":[{"data":"Neutralize","floor":6,"key":"SMITH"}],"neow_cost":"NONE","seed_source_timestamp":595858425096128,"circlet_count":0,"master_deck":["Defend_G","Defend_G","Defend_G","Defend_G","Defend_G","Strike_G","Strike_G","Strike_G","Strike_G","Survivor","Neutralize+1","Bouncing Flask+1","Catalyst","Bouncing Flask","Catalyst","Backflip+1","Dagger Throw","Injury","Escape Plan"],"relics":["Ring of the Snake","The Courier","Golden Idol"],"potions_floor_usage":[8],"damage_taken":[{"damage":0,"enemies":"Small Slimes","floor":1,"turns":4},{"damage":6,"enemies":"Jaw Worm","floor":2,"turns":5},{"damage":0,"enemies":"Cultist","floor":7,"turns":2},{"damage":36,"enemies":"Gremlin Gang","floor":8,"turns":6},{"damage":0,"enemies":"Red Slaver","floor":11,"turns":3},{"damage":28,"enemies":"Lots of Slimes","floor":14,"turns":4}],"seed_played":"6138133848420951205","potions_obtained":[{"floor":1,"key":"SkillPotion"},{"floor":8,"key":"Weak Potion"}],"is_trial":false,"path_per_floor":["M","M","?","?","$","R","M","M","T","?","M","?","?","M"],"character_chosen":"THE_SILENT","items_purchased":["Bouncing Flask","Catalyst"],"campfire_rested":0,"item_purchase_floors":[5,5],"current_hp_per_floor":[77,71,64,64,64,64,64,28,28,28,28,28,28,0],"gold":14,"neow_bonus":"TEN_PERCENT_HP_BONUS","is_prod":false,"is_daily":false,"chose_seed":false,"campfire_upgraded":1,"win_rate":0,"timestamp":1542819663,"path_taken":["M","M","?","?","?","R","M","M","T","?","?","?","?","M"],"build_version":"2018-11-15","purchased_purges":0,"victory":false,"max_hp_per_floor":[77,77,77,77,77,77,77,77,77,77,77,77,77,77],"card_choices":[{"not_picked":["Underhanded Strike","Calculated Gamble"],"picked":"Bouncing Flask","floor":1},{"not_picked":["Distraction","Calculated Gamble"],"picked":"Catalyst","floor":2},{"not_picked":["Dagger Spray","Calculated Gamble"],"picked":"Backflip","floor":7},{"not_picked":["Calculated Gamble","Quick Slash"],"picked":"Dagger Throw","floor":8},{"not_picked":["Flying Knee","Heel Hook"],"picked":"Escape Plan","floor":11}],"player_experience":125825,"relics_obtained":[{"floor":9,"key":"The Courier"}],"event_choices":[{"cards_removed":["Strike_G"],"damage_healed":0,"gold_gain":0,"player_choice":"Card Removal","damage_taken":7,"max_hp_gain":0,"max_hp_loss":0,"event_name":"Golden Wing","floor":3,"gold_loss":0},{"damage_healed":0,"gold_gain":0,"player_choice":"Grow","damage_taken":0,"max_hp_gain":0,"max_hp_loss":0,"event_name":"Living Wall","floor":4,"gold_loss":0,"cards_upgraded":["Bouncing Flask"]},{"damage_healed":0,"gold_gain":0,"player_choice":"Take Wound","damage_taken":0,"relics_obtained":["Golden Idol"],"max_hp_gain":0,"max_hp_loss":0,"event_name":"Golden Idol","floor":10,"gold_loss":0,"cards_obtained":["Injury"]},{"damage_healed":0,"gold_gain":0,"player_choice":"Left Gold","damage_taken":0,"max_hp_gain":0,"max_hp_loss":0,"event_name":"World of Goop","floor":12,"gold_loss":41},{"damage_healed":0,"gold_gain":0,"player_choice":"Upgraded","damage_taken":0,"max_hp_gain":0,"max_hp_loss":0,"event_name":"Upgrade Shrine","floor":13,"gold_loss":0,"cards_upgraded":["Backflip"]}],"is_beta":false,"boss_relics":[],"items_purged_floors":[],"is_endless":false,"potions_floor_spawned":[1,8],"killed_by":"Lots of Slimes","ascension_level":2}