{"gold_per_floor":[110,110,129,146,221,255,255,272,325,325,325,337,337,70,70,169,169,182,198,198,216,15,15,40,50,74,74,106,106,106,123,123,228,228,241,30,44,57,57,57,87,12,12,12,27,60,60,0,0,0],"floor_reached":51,"playtime":8837,"items_purged":["Pain","Strike_R","Strike_R","Defend_R"],"score":868,"play_id":"d14cb94f-4cef-4bad-a582-3b2c693eb00b","local_time":"20181223150627","is_ascension_mode":false,"campfire_choices":[{"data":"Double Tap","floor":7,"key":"SMITH"},{"floor":11,"key":"REST"},{"data":"Blood for Blood","floor":13,"key":"SMITH"},{"data":"Intimidate","floor":15,"key":"SMITH"},{"data":"Feed","floor":23,"key":"SMITH"},{"floor":32,"key":"REST"},{"floor":40,"key":"REST"},{"floor":47,"key":"REST"},{"floor":49,"key":"REST"}],"neow_cost":"","seed_source_timestamp":13295919555836,"circlet_count":0,"master_deck":["Strike_R","Strike_R+1","Strike_R","Defend_R","Defend_R+1","Defend_R","Bash","Blood for Blood+1","Metallicize+1","Intimidate+1","Double Tap+1","Pommel Strike+1","Feed+1","Dual Wield+1","Inflame","J.A.X.","Shrug It Off+1","Ghostly Armor","Pummel","Cleave","Reaper","Combust","Dark Shackles","Infernal Blade","Violence","Good Instincts","Master of Strategy","Feel No Pain","Warcry+1","Barricade"],"relics":["Burning Blood","WarpedTongs","Ornamental Fan","Happy Flower","Membership Card","Black Star","Bird Faced Urn","Dream Catcher","Anchor","Potion Belt","Sundial","Whetstone","Fusion Hammer","Strange Spoon","Oddly Smooth Stone","Vajra","Strawberry","Ancient Tea Set","Juzu Bracelet","Red Mask"],"potions_floor_usage":[6,16,18,25,28,33,41,41,46,50,50],"damage_taken":[{"damage":6,"enemies":"Jaw Worm","floor":1,"turns":5},{"damage":6,"enemies":"Cultist","floor":3,"turns":3},{"damage":9,"enemies":"2 Louse","floor":4,"turns":3},{"damage":15,"enemies":"Gremlin Nob","floor":6,"turns":4},{"damage":4,"enemies":"2 Fungi Beasts","floor":8,"turns":4},{"damage":12,"enemies":"Blue Slaver","floor":12,"turns":4},{"damage":6,"enemies":"The Guardian","floor":16,"turns":9},{"damage":22,"enemies":"2 Thieves","floor":18,"turns":4},{"damage":2,"enemies":"Chosen","floor":19,"turns":4},{"damage":15,"enemies":"Centurion and Healer","floor":21,"turns":8},{"damage":17,"enemies":"Book of Stabbing","floor":24,"turns":5},{"damage":4,"enemies":"3 Cultists","floor":25,"turns":7},{"damage":23,"enemies":"Slavers","floor":28,"turns":4},{"damage":23,"enemies":"Snake Plant","floor":31,"turns":5},{"damage":30,"enemies":"Champ","floor":33,"turns":11},{"damage":7,"enemies":"Orb Walker","floor":35,"turns":4},{"damage":24,"enemies":"3 Shapes","floor":37,"turns":4},{"damage":28,"enemies":"Maw","floor":38,"turns":7},{"damage":3,"enemies":"Giant Head","floor":41,"turns":5},{"damage":29,"enemies":"Sphere and 2 Shapes","floor":45,"turns":6},{"damage":45,"enemies":"Nemesis","floor":46,"turns":7},{"damage":34,"enemies":"Awakened One","floor":50,"turns":13}],"seed_played":"7492732774315020501","potions_obtained":[{"floor":1,"key":"Weak Potion"},{"floor":4,"key":"Dexterity Potion"},{"floor":12,"key":"Explosive Potion"},{"floor":18,"key":"FearPotion"},{"floor":21,"key":"LiquidBronze"},{"floor":24,"key":"Fire Potion"},{"floor":28,"key":"SpeedPotion"},{"floor":33,"key":"Energy Potion"},{"floor":35,"key":"Poison Potion"},{"floor":41,"key":"SteroidPotion"},{"floor":45,"key":"Block Potion"},{"floor":46,"key":"Fire Potion"}],"is_trial":false,"path_per_floor":["M","?","M","M","?","E","R","M","T","?","R","M","R","$","R","B",null,"M","M","?","M","$","R","E","M","T","?","E","?","?","M","R","B",null,"M","$","M","M","?","R","E","$","T","?","M","E","R","?","R","B",null],"character_chosen":"IRONCLAD","items_purchased":["Membership Card","Bird Faced Urn","Dark Shackles","Strange Spoon"],"campfire_rested":5,"item_purchase_floors":[14,22,36,36],"current_hp_per_floor":[80,80,80,77,66,57,57,59,59,43,67,61,61,61,61,61,80,68,72,72,66,66,66,59,69,69,51,36,36,68,59,89,77,104,104,104,91,79,104,104,104,104,111,101,94,63,97,97,115,112],"gold":0,"neow_bonus":"","is_prod":false,"is_daily":false,"chose_seed":false,"campfire_upgraded":4,"win_rate":0.0,"timestamp":1545573987,"path_taken":["M","?","M","?","?","E","R","M","T","?","R","M","R","$","R","BOSS","M","M","?","M","$","R","E","M","T","?","E","?","?","M","R","BOSS","M","$","M","M","?","R","E","?","T","?","M","E","R","?","R","BOSS"],"build_version":"2018-12-20","purchased_purges":4,"victory":true,"max_hp_per_floor":[80,80,80,80,80,80,80,80,80,80,80,80,80,80,80,80,80,84,84,84,87,87,87,87,91,91,96,96,96,96,100,100,104,104,104,104,104,104,104,104,104,104,111,111,115,115,115,115,115,119],"card_choices":[{"not_picked":["Ghostly Armor","Flex"],"picked":"Blood for Blood","floor":1},{"not_picked":["Sword Boomerang","Carnage"],"picked":"Metallicize","floor":3},{"not_picked":["Reckless Charge","Armaments"],"picked":"Intimidate","floor":4},{"not_picked":["Infernal Blade","Pommel Strike"],"picked":"Double Tap","floor":6},{"not_picked":["Sword Boomerang","Perfected Strike","Twin Strike"],"picked":"SKIP","floor":8},{"not_picked":["Clothesline","Thunderclap"],"picked":"Pommel Strike","floor":12},{"not_picked":["Juggernaut","Demon Form"],"picked":"Feed","floor":16},{"not_picked":["Headbutt+1","Clothesline"],"picked":"Dual Wield+1","floor":18},{"not_picked":["Flex","Twin Strike"],"picked":"Inflame","floor":19},{"not_picked":["Seeing Red","Perfected Strike"],"picked":"Shrug It Off+1","floor":21},{"not_picked":["Warcry","Pommel Strike"],"picked":"Ghostly Armor","floor":24},{"not_picked":["Thunderclap","Battle Trance"],"picked":"Pummel","floor":25},{"not_picked":["Clothesline","Pummel+1"],"picked":"Seeing Red","floor":28},{"not_picked":["Clash","Twin Strike"],"picked":"Cleave","floor":31},{"not_picked":["Feed","Double Tap"],"picked":"Reaper","floor":33},{"not_picked":["Shockwave","Clash+1"],"picked":"Combust","floor":35},{"not_picked":["Seeing Red+1","Sword Boomerang+1","Power Through+1"],"picked":"SKIP","floor":37},{"not_picked":["Cleave+1","Body Slam+1"],"picked":"Infernal Blade","floor":38},{"not_picked":["Warcry","Clash+1","Rupture+1"],"picked":"SKIP","floor":41},{"not_picked":["Forethought","Purity"],"picked":"Violence","floor":44},{"not_picked":["Forethought","Mind Blast"],"picked":"Good Instincts","floor":44},{"not_picked":["Madness","Dark Shackles"],"picked":"Master of Strategy","floor":44},{"not_picked":["Second Wind","Cleave"],"picked":"Feel No Pain","floor":45},{"not_picked":["Iron Wave+1","Seeing Red"],"picked":"Warcry+1","floor":46},{"not_picked":["Twin Strike+1","Headbutt"],"picked":"Barricade","floor":47}],"player_experience":0,"relics_obtained":[{"floor":6,"key":"Ornamental Fan"},{"floor":9,"key":"Happy Flower"},{"floor":24,"key":"Dream Catcher"},{"floor":24,"key":"Anchor"},{"floor":26,"key":"Potion Belt"},{"floor":28,"key":"Sundial"},{"floor":28,"key":"Whetstone"},{"floor":41,"key":"Oddly Smooth Stone"},{"floor":41,"key":"Vajra"},{"floor":43,"key":"Strawberry"},{"floor":46,"key":"Ancient Tea Set"},{"floor":46,"key":"Juzu Bracelet"}],"event_choices":[{"damage_healed":0,"gold_gain":0,"player_choice":"Rummage","damage_taken":0,"relics_obtained":["WarpedTongs"],"max_hp_gain":0,"max_hp_loss":0,"event_name":"Accursed Blacksmith","floor":2,"gold_loss":0,"cards_obtained":["Pain"]},{"damage_healed":0,"gold_gain":75,"player_choice":"Gather Gold","damage_taken":11,"max_hp_gain":0,"max_hp_loss":0,"event_name":"World of Goop","floor":5,"gold_loss":0},{"damage_healed":0,"gold_gain":0,"player_choice":"Entered Light","damage_taken":16,"max_hp_gain":0,"max_hp_loss":0,"event_name":"Shining Light","floor":10,"gold_loss":0,"cards_upgraded":["Defend_R","Metallicize"]},{"damage_healed":0,"gold_gain":0,"player_choice":"Obtain J.A.X.","damage_taken":0,"max_hp_gain":0,"max_hp_loss":0,"event_name":"Drug Dealer","floor":20,"gold_loss":0,"cards_obtained":["J.A.X."]},{"damage_healed":0,"gold_gain":0,"player_choice":"Shed Blood","damage_taken":23,"max_hp_gain":5,"max_hp_loss":0,"event_name":"Forgotten Altar","floor":27,"gold_loss":0},{"damage_healed":0,"gold_gain":0,"player_choice":"Ignored","damage_taken":0,"max_hp_gain":0,"max_hp_loss":0,"event_name":"Beggar","floor":29,"gold_loss":0},{"damage_healed":32,"gold_gain":0,"player_choice":"Heal","damage_taken":0,"max_hp_gain":0,"max_hp_loss":0,"event_name":"The Library","floor":30,"gold_loss":0},{"cards_removed":["Seeing Red"],"damage_healed":25,"gold_gain":0,"player_choice":"Offered Uncommon","damage_taken":0,"max_hp_gain":0,"max_hp_loss":0,"event_name":"Bonfire Elementals","floor":39,"gold_loss":0},{"damage_healed":0,"gold_gain":0,"player_choice":"Memory 3","damage_taken":10,"max_hp_gain":0,"max_hp_loss":0,"event_name":"SensoryStone","floor":44,"gold_loss":0},{"damage_healed":0,"gold_gain":0,"player_choice":"Paid","damage_taken":0,"relics_obtained":["Red Mask"],"max_hp_gain":0,"max_hp_loss":0,"event_name":"Tomb of Lord Red Mask","floor":48,"gold_loss":60}],"is_beta":false,"boss_relics":[{"not_picked":["Runic Cube","Cursed Key"],"picked":"Black Star"},{"not_picked":["Orrery","Philosopher\u0027s Stone"],"picked":"Fusion Hammer"}],"items_purged_floors":[14,22,36,42],"is_endless":false,"potions_floor_spawned":[1,4,12,18,21,24,28,33,35,41,45,46],"ascension_level":0}