{"gold_per_floor":[116,16,16,27,46,81,81,106,133,151,20,20,55,66,66,139,139,155,26,26,26,46,46,60,60,60,77,0,0,0,50,50,129,129,139,39,39,39,59,59,75,75,75,75,175,175,175],"floor_reached":47,"playtime":3603,"items_purged":["Strike_B","Strike_B"],"score":1002,"play_id":"12326f9b-988d-48ab-ac00-a5bb06bdb229","local_time":"20190103150841","is_ascension_mode":true,"campfire_choices":[{"floor":7.0,"key":"REST"},{"floor":12.0,"key":"REST"},{"data":"Buffer","floor":15.0,"key":"SMITH"},{"data":"Stack","floor":23.0,"key":"SMITH"},{"data":"Sunder","floor":25.0,"key":"SMITH"},{"floor":29.0,"key":"REST"},{"floor":32.0,"key":"REST"},{"data":"Defragment","floor":40.0,"key":"SMITH"},{"data":"Hologram","floor":42.0,"key":"SMITH"},{"data":"Glacier","floor":46.0,"key":"SMITH"}],"neow_cost":"NONE","seed_source_timestamp":1831210440801719,"circlet_count":0,"master_deck":["AscendersBane","Strike_B","Defend_B","Defend_B+1","Zap","Dualcast","Blizzard","Coolheaded","Self Repair","Rebound","Sweeping Beam","Buffer+1","Coolheaded","Beam Cell","Conserve Battery","Sunder+1","Steam","Creative AI+1","Double Energy","Stack+1","Coolheaded+1","Hologram+1","Defragment+1","Buffer","Glacier+1"],"special_seed":0,"relics":["Cracked Core","Ancient Tea Set","Anchor","Pen Nib","War Paint","Sozu","Juzu Bracelet","Regal Pillow","Nuclear Battery","Blue Candle","Lantern","Bird Faced Urn"],"potions_floor_usage":[],"damage_taken":[{"damage":4.0,"enemies":"Jaw Worm","floor":1.0,"turns":3.0},{"damage":4.0,"enemies":"Small Slimes","floor":4.0,"turns":4.0},{"damage":1.0,"enemies":"Cultist","floor":5.0,"turns":3.0},{"damage":52.0,"enemies":"Gremlin Nob","floor":6.0,"turns":5.0},{"damage":20.0,"enemies":"Lagavulin","floor":8.0,"turns":10.0},{"damage":5.0,"enemies":"Red Slaver","floor":10.0,"turns":3.0},{"damage":25.0,"enemies":"Gremlin Nob","floor":13.0,"turns":4.0},{"damage":0.0,"enemies":"Looter","floor":14.0,"turns":3.0},{"damage":6.0,"enemies":"The Guardian","floor":16.0,"turns":13.0},{"damage":8.0,"enemies":"Chosen","floor":18.0,"turns":7.0},{"damage":28.0,"enemies":"Spheric Guardian","floor":22.0,"turns":7.0},{"damage":3.0,"enemies":"Snecko","floor":24.0,"turns":7.0},{"damage":46.0,"enemies":"Chosen and Byrds","floor":27.0,"turns":7.0},{"damage":0.0,"enemies":"Champ","floor":33.0,"turns":13.0},{"damage":0.0,"enemies":"Orb Walker","floor":35.0,"turns":5.0},{"damage":0.0,"enemies":"3 Shapes","floor":39.0,"turns":8.0},{"damage":9.0,"enemies":"Writhing Mass","floor":41.0,"turns":10.0},{"damage":14.0,"enemies":"Mind Bloom Boss Battle","floor":45.0,"turns":10.0},{"damage":87,"enemies":"Reptomancer","floor":47,"turns":3}],"seed_played":"-6303947863944999889","potions_obtained":[{"floor":4.0,"key":"Regen Potion"},{"floor":6.0,"key":"Ancient Potion"},{"floor":10.0,"key":"SpeedPotion"}],"is_trial":false,"path_per_floor":["M","$","?","M","M","E","R","E","T","M","$","R","E","M","R","B",null,"M","$","?","?","M","R","M","R","T","M","$","R","?","?","R","B",null,"M","$","?","?","M","R","M","R","T","T","?","R","E"],"character_chosen":"DEFECT","items_purchased":["Self Repair","Rebound","Sunder","Steam","Stack","Defragment"],"campfire_rested":4,"item_purchase_floors":[2,2,11,11,19,28],"current_hp_per_floor":[60,60,53,56,62,28,49,36,36,38,38,59,34,41,41,42,64,70,70,70,70,49,49,53,53,53,14,14,50,30,30,67,74,76,76,76,76,72,72,72,70,70,70,70,63,63,0],"gold":175,"neow_bonus":"TRANSFORM_CARD","is_prod":false,"is_daily":false,"chose_seed":false,"campfire_upgraded":6,"win_rate":0,"timestamp":1546524521,"path_taken":["M","$","?","M","M","E","R","E","T","M","$","R","E","M","R","BOSS","M","$","?","?","M","R","M","R","T","M","?","R","?","?","R","BOSS","M","$","?","?","M","R","M","R","T","?","?","R","E"],"build_version":"2018-12-20","purchased_purges":2,"victory":false,"max_hp_per_floor":[71,71,71,71,71,71,71,71,71,71,71,71,71,71,71,71,71,71,71,71,71,71,71,71,71,71,71,71,71,76,76,76,76,76,76,76,76,72,72,72,72,72,72,72,72,72,72],"card_choices":[{"not_picked":["Steam","Sweeping Beam"],"picked":"Coolheaded","floor":1.0},{"not_picked":["Coolheaded","Stack"],"picked":"Sweeping Beam","floor":4.0},{"not_picked":["Force Field","Leap"],"picked":"Buffer","floor":5.0},{"not_picked":["Auto Shields","Lockon"],"picked":"Coolheaded","floor":6.0},{"not_picked":["Double Energy","Ball Lightning"],"picked":"Beam Cell","floor":8.0},{"not_picked":["Leap","Streamline"],"picked":"Conserve Battery","floor":10.0},{"not_picked":["Compile Driver","Rip and Tear"],"picked":"Reboot","floor":13.0},{"not_picked":["Core Surge","Electrodynamics"],"picked":"Creative AI","floor":16.0},{"not_picked":["Consume","Turbo"],"picked":"Double Energy","floor":18.0},{"not_picked":["Static Discharge","Compile Driver"],"picked":"Coolheaded+1","floor":24.0},{"not_picked":["Barrage","Go for the Eyes"],"picked":"Hologram","floor":27.0},{"not_picked":["Rainbow","Thunder Strike"],"picked":"Buffer","floor":33.0},{"not_picked":["Force Field","Reinforced Body"],"picked":"Glacier","floor":39.0}],"player_experience":1301964,"relics_obtained":[{"floor":6.0,"key":"Ancient Tea Set"},{"floor":8.0,"key":"Anchor"},{"floor":9.0,"key":"Pen Nib"},{"floor":13.0,"key":"War Paint"},{"floor":26.0,"key":"Regal Pillow"},{"floor":43.0,"key":"Blue Candle"},{"floor":44.0,"key":"Lantern"},{"floor":45.0,"key":"Bird Faced Urn"}],"event_choices":[{"cards_removed":["Defend_B"],"damage_healed":0.0,"max_hp_gain":0.0,"max_hp_loss":0.0,"gold_gain":0.0,"event_name":"Golden Wing","player_choice":"Card Removal","floor":3.0,"gold_loss":0.0,"damage_taken":7.0},{"cards_removed":["Reboot"],"damage_healed":0.0,"max_hp_gain":0.0,"max_hp_loss":0.0,"gold_gain":0.0,"event_name":"WeMeetAgain","player_choice":"Gave Card","floor":20.0,"gold_loss":0.0,"damage_taken":0.0,"relics_obtained":["Juzu Bracelet"]},{"damage_healed":0.0,"max_hp_gain":0.0,"max_hp_loss":0.0,"gold_gain":0.0,"event_name":"Upgrade Shrine","player_choice":"Upgraded","floor":21.0,"gold_loss":0.0,"damage_taken":0.0,"cards_upgraded":["Creative AI"]},{"damage_healed":0.0,"max_hp_gain":5.0,"max_hp_loss":0.0,"gold_gain":0.0,"event_name":"Forgotten Altar","player_choice":"Shed Blood","floor":30.0,"gold_loss":0.0,"damage_taken":25.0},{"damage_healed":0.0,"max_hp_gain":0.0,"max_hp_loss":0.0,"gold_gain":50.0,"event_name":"Golden Shrine","player_choice":"Pray","floor":31.0,"gold_loss":0.0,"damage_taken":0.0},{"cards_removed":["Defend_B"],"damage_healed":0.0,"max_hp_gain":0.0,"max_hp_loss":0.0,"gold_gain":0.0,"event_name":"Falling","player_choice":"Removed Skill","floor":37.0,"gold_loss":0.0,"damage_taken":0.0},{"damage_healed":0.0,"max_hp_gain":0.0,"max_hp_loss":4.0,"gold_gain":0.0,"event_name":"Winding Halls","player_choice":"Max HP","floor":38.0,"gold_loss":0.0,"damage_taken":0.0},{"damage_healed":0.0,"max_hp_gain":0.0,"max_hp_loss":0.0,"gold_gain":0.0,"event_name":"MindBloom","player_choice":"Fight","floor":45.0,"gold_loss":0.0,"damage_taken":0.0}],"is_beta":false,"boss_relics":[{"not_picked":["Empty Cage","Coffee Dripper"],"picked":"Sozu"},{"not_picked":["Velvet Choker","Tiny House"],"picked":"Nuclear Battery"}],"items_purged_floors":[19,36],"is_endless":false,"potions_floor_spawned":[4,6,10,13,14,18,22,27,35],"killed_by":"Reptomancer","ascension_level":19}