{"gold_per_floor":[119,137,155,167,86,86,98,118,118,118,135,135,146,158,158,256,256,274,287,307,321,321,353,365,365,365,390,15,49,49,66,66,167,167,182,202,217,229,239,239,272,272,272,54,72,104,104,114,114,114],"floor_reached":50,"playtime":8792,"items_purged":["Riddle With Holes+1"],"score":639,"play_id":"58193edc-b4a1-479d-8800-048492826704","local_time":"20190519144114","is_ascension_mode":false,"campfire_choices":[{"data":"Neutralize","floor":6.0,"key":"SMITH"},{"data":"Noxious Fumes","floor":10.0,"key":"SMITH"},{"data":"Footwork","floor":12.0,"key":"SMITH"},{"data":"Backflip","floor":15.0,"key":"SMITH"},{"data":"Footwork","floor":25.0,"key":"SMITH"},{"floor":30.0,"key":"REST"},{"data":"Catalyst","floor":32.0,"key":"SMITH"},{"data":"Blur","floor":40,"key":"SMITH"},{"data":"Blur","floor":42,"key":"SMITH"},{"floor":49,"key":"RECALL"}],"neow_cost":"NONE","seed_source_timestamp":0,"circlet_count":0,"master_deck":["Defend_G","Defend_G","Strike_G","Strike_G","Strike_G","Strike_G","Strike_G","Survivor","Neutralize+1","Cloak And Dagger","Backflip+1","Footwork+1","Noxious Fumes+1","Backflip","Backflip","Deadly Poison","Dodge and Roll","Burst+1","A Thousand Cuts+1","Dagger Throw+1","Blur+1","Dodge and Roll","Footwork+1","Catalyst+1","Dodge and Roll","Bane","Tools of the Trade","Blur+1","Leg Sweep+1","Blur","Dodge and Roll+1","Calculated Gamble+1","Burst","Noxious Fumes+1","Thinking Ahead"],"special_seed":0,"relics":["Ring of the Snake","NeowsBlessing","Bottled Tornado","Astrolabe","Kunai","MawBank","Mummified Hand","Blood Vial","Tingsha","Philosopher\u0027s Stone","PreservedInsect","Frozen Egg 2","Torii"],"potions_floor_usage":[41,45,50],"damage_taken":[{"damage":0.0,"enemies":"Small Slimes","floor":1.0,"turns":1.0},{"damage":0.0,"enemies":"Cultist","floor":2.0,"turns":1.0},{"damage":0.0,"enemies":"Jaw Worm","floor":3.0,"turns":1.0},{"damage":2.0,"enemies":"Looter","floor":4.0,"turns":4.0},{"damage":3.0,"enemies":"Red Slaver","floor":7.0,"turns":5.0},{"damage":8.0,"enemies":"2 Fungi Beasts","floor":8.0,"turns":5.0},{"damage":0.0,"enemies":"Blue Slaver","floor":11.0,"turns":5.0},{"damage":13.0,"enemies":"Lots of Slimes","floor":13.0,"turns":3.0},{"damage":0.0,"enemies":"2 Fungi Beasts","floor":14.0,"turns":4.0},{"damage":5.0,"enemies":"Hexaghost","floor":16.0,"turns":9.0},{"damage":0.0,"enemies":"Chosen","floor":18.0,"turns":5.0},{"damage":10.0,"enemies":"Spheric Guardian","floor":19.0,"turns":6.0},{"damage":4.0,"enemies":"Shelled Parasite and Fungi","floor":20.0,"turns":7.0},{"damage":16.0,"enemies":"3 Cultists","floor":21.0,"turns":5.0},{"damage":6.0,"enemies":"Gremlin Leader","floor":23.0,"turns":8.0},{"damage":2.0,"enemies":"Sentry and Sphere","floor":24.0,"turns":7.0},{"damage":12.0,"enemies":"Book of Stabbing","floor":27.0,"turns":10.0},{"damage":5.0,"enemies":"Slavers","floor":29.0,"turns":6.0},{"damage":0.0,"enemies":"Centurion and Healer","floor":31.0,"turns":7.0},{"damage":2.0,"enemies":"Champ","floor":33.0,"turns":15.0},{"damage":16.0,"enemies":"3 Darklings","floor":35.0,"turns":5.0},{"damage":10.0,"enemies":"3 Shapes","floor":36.0,"turns":4.0},{"damage":0.0,"enemies":"Writhing Mass","floor":37.0,"turns":6.0},{"damage":6,"enemies":"Jaw Worm Horde","floor":38,"turns":5},{"damage":15,"enemies":"3 Darklings","floor":39,"turns":6},{"damage":2,"enemies":"Nemesis","floor":41,"turns":7},{"damage":7,"enemies":"Transient","floor":45,"turns":5},{"damage":0,"enemies":"Giant Head","floor":46,"turns":8},{"damage":0,"enemies":"Maw","floor":48,"turns":7},{"damage":38,"enemies":"Awakened One","floor":50,"turns":3}],"seed_played":"-1025873334548496789","potions_obtained":[{"floor":2.0,"key":"Energy Potion"},{"floor":7.0,"key":"FearPotion"},{"floor":14.0,"key":"Block Potion"},{"floor":16.0,"key":"Dexterity Potion"},{"floor":19.0,"key":"Ancient Potion"},{"floor":23.0,"key":"Ancient Potion"},{"floor":27.0,"key":"Ancient Potion"},{"floor":29.0,"key":"LiquidBronze"},{"floor":39,"key":"Ancient Potion"},{"floor":41,"key":"GamblersBrew"},{"floor":45,"key":"Strength Potion"}],"is_trial":false,"path_per_floor":["M","M","M","M","$","R","M","M","T","R","M","R","M","M","R","B",null,"M","M","M","M","?","E","M","R","T","E","$","E","R","M","R","B",null,"M","M","M","M","M","R","E","R","T","$","M","E","?","M","R","B"],"character_chosen":"THE_SILENT","items_purchased":["Noxious Fumes","Backflip","Mummified Hand","Blood Vial","Burst"],"campfire_rested":1,"item_purchase_floors":[5,5,28,28,44],"current_hp_per_floor":[70,70,70,68,68,68,65,57,57,57,57,57,44,44,44,39,70,70,60,56,40,40,34,32,32,32,20,20,17,38,40,40,40,70,54,46,48,44,31,31,31,31,31,31,26,28,28,30,30,0],"gold":114,"neow_bonus":"THREE_ENEMY_KILL","is_prod":false,"is_daily":false,"chose_seed":false,"campfire_upgraded":8,"win_rate":0,"timestamp":1558287674,"path_taken":["M","M","M","M","$","R","M","M","T","R","M","R","M","M","R","BOSS","M","M","M","M","?","E","M","R","T","E","$","E","R","M","R","BOSS","M","?","M","M","M","R","E","R","T","$","M","E","?","M","R","BOSS"],"build_version":"2019-01-23","purchased_purges":1,"victory":false,"max_hp_per_floor":[70,70,70,70,70,70,70,70,70,70,70,70,70,70,70,70,70,70,70,70,70,70,70,70,70,70,70,70,70,70,70,70,70,70,70,70,70,70,70,70,70,70,70,70,70,70,70,70,70,70],"card_choices":[{"not_picked":["Underhanded Strike","Dagger Throw"],"picked":"Cloak And Dagger","floor":1.0},{"not_picked":["Setup","Predator","Underhanded Strike"],"picked":"SKIP","floor":2.0},{"not_picked":["Underhanded Strike","Masterful Stab"],"picked":"Backflip","floor":3.0},{"not_picked":["Deadly Poison","Infinite Blades"],"picked":"Footwork","floor":4.0},{"not_picked":["Dodge and Roll","Dagger Throw"],"picked":"Backflip","floor":7.0},{"not_picked":["Distraction","PiercingWail"],"picked":"Deadly Poison","floor":8.0},{"not_picked":["Quick Slash","Dagger Spray"],"picked":"Dodge and Roll","floor":11.0},{"not_picked":["Sucker Punch","Dagger Throw","Flying Knee"],"picked":"SKIP","floor":13.0},{"not_picked":["Flechettes","Heel Hook","Riddle With Holes"],"picked":"SKIP","floor":14.0},{"not_picked":["Storm of Steel","Night Terror"],"picked":"Burst","floor":16.0},{"not_picked":["Deadly Poison+1","Concentrate"],"picked":"Blur","floor":18.0},{"not_picked":["Caltrops","Escape Plan"],"picked":"Dodge and Roll","floor":19.0},{"not_picked":["Blade Dance","Sucker Punch","Dagger Spray"],"picked":"SKIP","floor":20.0},{"not_picked":["Escape Plan","Finisher+1"],"picked":"Footwork","floor":21.0},{"not_picked":["Poisoned Stab+1","PiercingWail+1"],"picked":"Catalyst","floor":23.0},{"not_picked":["Dagger Spray+1","Prepared"],"picked":"Dodge and Roll","floor":24.0},{"not_picked":["Storm of Steel","Doppelganger","Flying Knee"],"picked":"SKIP","floor":27.0},{"not_picked":["Distraction+1","Quick Slash","Outmaneuver+1"],"picked":"SKIP","floor":29.0},{"not_picked":["Underhanded Strike","Dagger Spray+1"],"picked":"Bane","floor":31.0},{"not_picked":["Doppelganger","Phantasmal Killer"],"picked":"Tools of the Trade","floor":33.0},{"not_picked":["Deflect","Acrobatics"],"picked":"Blur","floor":35.0},{"not_picked":["Accuracy+1","Infinite Blades"],"picked":"Leg Sweep+1","floor":36.0},{"not_picked":["Slice","Riddle With Holes+1"],"picked":"Blur","floor":37.0},{"not_picked":["Eviscerate","Outmaneuver"],"picked":"Dodge and Roll+1","floor":38},{"not_picked":["Sucker Punch","Acrobatics","Heel Hook+1"],"picked":"SKIP","floor":39},{"not_picked":["Outmaneuver+1","Dagger Throw+1"],"picked":"Calculated Gamble+1","floor":41},{"not_picked":["PiercingWail+1","Slice+1"],"picked":"Noxious Fumes+1","floor":45},{"not_picked":["Bane","Backstab","Dodge and Roll"],"picked":"SKIP","floor":46},{"not_picked":["Chrysalis","Bandage Up"],"picked":"Thinking Ahead","floor":47},{"not_picked":["Finisher","Cloak And Dagger+1","Quick Slash"],"picked":"SKIP","floor":48}],"player_experience":123794,"relics_obtained":[{"floor":9.0,"key":"Bottled Tornado"},{"floor":23.0,"key":"Kunai"},{"floor":27.0,"key":"MawBank"},{"floor":29.0,"key":"Tingsha"},{"floor":41,"key":"PreservedInsect"},{"floor":43,"key":"Frozen Egg 2"},{"floor":46,"key":"Torii"}],"event_choices":[{"damage_healed":0.0,"max_hp_gain":0.0,"max_hp_loss":0.0,"gold_gain":0.0,"event_name":"Upgrade Shrine","player_choice":"Upgraded","floor":22.0,"gold_loss":0.0,"damage_taken":0.0,"cards_upgraded":["Burst"]},{"damage_healed":0,"gold_gain":0,"player_choice":"Memory 1","damage_taken":0,"max_hp_gain":0,"max_hp_loss":0,"event_name":"SensoryStone","floor":47,"gold_loss":0}],"is_beta":false,"boss_relics":[{"not_picked":["HoveringKite","Velvet Choker"],"picked":"Astrolabe"},{"not_picked":["Busted Crown","Black Star"],"picked":"Philosopher\u0027s Stone"}],"items_purged_floors":[44],"is_endless":false,"potions_floor_spawned":[2,7,14,16,19,23,27,29,39,41,45],"killed_by":"Awakened One","ascension_level":0}