{"gold_per_floor":[367,317,317,327,345,345,371,387,412,427,427,437,25,41,41,138,138,152,152,152,169,185,185,213,213,213,228,262,276,276],"floor_reached":30,"playtime":1075,"items_purged":["Defend_G"],"score":370,"play_id":"54a0e429-9bce-4c5b-aadb-d30d7922fa2b","local_time":"20190324100052","is_ascension_mode":true,"campfire_choices":[{"data":"Cloak And Dagger","floor":6,"key":"SMITH"},{"data":"Skewer","floor":11,"key":"SMITH"},{"data":"Neutralize","floor":15,"key":"SMITH"},{"floor":23,"key":"REST"},{"floor":25,"key":"REST"}],"neow_cost":"CURSE","seed_source_timestamp":165390368017433,"circlet_count":0,"master_deck":["Defend_G","Defend_G","Strike_G","Strike_G","Strike_G","Strike_G","Survivor","Neutralize+1","Infinite Blades","Cloak And Dagger+1","All Out Attack","Cloak And Dagger","Skewer+1","Infinite Blades","Envenom+1","Deadly Poison","Expertise","Reflex","Bane+1","Accuracy","Decay","Dagger Spray","Tactician+1"],"relics":["Ring of the Snake","Regal Pillow","Centennial Puzzle","Gremlin Horn","Cursed Key","Smiling Mask","Ancient Tea Set","Tough Bandages"],"potions_floor_usage":[7,7,12,16,18,22,27,28],"damage_taken":[{"damage":1,"enemies":"Jaw Worm","floor":1,"turns":6},{"damage":0,"enemies":"2 Louse","floor":4,"turns":3},{"damage":1,"enemies":"Cultist","floor":5,"turns":4},{"damage":16,"enemies":"Gremlin Nob","floor":7,"turns":3},{"damage":0,"enemies":"2 Fungi Beasts","floor":8,"turns":3},{"damage":2,"enemies":"Looter","floor":10,"turns":3},{"damage":8,"enemies":"Exordium Thugs","floor":12,"turns":2},{"damage":0,"enemies":"2 Fungi Beasts","floor":14,"turns":2},{"damage":21,"enemies":"The Guardian","floor":16,"turns":12},{"damage":15,"enemies":"Spheric Guardian","floor":18,"turns":4},{"damage":10,"enemies":"Chosen","floor":21,"turns":5},{"damage":21,"enemies":"Snake Plant","floor":22,"turns":4},{"damage":27,"enemies":"Book of Stabbing","floor":24,"turns":5},{"damage":7,"enemies":"Snecko","floor":27,"turns":4},{"damage":39,"enemies":"Slavers","floor":28,"turns":4},{"damage":20,"enemies":"Centurion and Healer","floor":29,"turns":5},{"damage":15,"enemies":"Cultist and Chosen","floor":30,"turns":4}],"seed_played":"-2185407027550817534","potions_obtained":[{"floor":1,"key":"Strength Potion"},{"floor":4,"key":"Fire Potion"},{"floor":10,"key":"Explosive Potion"},{"floor":16,"key":"Regen Potion"},{"floor":18,"key":"Weak Potion"},{"floor":24,"key":"SkillPotion"},{"floor":27,"key":"FearPotion"}],"is_trial":false,"path_per_floor":["M","?","?","M","M","R","E","M","T","M","R","M","$","M","R","B",null,"M","?","?","M","M","R","E","R","T","M","E","M","M"],"character_chosen":"THE_SILENT","items_purchased":["Gremlin Horn","GhostInAJar"],"campfire_rested":2,"item_purchase_floors":[13,13],"current_hp_per_floor":[62,62,62,62,61,61,45,45,45,43,43,35,35,35,35,14,56,53,53,53,43,22,58,31,67,67,60,21,1,0],"gold":276,"neow_bonus":"TWO_FIFTY_GOLD","is_prod":false,"is_daily":false,"chose_seed":false,"campfire_upgraded":3,"win_rate":0,"timestamp":1553418052,"path_taken":["M","?","?","M","M","R","E","M","T","M","R","?","$","M","R","BOSS","M","?","?","M","M","R","E","R","T","M","E","M","M"],"build_version":"2019-01-23","purchased_purges":1,"victory":false,"max_hp_per_floor":[70,70,70,70,70,70,70,70,70,70,70,70,70,70,70,70,70,70,70,70,70,70,70,70,70,70,70,70,70,70],"card_choices":[{"not_picked":["Caltrops","Quick Slash"],"picked":"Infinite Blades","floor":1},{"not_picked":["Dagger Spray","Poisoned Stab"],"picked":"Cloak And Dagger","floor":4},{"not_picked":["Bane","Tactician","Dagger Throw"],"picked":"SKIP","floor":5},{"not_picked":["Slice","PiercingWail"],"picked":"All Out Attack","floor":7},{"not_picked":["Acrobatics","Bouncing Flask"],"picked":"Cloak And Dagger","floor":8},{"not_picked":["Slice","Poisoned Stab"],"picked":"Skewer","floor":10},{"not_picked":["Acrobatics","Deflect","Concentrate"],"picked":"SKIP","floor":12},{"not_picked":["Escape Plan","Storm of Steel"],"picked":"Infinite Blades","floor":14},{"not_picked":["Night Terror","Grand Finale"],"picked":"Envenom","floor":16},{"not_picked":["Flying Knee","Acrobatics"],"picked":"Deadly Poison","floor":18},{"not_picked":["Poisoned Stab","Outmaneuver+1","Bane"],"picked":"SKIP","floor":21},{"not_picked":["Acrobatics","Slice"],"picked":"Bane+1","floor":22},{"not_picked":["Prepared","Die Die Die"],"picked":"Accuracy","floor":24},{"not_picked":["Terror","Dagger Throw"],"picked":"Dagger Spray","floor":27},{"not_picked":["Storm of Steel","Dagger Throw","Choke+1"],"picked":"SKIP","floor":28},{"not_picked":["Outmaneuver+1","Blade Dance"],"picked":"Tactician+1","floor":29}],"player_experience":107950,"relics_obtained":[{"floor":7,"key":"Regal Pillow"},{"floor":9,"key":"Centennial Puzzle"},{"floor":24,"key":"Smiling Mask"},{"floor":26,"key":"Ancient Tea Set"},{"floor":28,"key":"Tough Bandages"}],"event_choices":[{"cards_removed":["Injury"],"damage_healed":0,"gold_gain":0,"player_choice":"Card Removal","damage_taken":0,"max_hp_gain":0,"max_hp_loss":0,"event_name":"The Cleric","floor":2,"gold_loss":50},{"cards_removed":["Defend_G"],"damage_healed":0,"gold_gain":0,"player_choice":"Purged","damage_taken":0,"max_hp_gain":0,"max_hp_loss":0,"event_name":"Purifier","floor":3,"gold_loss":0},{"damage_healed":0,"gold_gain":0,"cards_transformed":["Strike_G","Defend_G"],"player_choice":"Became Test Subject","damage_taken":0,"max_hp_gain":0,"max_hp_loss":0,"event_name":"Drug Dealer","floor":19,"gold_loss":0,"cards_obtained":["Expertise","Reflex"]},{"damage_healed":0,"gold_gain":0,"player_choice":"Upgraded","damage_taken":0,"max_hp_gain":0,"max_hp_loss":0,"event_name":"Upgrade Shrine","floor":20,"gold_loss":0,"cards_upgraded":["Envenom"]}],"is_beta":false,"boss_relics":[{"not_picked":["Runic Dome","Tiny House"],"picked":"Cursed Key"}],"items_purged_floors":[13],"is_endless":false,"potions_floor_spawned":[1,4,10,16,18,24,27],"killed_by":"Cultist and Chosen","ascension_level":7}