{"gold_per_floor":[109,284,284,297,372,407,407,420,500,500,520,520,33,44,44,146,146,158,177,177,177,28,58,72,97,97,97,8,8,8,34,34,129,129,145,60,72,72,88,88,113,126,126,6,25,45,96,96,96,96],"floor_reached":50,"playtime":4101,"items_purged":["Strike_G+1","Writhe"],"score":855,"play_id":"3a74e8f7-fa56-4e07-b20c-71f009ccb63c","local_time":"20190513153333","is_ascension_mode":true,"campfire_choices":[{"data":"Neutralize","floor":7,"key":"SMITH"},{"floor":10,"key":"REST"},{"data":"Skewer","floor":12,"key":"SMITH"},{"floor":15,"key":"REST"},{"floor":29,"key":"REST"},{"floor":32,"key":"REST"},{"floor":40,"key":"RECALL"},{"floor":49,"key":"REST"}],"neow_cost":"NONE","seed_source_timestamp":4411847679390,"circlet_count":0,"master_deck":["AscendersBane","Defend_G+1","Defend_G+1","Defend_G+1","Defend_G+1","Defend_G+1","Strike_G+1","Strike_G+1","Strike_G+1","Strike_G+1","Survivor","Neutralize+1","Dodge and Roll","Skewer+1","PiercingWail","Escape Plan","Endless Agony+1","Apotheosis","Backflip","Cloak And Dagger","Doppelganger","Blade Dance","Cloak And Dagger+1","Accuracy","Backstab+1","Crippling Poison","Outmaneuver","Wraith Form v2","Infinite Blades","A Thousand Cuts+1","Glass Knife","Leg Sweep","Infinite Blades+1","Calculated Gamble+1","Caltrops+1","Blade Dance+1","Accuracy+1","Finesse+1","Backflip+1","Cloak And Dagger+1","Infinite Blades+1"],"relics":["Ring of the Snake","Smiling Mask","Mercury Hourglass","Paper Crane","Sozu","MutagenicStrength","Bag of Marbles","Boot","Meat on the Bone","Frozen Egg 2","Whetstone","Fusion Hammer","Toxic Egg 2","Bird Faced Urn","PreservedInsect"],"potions_floor_usage":[16,20],"damage_taken":[{"damage":0,"enemies":"2 Louse","floor":1,"turns":2},{"damage":0,"enemies":"Small Slimes","floor":4,"turns":6},{"damage":38,"enemies":"3 Sentries","floor":6,"turns":16},{"damage":0,"enemies":"Jaw Worm","floor":8,"turns":5},{"damage":0,"enemies":"Exordium Wildlife","floor":11,"turns":3},{"damage":0,"enemies":"Looter","floor":14,"turns":3},{"damage":7,"enemies":"Hexaghost","floor":16,"turns":11},{"damage":0,"enemies":"3 Byrds","floor":18,"turns":6},{"damage":6,"enemies":"Shell Parasite","floor":19,"turns":4},{"damage":4,"enemies":"Colosseum Slavers","floor":20,"turns":6},{"damage":9,"enemies":"Slavers","floor":23,"turns":5},{"damage":12,"enemies":"Snecko","floor":24,"turns":4},{"damage":0,"enemies":"Gremlin Leader","floor":25,"turns":7},{"damage":17,"enemies":"Slavers","floor":31,"turns":5},{"damage":46,"enemies":"Collector","floor":33,"turns":8},{"damage":0,"enemies":"3 Shapes","floor":35,"turns":3},{"damage":0,"enemies":"3 Darklings","floor":37,"turns":3},{"damage":5,"enemies":"4 Shapes","floor":39,"turns":3},{"damage":7,"enemies":"Reptomancer","floor":41,"turns":6},{"damage":0,"enemies":"Jaw Worm Horde","floor":42,"turns":3},{"damage":0,"enemies":"3 Darklings","floor":45,"turns":5},{"damage":3,"enemies":"Sphere and 2 Shapes","floor":46,"turns":3},{"damage":9,"enemies":"2 Orb Walkers","floor":47,"turns":5},{"damage":98,"enemies":"Time Eater","floor":50,"turns":10}],"seed_played":"-5943923169653363949","potions_obtained":[{"floor":8,"key":"LiquidBronze"},{"floor":11,"key":"Fire Potion"}],"is_trial":false,"path_per_floor":["?","?","?","M","?","?","?","$","?","?","M","$","?","T"],"character_chosen":"THE_SILENT","items_purchased":["Apotheosis","Paper Crane","Backflip","Accuracy","Backstab","Infinite Blades","Infinite Blades+1","Accuracy+1","Finesse+1"],"campfire_rested":5,"item_purchase_floors":[13,13,13,22,22,28,36,44,44],"current_hp_per_floor":[70,70,70,70,59,21,21,21,21,44,44,44,44,44,67,60,73,73,67,63,63,63,54,42,42,42,42,42,65,65,48,71,37,67,67,67,67,77,72,72,65,65,65,65,65,62,53,53,76,0],"gold":96,"neow_bonus":"TEN_PERCENT_HP_BONUS","is_prod":false,"is_daily":false,"chose_seed":false,"campfire_upgraded":2,"win_rate":0,"timestamp":1557776013,"path_taken":["M","?","?","M","?","E","R","?","T","R","M","R","$","M","R","BOSS","M","M","?","?","$","E","M","E","T","?","?","R","?","E","R","BOSS","M","$","M","?","?","R","E","M","T","?","M","M","?","?","R","BOSS"],"build_version":"2019-01-23","purchased_purges":2,"victory":false,"max_hp_per_floor":[77,77,77,77,77,77,77,77,77,77,77,77,77,77,77,77,77,77,77,77,77,77,77,77,77,77,77,77,77,77,77,77,77,77,77,77,77,77,77,77,77,77,77,77,77,77,77,77,77,77],"card_choices":[{"not_picked":["Dagger Spray","Poisoned Stab"],"picked":"Dodge and Roll","floor":1},{"not_picked":["Reflex","Flying Knee"],"picked":"Skewer","floor":4},{"not_picked":["Flying Knee","Blade Dance"],"picked":"PiercingWail","floor":6},{"not_picked":["Blade Dance","PiercingWail"],"picked":"Escape Plan","floor":8},{"not_picked":["Outmaneuver","Setup"],"picked":"Endless Agony","floor":11},{"not_picked":["Slice","Backflip"],"picked":"Cloak And Dagger","floor":14},{"not_picked":["Bullet Time","Die Die Die"],"picked":"Doppelganger","floor":16},{"not_picked":["Dagger Throw+1","All Out Attack+1"],"picked":"Blade Dance","floor":18},{"not_picked":["Dagger Spray","Quick Slash"],"picked":"Cloak And Dagger+1","floor":19},{"not_picked":["Tactician","Sucker Punch"],"picked":"Crippling Poison","floor":23},{"not_picked":["Quick Slash","Bane"],"picked":"Outmaneuver","floor":24},{"not_picked":["Poisoned Stab","Sucker Punch"],"picked":"Wraith Form v2","floor":25},{"not_picked":["Acrobatics+1","Flying Knee"],"picked":"A Thousand Cuts+1","floor":31},{"not_picked":["Unload","Venomology"],"picked":"Glass Knife","floor":33},{"not_picked":["Sucker Punch","Bane+1"],"picked":"Leg Sweep","floor":35},{"not_picked":["Slice","Flying Knee"],"picked":"Calculated Gamble+1","floor":37},{"not_picked":["Dagger Throw","Skewer+1"],"picked":"Caltrops+1","floor":39},{"not_picked":["Dagger Spray","All Out Attack+1"],"picked":"Blade Dance","floor":41},{"not_picked":["Dagger Throw+1","Bane","Quick Slash"],"picked":"SKIP","floor":42},{"not_picked":["PiercingWail+1","Deadly Poison+1"],"picked":"Backflip+1","floor":45},{"not_picked":["Poisoned Stab+1","Flechettes+1"],"picked":"Cloak And Dagger+1","floor":46},{"not_picked":["Distraction+1","Dagger Spray+1"],"picked":"Infinite Blades+1","floor":47}],"player_experience":449057,"relics_obtained":[{"floor":6,"key":"Smiling Mask"},{"floor":9,"key":"Mercury Hourglass"},{"floor":23,"key":"Bag of Marbles"},{"floor":25,"key":"Boot"},{"floor":26,"key":"Meat on the Bone"},{"floor":31,"key":"Whetstone"},{"floor":41,"key":"Toxic Egg 2"},{"floor":47,"key":"Bird Faced Urn"},{"floor":48,"key":"PreservedInsect"}],"event_choices":[{"damage_healed":0,"gold_gain":175,"player_choice":"AGREE","damage_taken":0,"max_hp_gain":0,"max_hp_loss":0,"event_name":"Liars Game","floor":2,"gold_loss":0,"cards_obtained":["Doubt"]},{"cards_removed":["Doubt"],"damage_healed":0,"gold_gain":0,"player_choice":"Forget","damage_taken":0,"max_hp_gain":0,"max_hp_loss":0,"event_name":"Living Wall","floor":3,"gold_loss":0},{"damage_healed":0,"gold_gain":75,"player_choice":"Gather Gold","damage_taken":11,"max_hp_gain":0,"max_hp_loss":0,"event_name":"World of Goop","floor":5,"gold_loss":0},{"damage_healed":0,"gold_gain":0,"player_choice":"Fight","damage_taken":0,"max_hp_gain":0,"max_hp_loss":0,"event_name":"Colosseum","floor":20,"gold_loss":0},{"damage_healed":0,"gold_gain":0,"player_choice":"Fled From Nobs","damage_taken":0,"max_hp_gain":0,"max_hp_loss":0,"event_name":"Colosseum","floor":20,"gold_loss":0},{"damage_healed":0,"gold_gain":0,"player_choice":"Inject Mutagens","damage_taken":0,"relics_obtained":["MutagenicStrength"],"max_hp_gain":0,"max_hp_loss":0,"event_name":"Drug Dealer","floor":21,"gold_loss":0},{"damage_healed":0,"gold_gain":0,"player_choice":"Simplicity","damage_taken":0,"max_hp_gain":0,"max_hp_loss":0,"event_name":"Back to Basics","floor":27,"gold_loss":0,"cards_upgraded":["Defend_G","Defend_G","Defend_G","Defend_G","Defend_G","Strike_G","Strike_G","Strike_G","Strike_G","Strike_G"]},{"damage_healed":0,"gold_gain":0,"player_choice":"Opened","damage_taken":0,"relics_obtained":["Frozen Egg 2"],"max_hp_gain":0,"max_hp_loss":0,"event_name":"The Mausoleum","floor":30,"gold_loss":0,"cards_obtained":["Writhe"]},{"damage_healed":10,"gold_gain":0,"player_choice":"Full Heal","damage_taken":0,"max_hp_gain":0,"max_hp_loss":0,"event_name":"Wheel of Change","floor":38,"gold_loss":0},{"damage_healed":0,"gold_gain":0,"player_choice":"Fight","damage_taken":0,"max_hp_gain":0,"max_hp_loss":0,"event_name":"Mysterious Sphere","floor":47,"gold_loss":0}],"is_beta":false,"boss_relics":[{"not_picked":["Coffee Dripper","Empty Cage"],"picked":"Sozu"},{"not_picked":["Pandora\u0027s Box","Ring of the Serpent"],"picked":"Fusion Hammer"}],"items_purged_floors":[28,36],"is_endless":false,"potions_floor_spawned":[8,11,23,31,33,35,39,47],"killed_by":"Time Eater","ascension_level":10}