{"gold_per_floor":[117,133,147,158,170,199,54,54,81,81,111,11,11,26,26,129,129,98,98,98,98,110,110],"floor_reached":23,"playtime":3263,"items_purged":["Defend_G","Strike_G"],"score":211,"play_id":"00422685-7f1c-451f-96e1-d7a07f5deb0b","local_time":"20190220214555","is_ascension_mode":true,"campfire_choices":[{"data":"Infinite Blades","floor":8.0,"key":"SMITH"},{"data":"Footwork","floor":10.0,"key":"SMITH"},{"floor":13.0,"key":"REST"},{"floor":15.0,"key":"REST"}],"neow_cost":"NONE","seed_source_timestamp":0,"circlet_count":0,"master_deck":["Defend_G","Defend_G","Defend_G","Defend_G","Strike_G","Strike_G","Strike_G","Strike_G","Survivor","Neutralize","Blade Dance","Cloak And Dagger","Prepared","Escape Plan","Adrenaline","Footwork+1","Infinite Blades+1","Backstab","After Image","Doubt","Pain","Decay","Dagger Spray","Necronomicurse","Blade Dance"],"special_seed":0,"relics":["Ring of the Snake","Centennial Puzzle","Strawberry","Happy Flower","Calling Bell","Ancient Tea Set","Pantograph","Bird Faced Urn","Necronomicon"],"potions_floor_usage":[23],"damage_taken":[{"damage":1.0,"enemies":"Jaw Worm","floor":1.0,"turns":8.0},{"damage":0.0,"enemies":"2 Louse","floor":2.0,"turns":2.0},{"damage":0.0,"enemies":"Cultist","floor":3.0,"turns":4.0},{"damage":6.0,"enemies":"Red Slaver","floor":4.0,"turns":4.0},{"damage":0.0,"enemies":"Blue Slaver","floor":5.0,"turns":5.0},{"damage":21.0,"enemies":"Lagavulin","floor":6.0,"turns":14.0},{"damage":44.0,"enemies":"Gremlin Nob","floor":11.0,"turns":6.0},{"damage":3.0,"enemies":"Lots of Slimes","floor":14.0,"turns":5.0},{"damage":54.0,"enemies":"Slime Boss","floor":16.0,"turns":16.0},{"damage":7.0,"enemies":"2 Thieves","floor":18.0,"turns":5.0},{"damage":35,"enemies":"Chosen","floor":22,"turns":9},{"damage":42,"enemies":"Book of Stabbing","floor":23,"turns":8}],"seed_played":"8059908229570747188","potions_obtained":[{"floor":2.0,"key":"Poison Potion"},{"floor":4.0,"key":"Dexterity Potion"},{"floor":6.0,"key":"Regen Potion"},{"floor":18.0,"key":"SkillPotion"}],"is_trial":false,"path_per_floor":["M","M","M","M","M","E","$","R","T","R","E","$","R","M","R","B",null,"M","?","?","$","M","E"],"character_chosen":"THE_SILENT","items_purchased":["Infinite Blades"],"campfire_rested":2,"item_purchase_floors":[7],"current_hp_per_floor":[76,76,76,70,70,49,49,49,56,56,26,26,51,48,73,19,84,79,79,63,63,34,0],"gold":110,"neow_bonus":"TEN_PERCENT_HP_BONUS","is_prod":false,"is_daily":false,"chose_seed":false,"campfire_upgraded":2,"win_rate":0,"timestamp":1550727955,"path_taken":["M","M","M","M","M","E","$","R","T","R","E","$","R","M","R","BOSS","M","?","?","?","M","E"],"build_version":"2019-01-23","purchased_purges":2,"victory":false,"max_hp_per_floor":[77,77,77,77,77,77,77,77,84,84,84,84,84,84,84,84,84,84,84,84,84,84,84],"card_choices":[{"not_picked":["Prepared","Dagger Throw"],"picked":"Blade Dance","floor":1.0},{"not_picked":["Underhanded Strike","Dagger Throw"],"picked":"Cloak And Dagger","floor":2.0},{"not_picked":["Dodge and Roll","Slice"],"picked":"Prepared","floor":3.0},{"not_picked":["Acrobatics","Underhanded Strike"],"picked":"Escape Plan","floor":4.0},{"not_picked":["Endless Agony","Slice"],"picked":"Adrenaline","floor":5.0},{"not_picked":["Dagger Throw","Deflect"],"picked":"Footwork","floor":6.0},{"not_picked":["Outmaneuver","Sucker Punch"],"picked":"Backstab","floor":11.0},{"not_picked":["Bouncing Flask","Predator","Slice"],"picked":"SKIP","floor":14.0},{"not_picked":["Night Terror","Doppelganger"],"picked":"After Image","floor":16.0},{"not_picked":["Dodge and Roll","Acrobatics","Flechettes"],"picked":"SKIP","floor":18.0},{"not_picked":["Masterful Stab","Cloak And Dagger"],"picked":"Blade Dance","floor":22}],"player_experience":77204,"relics_obtained":[{"floor":6.0,"key":"Centennial Puzzle"},{"floor":9.0,"key":"Strawberry"},{"floor":11.0,"key":"Happy Flower"},{"floor":17.0,"key":"Ancient Tea Set"},{"floor":17.0,"key":"Pantograph"},{"floor":17.0,"key":"Bird Faced Urn"},{"floor":20.0,"key":"Necronomicon"}],"event_choices":[{"damage_healed":0.0,"max_hp_gain":0.0,"max_hp_loss":0.0,"gold_gain":0.0,"event_name":"The Library","player_choice":"Read","floor":19.0,"gold_loss":0.0,"damage_taken":0.0,"cards_obtained":["Dagger Spray"]},{"damage_healed":0.0,"max_hp_gain":0.0,"max_hp_loss":0.0,"gold_gain":0.0,"event_name":"Cursed Tome","player_choice":"Obtained Book","floor":20.0,"gold_loss":0.0,"damage_taken":16.0}],"is_beta":false,"boss_relics":[{"not_picked":["Ring of the Serpent","Eternal Feather"],"picked":"Calling Bell"}],"items_purged_floors":[7,12],"is_endless":false,"potions_floor_spawned":[2,4,6,18],"killed_by":"Book of Stabbing","ascension_level":1}