{"gold_per_floor":[369,389,406,481,79,79,109,109,109,126,126,156,172,200,200,200],"floor_reached":16,"playtime":402,"items_purged":["Strike_R"],"score":154,"play_id":"55f5ac6e-cce8-4d5a-aaf5-ed8088ac736a","local_time":"20190401171122","is_ascension_mode":true,"campfire_choices":[{"data":"Bash","floor":6,"key":"SMITH"},{"data":"Limit Break","floor":8,"key":"SMITH"},{"data":"Sword Boomerang","floor":11,"key":"SMITH"},{"floor":15,"key":"REST"}],"neow_cost":"TEN_PERCENT_HP_LOSS","seed_source_timestamp":879531533069826,"circlet_count":0,"master_deck":["Strike_R","Strike_R","Strike_R","Strike_R","Defend_R","Defend_R","Defend_R","Defend_R","Bash+1","Dropkick","Sword Boomerang+1","Limit Break+1","Thunderclap","Rage","Iron Wave"],"relics":["Burning Blood","Tiny Chest","Letter Opener","Anchor","Lantern","Potion Belt"],"potions_floor_usage":[7,7,14,16],"damage_taken":[{"damage":7,"enemies":"Small Slimes","floor":1,"turns":4},{"damage":7,"enemies":"Jaw Worm","floor":2,"turns":3},{"damage":1,"enemies":"2 Louse","floor":3,"turns":3},{"damage":35,"enemies":"Lagavulin","floor":7,"turns":4},{"damage":1,"enemies":"2 Fungi Beasts","floor":10,"turns":3},{"damage":0,"enemies":"Looter","floor":13,"turns":2},{"damage":25,"enemies":"3 Sentries","floor":14,"turns":7},{"damage":53,"enemies":"Slime Boss","floor":16,"turns":9}],"seed_played":"-1261309143841881084","potions_obtained":[{"floor":1,"key":"Explosive Potion"},{"floor":2,"key":"BloodPotion"},{"floor":3,"key":"Strength Potion"},{"floor":14,"key":"Swift Potion"}],"is_trial":false,"path_per_floor":["M","M","M","?","$","R","E","R","T","M","R","?","M","E","R","B"],"character_chosen":"IRONCLAD","items_purchased":["Limit Break","Thunderclap","Tiny Chest"],"campfire_rested":1,"item_purchase_floors":[5,5,5],"current_hp_per_floor":[71,70,72,61,61,61,39,39,39,44,44,44,50,31,52,0],"gold":200,"neow_bonus":"TWO_FIFTY_GOLD","is_prod":false,"is_daily":false,"chose_seed":false,"campfire_upgraded":3,"win_rate":0,"timestamp":1554131482,"path_taken":["M","M","M","?","$","R","E","R","T","M","R","?","M","E","R","BOSS"],"build_version":"2019-01-23","purchased_purges":1,"victory":false,"max_hp_per_floor":[72,72,72,72,72,72,72,72,72,72,72,72,72,72,72,72],"card_choices":[{"not_picked":["Clothesline","Fire Breathing"],"picked":"Dropkick","floor":1},{"not_picked":["Warcry","Clash"],"picked":"Sword Boomerang","floor":2},{"not_picked":["Hemokinesis","Pummel","Twin Strike"],"picked":"SKIP","floor":3},{"not_picked":["Reaper","Clothesline","Power Through"],"picked":"SKIP","floor":7},{"not_picked":["Wild Strike","Perfected Strike","Havoc"],"picked":"SKIP","floor":10},{"not_picked":["Wild Strike","Warcry"],"picked":"Rage","floor":13},{"not_picked":["Wild Strike","Thunderclap"],"picked":"Iron Wave","floor":14}],"player_experience":128466,"relics_obtained":[{"floor":7,"key":"Letter Opener"},{"floor":9,"key":"Anchor"},{"floor":14,"key":"Potion Belt"}],"event_choices":[{"damage_healed":0,"gold_gain":75,"player_choice":"Gather Gold","damage_taken":11,"max_hp_gain":0,"max_hp_loss":0,"event_name":"World of Goop","floor":4,"gold_loss":0},{"damage_healed":0,"gold_gain":30,"player_choice":"Searched \u00273\u0027 times","damage_taken":0,"relics_obtained":["Lantern"],"max_hp_gain":0,"max_hp_loss":0,"event_name":"Dead Adventurer","floor":12,"gold_loss":0}],"is_beta":false,"boss_relics":[],"items_purged_floors":[5],"is_endless":false,"potions_floor_spawned":[1,2,3,14],"killed_by":"Slime Boss","ascension_level":8}