{"gold_per_floor":[113,288,304,304,12,51,51,89,138,153,197,48,48,63,63,182,182,202,202,112,128,144,42,83,83,83,102,121,134,134,165,165,289,289,307,20,34,54,387,413,413,427,504,530,530,0,0,19,19,19],"floor_reached":51,"playtime":2480,"items_purged":["Defend_G"],"score":1184,"play_id":"414e51f9-a30b-45f4-b208-252beae33b3c","local_time":"20190403194629","is_ascension_mode":true,"campfire_choices":[{"data":"Neutralize","floor":7,"key":"SMITH"},{"floor":13,"key":"REST"},{"data":"Sucker Punch","floor":15,"key":"SMITH"},{"data":"Dagger Spray","floor":25,"key":"SMITH"},{"data":"Cloak And Dagger","floor":30,"key":"SMITH"},{"data":"Dagger Spray","floor":32,"key":"SMITH"},{"data":"Backstab","floor":41,"key":"SMITH"},{"data":"1","floor":45,"key":"LIFT"},{"data":"Prepared","floor":47,"key":"SMITH"},{"floor":49,"key":"REST"}],"neow_cost":"NONE","seed_source_timestamp":108437109927351,"circlet_count":0,"master_deck":["Defend_G","Defend_G","Defend_G","Strike_G","Strike_G","Strike_G","Strike_G","Survivor","Neutralize+1","Dodge and Roll","Sucker Punch","Well Laid Plans","Sucker Punch+1","Backstab+1","Prepared+1","Backstab","Bullet Time","Backflip","Cloak And Dagger+1","Tools of the Trade+1","Dagger Spray+1","Dagger Spray+1","Reflex+1","Heel Hook","Bullet Time","Backflip","Backstab+1","Escape Plan+1","Skewer"],"relics":["Ring of the Snake","NeowsBlessing","Paper Crane","Art of War","Anchor","Bag of Marbles","Centennial Puzzle","Vajra","Busted Crown","Incense Burner","Dead Branch","Smiling Mask","WristBlade","Bottled Flame","Ancient Tea Set","Question Card","Girya","Red Mask"],"potions_floor_usage":[8,16,33,33,40,50,50],"damage_taken":[{"damage":0,"enemies":"Small Slimes","floor":1,"turns":1},{"damage":0,"enemies":"2 Louse","floor":3,"turns":1},{"damage":0,"enemies":"Lagavulin","floor":6,"turns":1},{"damage":34,"enemies":"3 Sentries","floor":8,"turns":16},{"damage":0,"enemies":"Jaw Worm","floor":10,"turns":3},{"damage":11,"enemies":"Lagavulin","floor":11,"turns":9},{"damage":0,"enemies":"Red Slaver","floor":14,"turns":1},{"damage":23,"enemies":"The Guardian","floor":16,"turns":18},{"damage":0,"enemies":"Chosen","floor":18,"turns":4},{"damage":0,"enemies":"2 Thieves","floor":21,"turns":3},{"damage":3,"enemies":"Shelled Parasite and Fungi","floor":22,"turns":6},{"damage":2,"enemies":"Slavers","floor":24,"turns":4},{"damage":3,"enemies":"Centurion and Healer","floor":27,"turns":4},{"damage":2,"enemies":"3 Cultists","floor":28,"turns":4},{"damage":0,"enemies":"Snake Plant","floor":29,"turns":3},{"damage":5,"enemies":"Book of Stabbing","floor":31,"turns":5},{"damage":35,"enemies":"Automaton","floor":33,"turns":11},{"damage":2,"enemies":"3 Darklings","floor":35,"turns":3},{"damage":0,"enemies":"Orb Walker","floor":37,"turns":1},{"damage":0,"enemies":"Transient","floor":38,"turns":5},{"damage":5,"enemies":"Reptomancer","floor":40,"turns":5},{"damage":0,"enemies":"Writhing Mass","floor":42,"turns":4},{"damage":1,"enemies":"Giant Head","floor":44,"turns":7},{"damage":1,"enemies":"Maw","floor":48,"turns":5},{"damage":24,"enemies":"Awakened One","floor":50,"turns":10}],"seed_played":"-2450551962444385971","potions_obtained":[{"floor":1,"key":"FearPotion"},{"floor":11,"key":"Regen Potion"},{"floor":16,"key":"SkillPotion"},{"floor":21,"key":"Ancient Potion"},{"floor":27,"key":"AttackPotion"},{"floor":37,"key":"Dexterity Potion"},{"floor":38,"key":"FearPotion"},{"floor":42,"key":"Block Potion"}],"is_trial":false,"path_per_floor":["M","?","M","?","$","E","R","E","T","M","E","$","R","M","R","B",null,"M","?","?","M","M","$","E","R","T","M","M","M","R","E","R","B",null,"M","$","M","M","?","E","R","M","T","E","R","?","R","M","R","B",null],"character_chosen":"THE_SILENT","items_purchased":["Paper Crane","Well Laid Plans","Vajra","Dagger Spray","Backflip","Bottled Flame"],"campfire_rested":2,"item_purchase_floors":[5,5,12,23,36,36],"current_hp_per_floor":[63,63,63,46,46,46,46,12,12,12,1,1,22,22,22,14,56,56,56,56,56,53,53,51,51,51,48,46,46,46,41,41,6,54,52,52,52,52,52,47,47,47,47,46,46,46,46,45,66,42],"gold":19,"neow_bonus":"THREE_ENEMY_KILL","is_prod":false,"is_daily":false,"chose_seed":false,"campfire_upgraded":7,"win_rate":0,"timestamp":1554313589,"path_taken":["M","?","M","?","$","E","R","E","T","M","E","$","R","M","R","BOSS","M","?","?","M","M","$","E","R","T","?","M","?","R","E","R","BOSS","M","$","M","M","?","E","R","M","T","E","R","?","R","M","R","BOSS"],"build_version":"2019-01-23","purchased_purges":1,"victory":true,"max_hp_per_floor":[70,70,70,70,70,70,70,70,70,70,70,70,70,70,70,70,70,70,70,70,70,70,70,70,70,70,70,70,70,70,70,70,70,70,70,70,70,70,70,70,70,70,70,70,70,70,70,70,70,70],"card_choices":[{"not_picked":["Heel Hook","Underhanded Strike"],"picked":"Dodge and Roll","floor":1},{"not_picked":["Outmaneuver","Leg Sweep"],"picked":"Sucker Punch","floor":3},{"not_picked":["Catalyst","Flying Knee"],"picked":"Sucker Punch","floor":6},{"not_picked":["Outmaneuver","Poisoned Stab"],"picked":"Backstab","floor":8},{"not_picked":["Dodge and Roll","Die Die Die"],"picked":"Prepared","floor":10},{"not_picked":["Doppelganger","Masterful Stab"],"picked":"Backstab","floor":11},{"not_picked":["Well Laid Plans","Flying Knee","Bane"],"picked":"SKIP","floor":14},{"not_picked":["Tools of the Trade","Wraith Form v2"],"picked":"Bullet Time","floor":16},{"not_picked":[],"picked":"Backflip","floor":18},{"not_picked":[],"picked":"Dagger Spray","floor":21},{"not_picked":["Underhanded Strike"],"picked":"SKIP","floor":22},{"not_picked":["Deflect"],"picked":"SKIP","floor":24},{"not_picked":[],"picked":"Reflex+1","floor":27},{"not_picked":[],"picked":"Heel Hook","floor":28},{"not_picked":["Dodge and Roll"],"picked":"SKIP","floor":29},{"not_picked":["Flechettes"],"picked":"SKIP","floor":31},{"not_picked":[],"picked":"Bullet Time","floor":33},{"not_picked":["Distraction"],"picked":"SKIP","floor":35},{"not_picked":["Flying Knee+1"],"picked":"SKIP","floor":37},{"not_picked":["Bane+1"],"picked":"SKIP","floor":38},{"not_picked":[],"picked":"Backstab+1","floor":40},{"not_picked":["Dodge and Roll+1"],"picked":"SKIP","floor":42},{"not_picked":["Quick Slash+1"],"picked":"Escape Plan+1","floor":44},{"not_picked":["Riddle With Holes"],"picked":"Skewer","floor":48}],"player_experience":137631,"relics_obtained":[{"floor":6,"key":"Art of War"},{"floor":8,"key":"Anchor"},{"floor":9,"key":"Bag of Marbles"},{"floor":11,"key":"Centennial Puzzle"},{"floor":24,"key":"Incense Burner"},{"floor":26,"key":"Dead Branch"},{"floor":31,"key":"Smiling Mask"},{"floor":40,"key":"Ancient Tea Set"},{"floor":43,"key":"Question Card"},{"floor":44,"key":"Girya"}],"event_choices":[{"damage_healed":0,"gold_gain":175,"player_choice":"AGREE","damage_taken":0,"max_hp_gain":0,"max_hp_loss":0,"event_name":"Liars Game","floor":2,"gold_loss":0,"cards_obtained":["Doubt"]},{"damage_healed":0,"gold_gain":0,"player_choice":"Take Damage","damage_taken":17,"relics_obtained":["Golden Idol"],"max_hp_gain":0,"max_hp_loss":0,"event_name":"Golden Idol","floor":4,"gold_loss":0},{"damage_healed":0,"gold_gain":0,"cards_transformed":["Defend_G","Strike_G"],"player_choice":"Became Test Subject","damage_taken":0,"max_hp_gain":0,"max_hp_loss":0,"event_name":"Drug Dealer","floor":19,"gold_loss":0,"cards_obtained":["Cloak And Dagger","Tools of the Trade"]},{"cards_removed":["Doubt"],"damage_healed":0,"gold_gain":0,"player_choice":"Upgrade and Remove","damage_taken":0,"max_hp_gain":0,"max_hp_loss":0,"event_name":"Designer","floor":20,"gold_loss":90,"cards_upgraded":["Tools of the Trade"]},{"damage_healed":0,"gold_gain":333,"player_choice":"Gave Idol","damage_taken":0,"max_hp_gain":0,"max_hp_loss":0,"event_name":"The Moai Head","floor":39,"relics_lost":["Golden Idol"],"gold_loss":0},{"damage_healed":0,"gold_gain":0,"player_choice":"Paid","damage_taken":0,"relics_obtained":["Red Mask"],"max_hp_gain":0,"max_hp_loss":0,"event_name":"Tomb of Lord Red Mask","floor":46,"gold_loss":530}],"is_beta":false,"boss_relics":[{"not_picked":["Pandora\u0027s Box","Empty Cage"],"picked":"Busted Crown"},{"not_picked":["Orrery","Eternal Feather"],"picked":"WristBlade"}],"items_purged_floors":[23],"is_endless":false,"potions_floor_spawned":[1,11,16,21,27,31,37,38,42],"ascension_level":9}