{"gold_per_floor":[19,32,207,207,220,220,253,29,29,62,82,111,123,23,23,127,127,147,147,127,140,158,158,158,170,170,7,18,18,18,30,30,30],"floor_reached":33,"playtime":1298,"items_purged":["Doubt","Strike_R","Strike_R"],"score":390,"play_id":"27e0d53f-73dd-4397-b5dd-6ba60acfebeb","local_time":"20190404195127","is_ascension_mode":true,"campfire_choices":[{"data":"Bash","floor":6,"key":"SMITH"},{"data":"Armaments","floor":15,"key":"SMITH"},{"data":"Barricade","floor":23,"key":"SMITH"},{"data":"1","floor":32,"key":"LIFT"}],"neow_cost":"NO_GOLD","seed_source_timestamp":196339371809381,"circlet_count":0,"master_deck":["Strike_R","Defend_R","Defend_R","Defend_R","Defend_R","Bash+1","Headbutt","Battle Trance","Cleave","True Grit","Armaments+1","Heavy Blade","Barricade+1","Flame Barrier+1","Shrug It Off","Inflame","Body Slam"],"relics":["Burning Blood","Turnip","Mummified Hand","Mercury Hourglass","Oddly Smooth Stone","Gremlin Horn","Bottled Flame","Girya","Empty Cage","Dodecahedron"],"potions_floor_usage":[16,18,21,22,24,28,33,33],"damage_taken":[{"damage":0,"enemies":"Small Slimes","floor":1,"turns":4},{"damage":12,"enemies":"Jaw Worm","floor":2,"turns":3},{"damage":6,"enemies":"Cultist","floor":5,"turns":4},{"damage":55,"enemies":"Lagavulin","floor":7,"turns":7},{"damage":16,"enemies":"Gremlin Nob","floor":10,"turns":3},{"damage":11,"enemies":"Exordium Thugs","floor":11,"turns":4},{"damage":6,"enemies":"3 Sentries","floor":12,"turns":3},{"damage":0,"enemies":"3 Louse","floor":13,"turns":2},{"damage":9,"enemies":"Hexaghost","floor":16,"turns":13},{"damage":43,"enemies":"3 Byrds","floor":18,"turns":5},{"damage":17,"enemies":"Colosseum Slavers","floor":19,"turns":4},{"damage":0,"enemies":"Chosen","floor":21,"turns":5},{"damage":0,"enemies":"Snecko","floor":22,"turns":8},{"damage":0,"enemies":"Snake Plant","floor":24,"turns":1},{"damage":3,"enemies":"Centurion and Healer","floor":25,"turns":12},{"damage":1,"enemies":"3 Cultists","floor":28,"turns":4},{"damage":0,"enemies":"Snecko","floor":31,"turns":6},{"damage":54,"enemies":"Collector","floor":33,"turns":7}],"seed_played":"1301868052231064548","potions_obtained":[{"floor":1,"key":"Ancient Potion"},{"floor":12,"key":"Dexterity Potion"},{"floor":13,"key":"Ancient Potion"},{"floor":16,"key":"Fruit Juice"},{"floor":18,"key":"Energy Potion"},{"floor":20,"key":"SmokeBomb"},{"floor":25,"key":"AttackPotion"},{"floor":28,"key":"SpeedPotion"},{"floor":31,"key":"Block Potion"}],"is_trial":false,"path_per_floor":["M","M","?","?","M","R","E","$","T","E","M","E","M","$","R","B",null,"M","?","?","M","M","R","M","M","T","$","M","$","?","M","R","B"],"character_chosen":"IRONCLAD","items_purchased":["Oddly Smooth Stone","Inflame"],"campfire_rested":0,"item_purchase_floors":[8,27],"current_hp_per_floor":[78,72,72,72,72,72,23,23,23,13,8,8,14,14,14,11,63,31,20,20,26,32,32,38,41,41,41,46,46,46,52,52,0],"gold":30,"neow_bonus":"ONE_RARE_RELIC","is_prod":false,"is_daily":false,"chose_seed":false,"campfire_upgraded":3,"win_rate":0,"timestamp":1554400287,"path_taken":["M","M","?","?","M","R","E","$","T","E","M","E","?","?","R","BOSS","M","?","?","M","?","R","M","M","T","$","M","?","?","?","R","BOSS"],"build_version":"2019-01-23","purchased_purges":3,"victory":false,"max_hp_per_floor":[80,80,80,80,80,80,80,80,80,80,80,80,80,80,80,80,80,85,85,85,85,85,85,85,85,85,85,85,85,85,85,85,85],"card_choices":[{"not_picked":["Hemokinesis","Twin Strike"],"picked":"Headbutt","floor":1},{"not_picked":["Hemokinesis","Shockwave","Perfected Strike"],"picked":"SKIP","floor":2},{"not_picked":["Havoc","Thunderclap"],"picked":"Battle Trance","floor":5},{"not_picked":["Headbutt","Feel No Pain"],"picked":"Cleave","floor":7},{"not_picked":["Flex","Wild Strike"],"picked":"True Grit","floor":10},{"not_picked":["Uppercut","Thunderclap"],"picked":"Armaments","floor":11},{"not_picked":["Intimidate","Clash"],"picked":"Heavy Blade","floor":12},{"not_picked":["Heavy Blade","Power Through","Blood for Blood"],"picked":"SKIP","floor":13},{"not_picked":["Impervious","Double Tap"],"picked":"Barricade","floor":16},{"not_picked":["Carnage","Twin Strike"],"picked":"Flame Barrier+1","floor":18},{"not_picked":["Havoc","Bloodletting"],"picked":"Shrug It Off","floor":21},{"not_picked":["Headbutt","Rupture","Battle Trance"],"picked":"SKIP","floor":22},{"not_picked":["Combust","Headbutt","Wild Strike+1"],"picked":"SKIP","floor":25},{"not_picked":["Anger","True Grit"],"picked":"Body Slam","floor":28},{"not_picked":["Feel No Pain","Anger","Sword Boomerang"],"picked":"SKIP","floor":31}],"player_experience":144759,"relics_obtained":[{"floor":7,"key":"Mercury Hourglass"},{"floor":9,"key":"Gremlin Horn"},{"floor":10,"key":"Bottled Flame"},{"floor":12,"key":"Girya"},{"floor":26,"key":"Dodecahedron"}],"event_choices":[{"damage_healed":0,"gold_gain":175,"player_choice":"AGREE","damage_taken":0,"max_hp_gain":0,"max_hp_loss":0,"event_name":"Liars Game","floor":3,"gold_loss":0,"cards_obtained":["Doubt"]},{"damage_healed":0,"gold_gain":0,"player_choice":"Gave Potion","damage_taken":0,"relics_obtained":["Mummified Hand"],"max_hp_gain":0,"max_hp_loss":0,"event_name":"WeMeetAgain","floor":4,"gold_loss":0},{"damage_healed":0,"gold_gain":0,"player_choice":"Fight","damage_taken":0,"max_hp_gain":0,"max_hp_loss":0,"event_name":"Colosseum","floor":19,"gold_loss":0},{"damage_healed":0,"gold_gain":0,"player_choice":"Fled From Nobs","damage_taken":0,"max_hp_gain":0,"max_hp_loss":0,"event_name":"Colosseum","floor":19,"gold_loss":0},{"damage_healed":0,"gold_gain":0,"player_choice":"Bought 1 Potion","damage_taken":0,"max_hp_gain":0,"max_hp_loss":0,"event_name":"The Woman in Blue","floor":20,"gold_loss":0},{"damage_healed":0,"gold_gain":0,"player_choice":"0 cards matched","damage_taken":0,"max_hp_gain":0,"max_hp_loss":0,"event_name":"Match and Keep!","floor":30,"gold_loss":0,"cards_obtained":[]}],"is_beta":false,"boss_relics":[{"not_picked":["Black Star","Orrery"],"picked":"Empty Cage"}],"items_purged_floors":[8,14,27],"is_endless":false,"potions_floor_spawned":[1,12,13,16,18,25,28,31],"killed_by":"Collector","ascension_level":9}