{"gold_per_floor":[361,361,0,17,36,70,70,80,152,172,192,192,92,118,118,193,193,206,206,217,233,233,233,249,249,299,108,108,58,73,73],"floor_reached":31,"playtime":867,"items_purged":["Strike_R","Rampage","Bite","Bash"],"score":445,"play_id":"3e9c54b0-45ee-406e-bf4b-cd98a8699d2a","local_time":"20190523193715","is_ascension_mode":true,"campfire_choices":[{"data":"Whirlwind","floor":7.0,"key":"SMITH"},{"floor":15.0,"key":"REST"},{"data":"Inflame","floor":23.0,"key":"SMITH"},{"data":"Demon Form","floor":28.0,"key":"SMITH"}],"neow_cost":"TEN_PERCENT_HP_LOSS","seed_source_timestamp":274800925247595,"circlet_count":0,"master_deck":["AscendersBane","Defend_R","Defend_R","Defend_R","Defend_R","Inflame+1","Double Tap","Ghostly Armor","Flash of Steel","Whirlwind+1","Metallicize","Flex","Offering","Anger","Bite","Bite","Bite","Bite","Demon Form+1","Limit Break"],"special_seed":0,"relics":["Burning Blood","Bronze Scales","Ginger","Dodecahedron","Omamori","Sozu","Smiling Mask"],"potions_floor_usage":[],"damage_taken":[{"damage":4.0,"enemies":"2 Louse","floor":1.0,"turns":3.0},{"damage":6.0,"enemies":"Cultist","floor":4.0,"turns":4.0},{"damage":0.0,"enemies":"Small Slimes","floor":5.0,"turns":3.0},{"damage":35.0,"enemies":"Lagavulin","floor":6.0,"turns":5.0},{"damage":7.0,"enemies":"Exordium Wildlife","floor":8.0,"turns":3.0},{"damage":0.0,"enemies":"2 Fungi Beasts","floor":10.0,"turns":2.0},{"damage":4.0,"enemies":"3 Louse","floor":11.0,"turns":4.0},{"damage":26.0,"enemies":"Gremlin Nob","floor":14.0,"turns":4.0},{"damage":41.0,"enemies":"Slime Boss","floor":16.0,"turns":9.0},{"damage":29.0,"enemies":"2 Thieves","floor":18.0,"turns":3.0},{"damage":6.0,"enemies":"Spheric Guardian","floor":20.0,"turns":3.0},{"damage":20.0,"enemies":"Cultist and Chosen","floor":21.0,"turns":5.0},{"damage":16.0,"enemies":"Sentry and Sphere","floor":24.0,"turns":5.0},{"damage":27,"enemies":"Shelled Parasite and Fungi","floor":30,"turns":6},{"damage":36,"enemies":"Book of Stabbing","floor":31,"turns":3}],"seed_played":"3131483793104566577","potions_obtained":[{"floor":1.0,"key":"LiquidBronze"},{"floor":4.0,"key":"Ancient Potion"},{"floor":8.0,"key":"Dexterity Potion"},{"floor":14.0,"key":"BloodPotion"}],"is_trial":false,"path_per_floor":["M","?","$","M","M","E","R","M","T","M","M","?","$","E","R","B",null,"M","?","M","M","?","R","M","?","T","$","R","$","M","E"],"character_chosen":"IRONCLAD","items_purchased":["Bronze Scales","Ghostly Armor","Flash of Steel","Demon Form"],"campfire_rested":1,"item_purchase_floors":[3,3,3,27],"current_hp_per_floor":[68,68,68,68,68,39,39,38,38,44,46,39,39,19,39,10,54,31,53,53,39,39,39,29,29,29,29,29,29,28,0],"gold":73,"neow_bonus":"TWO_FIFTY_GOLD","is_prod":false,"is_daily":false,"chose_seed":false,"campfire_upgraded":3,"win_rate":0,"timestamp":1558633035,"path_taken":["M","?","$","?","M","E","R","M","T","?","M","?","$","E","R","BOSS","M","?","M","M","?","R","M","?","T","$","R","$","M","E"],"build_version":"2019-01-23","purchased_purges":4,"victory":false,"max_hp_per_floor":[68,68,68,68,68,68,68,68,68,68,68,68,68,68,68,68,68,68,68,68,68,68,68,68,47,47,47,47,47,47,47],"card_choices":[{"not_picked":["Perfected Strike","Pummel"],"picked":"Inflame","floor":1.0},{"not_picked":["Feel No Pain","Warcry","Flex"],"picked":"SKIP","floor":4.0},{"not_picked":["Intimidate","Flex"],"picked":"Rampage","floor":5.0},{"not_picked":["Flex","Dual Wield"],"picked":"Whirlwind","floor":6.0},{"not_picked":["Infernal Blade","Shockwave"],"picked":"Metallicize","floor":8.0},{"not_picked":["Cleave","Havoc"],"picked":"Flex","floor":10.0},{"not_picked":["Blood for Blood","Headbutt","Havoc"],"picked":"SKIP","floor":11.0},{"not_picked":["Armaments","Iron Wave","Pommel Strike"],"picked":"SKIP","floor":14.0},{"not_picked":["Exhume","Bludgeon"],"picked":"Offering","floor":16.0},{"not_picked":["Twin Strike","Iron Wave","Pummel"],"picked":"SKIP","floor":18.0},{"not_picked":["Blood for Blood+1","Twin Strike+1","Pummel"],"picked":"SKIP","floor":20.0},{"not_picked":["Perfected Strike","Twin Strike","Wild Strike"],"picked":"SKIP","floor":21.0},{"not_picked":["Heavy Blade","Rage"],"picked":"Anger","floor":24.0},{"not_picked":["Wild Strike+1","Thunderclap"],"picked":"Limit Break","floor":30}],"player_experience":237391,"relics_obtained":[{"floor":6.0,"key":"Ginger"},{"floor":9.0,"key":"Dodecahedron"},{"floor":14.0,"key":"Omamori"},{"floor":26.0,"key":"Smiling Mask"}],"event_choices":[{"damage_healed":0.0,"max_hp_gain":0.0,"max_hp_loss":0.0,"gold_gain":0.0,"event_name":"Match and Keep!","player_choice":"1 cards matched","floor":2.0,"gold_loss":0.0,"damage_taken":0.0,"cards_obtained":["Double Tap"]},{"cards_removed":["Strike_R"],"damage_healed":0.0,"max_hp_gain":0.0,"max_hp_loss":0.0,"gold_gain":0.0,"event_name":"Golden Wing","player_choice":"Card Removal","floor":12.0,"gold_loss":0.0,"damage_taken":7.0},{"damage_healed":22.0,"max_hp_gain":0.0,"max_hp_loss":0.0,"gold_gain":0.0,"event_name":"The Library","player_choice":"Heal","floor":19.0,"gold_loss":0.0,"damage_taken":0.0},{"damage_healed":0.0,"max_hp_gain":0.0,"max_hp_loss":0.0,"gold_gain":0.0,"event_name":"Forgotten Altar","player_choice":"Smashed Altar","floor":22.0,"gold_loss":0.0,"damage_taken":0.0,"cards_obtained":["Decay"]},{"damage_healed":0.0,"max_hp_gain":0.0,"max_hp_loss":21.0,"gold_gain":0.0,"event_name":"Vampires","player_choice":"Became a vampire","floor":25.0,"gold_loss":0.0,"damage_taken":0.0,"cards_obtained":["Bite","Bite","Bite","Bite","Bite"]}],"is_beta":false,"boss_relics":[{"not_picked":["Runic Pyramid","Eternal Feather"],"picked":"Sozu"}],"items_purged_floors":[3,13,27,29],"is_endless":false,"potions_floor_spawned":[1,4,8,10,14,30],"killed_by":"Book of Stabbing","ascension_level":14}