{"gold_per_floor":[16,16,30,45,64,89,2,25,50,68,68,68],"floor_reached":12,"playtime":6652,"items_purged":[],"score":152,"play_id":"d8fa8026-8c86-4eaf-a74a-b2b4a2573540","local_time":"20190525230539","is_ascension_mode":true,"campfire_choices":[{"floor":11,"key":"REST"}],"neow_cost":"NO_GOLD","seed_source_timestamp":576857478851143,"circlet_count":0,"master_deck":["AscendersBane","Strike_R","Strike_R","Strike_R","Strike_R","Strike_R","Defend_R","Defend_R","Defend_R","Defend_R","Bash","Dramatic Entrance","Purity","Rampage","Whirlwind","Feel No Pain","Ghostly Armor","Carnage","Shockwave","Battle Trance"],"relics":["Burning Blood","Anchor","Odd Mushroom","Ancient Tea Set"],"potions_floor_usage":[6,8,12],"damage_taken":[{"damage":19,"enemies":"Jaw Worm","floor":1,"turns":4},{"damage":0,"enemies":"Small Slimes","floor":3,"turns":3},{"damage":6,"enemies":"Cultist","floor":4,"turns":3},{"damage":7,"enemies":"Exordium Wildlife","floor":5,"turns":3},{"damage":57,"enemies":"Gremlin Nob","floor":6,"turns":5},{"damage":10,"enemies":"The Mushroom Lair","floor":8,"turns":4},{"damage":4,"enemies":"2 Fungi Beasts","floor":10,"turns":4},{"damage":38,"enemies":"Lagavulin Event","floor":12,"turns":5}],"seed_played":"1843547194065766572","potions_obtained":[{"floor":5,"key":"Explosive Potion"},{"floor":6,"key":"SkillPotion"},{"floor":8,"key":"SkillPotion"}],"is_trial":false,"path_per_floor":["?","?","?"],"character_chosen":"IRONCLAD","items_purchased":["Shockwave"],"campfire_rested":1,"item_purchase_floors":[7],"current_hp_per_floor":[55,60,66,66,65,14,14,10,10,12,36,0],"gold":68,"neow_bonus":"RANDOM_COLORLESS_2","is_prod":false,"is_daily":false,"chose_seed":false,"campfire_upgraded":0,"win_rate":0,"timestamp":1558839939,"path_taken":["M","?","M","M","M","E","$","?","T","M","R","?"],"build_version":"2019-01-23","purchased_purges":0,"victory":false,"max_hp_per_floor":[75,80,80,80,80,80,80,80,80,80,80,80],"card_choices":[{"not_picked":["True Grit","Feel No Pain"],"picked":"Rampage","floor":1},{"not_picked":["Thunderclap","Flex"],"picked":"Whirlwind","floor":3},{"not_picked":["Burning Pact","Warcry"],"picked":"Feel No Pain","floor":4},{"not_picked":["Anger","Dark Embrace"],"picked":"Ghostly Armor","floor":5},{"not_picked":["Iron Wave","Cleave"],"picked":"Carnage","floor":6},{"not_picked":["Blood for Blood","Cleave"],"picked":"Battle Trance","floor":10}],"player_experience":697371,"relics_obtained":[{"floor":6,"key":"Anchor"},{"floor":8,"key":"Odd Mushroom"},{"floor":9,"key":"Ancient Tea Set"}],"event_choices":[{"damage_healed":0,"gold_gain":0,"player_choice":"Donut","damage_taken":0,"max_hp_gain":5,"max_hp_loss":0,"event_name":"Big Fish","floor":2,"gold_loss":0},{"damage_healed":0,"gold_gain":0,"player_choice":"Fought Mushrooms","damage_taken":0,"max_hp_gain":0,"max_hp_loss":0,"event_name":"Mushrooms","floor":8,"gold_loss":0},{"damage_healed":0,"gold_gain":0,"player_choice":"Searched \u00271\u0027 times","damage_taken":0,"max_hp_gain":0,"max_hp_loss":0,"event_name":"Dead Adventurer","floor":12,"gold_loss":0}],"is_beta":false,"boss_relics":[],"items_purged_floors":[],"is_endless":false,"potions_floor_spawned":[5,6,8],"killed_by":"Lagavulin Event","ascension_level":18}