{"gold_per_floor":[114,114,129,144,159,159,189,189,239,254,214,214,229,244,244,344,394,409,409,424,453,453,453,453,468,518,518,518,533,548,548,548,648,648,663,678,678,900,900,900,915,930,980,980,980,980,995,1010,1010,1010],"floor_reached":50,"playtime":2725,"items_purged":[],"score":596,"play_id":"2d3da2f0-8959-4bce-9e0b-87e8f715f20f","local_time":"20190318002354","daily_mods":["Cursed Run","Colorless Cards","Binary"],"is_ascension_mode":false,"campfire_choices":[{"floor":6,"key":"REST"},{"data":"Static Discharge","floor":12,"key":"SMITH"},{"floor":15,"key":"REST"},{"floor":23,"key":"REST"},{"floor":28,"key":"REST"},{"floor":32,"key":"REST"},{"data":"Sweeping Beam","floor":40,"key":"SMITH"},{"floor":46,"key":"REST"},{"floor":49,"key":"REST"}],"neow_cost":"","seed_source_timestamp":0,"circlet_count":0,"master_deck":["Strike_B+1","Strike_B+1","Strike_B+1","Strike_B+1","Defend_B+1","Defend_B+1","Defend_B+1","Defend_B+1","Zap","Dualcast","Beam Cell","Auto Shields","Sunder+1","Static Discharge+1","Sweeping Beam+1","Glacier+1","Beam Cell","Ball Lightning","Creative AI","Cold Snap","Streamline","RitualDagger","Leap","Beam Cell","Auto Shields","Compile Driver+1","Redo","Chrysalis","Conserve Battery","Barrage","Swift Strike","Forethought","Panache","Static Discharge+1","Capacitor+1","Beam Cell","Impatience","Turbo"],"special_seed":17972,"relics":["Cursed Key","Darkstone Periapt","Du-Vu Doll","Pantograph","Anchor","Tiny House","Red Mask","Potion Belt","Bottled Tornado","White Beast Statue","Whetstone"],"potions_floor_usage":[21,33,42,48,48,48,48,50],"damage_taken":[{"damage":0,"enemies":"Cultist","floor":1,"turns":3},{"damage":14,"enemies":"Small Slimes","floor":3,"turns":3},{"damage":8,"enemies":"2 Louse","floor":4,"turns":3},{"damage":8,"enemies":"Gremlin Gang","floor":5,"turns":3},{"damage":30,"enemies":"3 Sentries","floor":7,"turns":6},{"damage":4,"enemies":"Exordium Thugs","floor":10,"turns":3},{"damage":21,"enemies":"Exordium Wildlife","floor":13,"turns":3},{"damage":4,"enemies":"Blue Slaver","floor":14,"turns":3},{"damage":45,"enemies":"Slime Boss","floor":16,"turns":6},{"damage":24,"enemies":"Spheric Guardian","floor":18,"turns":4},{"damage":20,"enemies":"2 Thieves","floor":20,"turns":3},{"damage":28,"enemies":"Masked Bandits","floor":21,"turns":6},{"damage":40,"enemies":"Snecko","floor":25,"turns":6},{"damage":4,"enemies":"Centurion and Healer","floor":29,"turns":6},{"damage":13,"enemies":"Shelled Parasite and Fungi","floor":30,"turns":5},{"damage":82,"enemies":"Collector","floor":33,"turns":8},{"damage":16,"enemies":"3 Darklings","floor":35,"turns":4},{"damage":19,"enemies":"3 Shapes","floor":36,"turns":3},{"damage":37,"enemies":"Writhing Mass","floor":41,"turns":5},{"damage":33,"enemies":"3 Darklings","floor":42,"turns":5},{"damage":49,"enemies":"4 Shapes","floor":47,"turns":5},{"damage":28,"enemies":"Spire Growth","floor":48,"turns":5},{"damage":67,"enemies":"Time Eater","floor":50,"turns":5}],"seed_played":"8846997957486014283","potions_obtained":[{"floor":3,"key":"Strength Potion"},{"floor":10,"key":"Ancient Potion"},{"floor":11,"key":"Energy Potion"},{"floor":13,"key":"Regen Potion"},{"floor":29,"key":"Poison Potion"},{"floor":30,"key":"Fire Potion"},{"floor":33,"key":"FearPotion"},{"floor":35,"key":"Regen Potion"},{"floor":47,"key":"Regen Potion"},{"floor":48,"key":"SteroidPotion"}],"is_trial":false,"path_per_floor":["M","?","M","M","M","R","E","?","T","M","?","R","M","M","R","B",null,"M","?","M","?","?","R","?","M","T","T","R","M","M","?","R","B",null,"M","M","?","?","?","R","M","M","T","?","?","R","M","M","R","B"],"character_chosen":"DEFECT","items_purchased":[],"campfire_rested":7,"item_purchase_floors":[],"current_hp_per_floor":[75,81,67,59,51,75,45,72,78,74,74,74,53,49,75,48,98,74,68,48,29,20,49,49,9,15,21,54,50,37,43,77,26,122,106,87,77,77,77,77,40,22,28,28,28,66,17,3,41,0],"gold":1010,"neow_bonus":"","is_prod":false,"is_daily":true,"chose_seed":false,"campfire_upgraded":2,"win_rate":0.0,"timestamp":1552865034,"path_taken":["M","?","M","?","M","R","E","?","T","M","?","R","?","M","R","BOSS","M","?","M","?","?","R","?","M","T","?","R","M","M","?","R","BOSS","M","M","?","?","?","R","?","M","T","?","?","R","M","?","R","BOSS"],"build_version":"2019-01-23","purchased_purges":0,"victory":false,"max_hp_per_floor":[75,81,81,81,81,81,81,81,87,87,87,87,87,87,87,93,98,98,98,98,98,98,98,98,98,104,110,110,110,110,116,116,122,122,122,122,122,122,122,122,122,122,128,128,128,128,128,128,128,128],"card_choices":[{"not_picked":["Conserve Battery"],"picked":"Beam Cell","floor":1},{"not_picked":["Redo"],"picked":"Auto Shields","floor":3},{"not_picked":["Hologram"],"picked":"Sunder","floor":4},{"not_picked":["Scrape"],"picked":"Static Discharge","floor":5},{"not_picked":["Coolheaded"],"picked":"Sweeping Beam","floor":7},{"not_picked":["FTL"],"picked":"Glacier","floor":10},{"not_picked":["Consume"],"picked":"Beam Cell","floor":13},{"not_picked":["Gash"],"picked":"Ball Lightning","floor":14},{"not_picked":["All For One"],"picked":"Creative AI","floor":16},{"not_picked":["Steam"],"picked":"Cold Snap","floor":17},{"not_picked":["Hello World"],"picked":"Streamline","floor":18},{"not_picked":["Gash"],"picked":"Leap","floor":20},{"not_picked":["PanicButton"],"picked":"Beam Cell","floor":21},{"not_picked":["Go for the Eyes"],"picked":"Auto Shields","floor":25},{"not_picked":["Steam"],"picked":"Compile Driver","floor":29},{"not_picked":["Turbo+1"],"picked":"Redo","floor":30},{"not_picked":["Master of Strategy"],"picked":"Chrysalis","floor":33},{"not_picked":["Hologram+1"],"picked":"Conserve Battery","floor":35},{"not_picked":["Loop"],"picked":"Barrage","floor":36},{"not_picked":["Deep Breath"],"picked":"Swift Strike","floor":37},{"not_picked":["Purity"],"picked":"Forethought","floor":37},{"not_picked":["Trip"],"picked":"Panache","floor":37},{"not_picked":["Rebound"],"picked":"Capacitor+1","floor":41},{"not_picked":["Dark Shackles+1"],"picked":"Beam Cell","floor":42},{"not_picked":["Turbo+1"],"picked":"Impatience","floor":47},{"not_picked":["Go for the Eyes+1"],"picked":"Turbo","floor":48}],"player_experience":3293,"relics_obtained":[{"floor":7,"key":"Pantograph"},{"floor":9,"key":"Anchor"},{"floor":21,"key":"Red Mask"},{"floor":26,"key":"Potion Belt"},{"floor":27,"key":"Bottled Tornado"},{"floor":43,"key":"Whetstone"}],"event_choices":[{"damage_healed":0,"gold_gain":0,"player_choice":"1 cards matched","damage_taken":0,"max_hp_gain":0,"max_hp_loss":0,"event_name":"Match and Keep!","floor":2,"gold_loss":0,"cards_obtained":["Pain"]},{"damage_healed":27,"gold_gain":0,"player_choice":"Banana","damage_taken":0,"max_hp_gain":0,"max_hp_loss":0,"event_name":"Big Fish","floor":8,"gold_loss":0},{"damage_healed":0,"gold_gain":0,"player_choice":"Bought 3 Potions","damage_taken":0,"max_hp_gain":0,"max_hp_loss":0,"event_name":"The Woman in Blue","floor":11,"gold_loss":0},{"damage_healed":0,"gold_gain":0,"player_choice":"Joined the Cult","damage_taken":6,"max_hp_gain":0,"max_hp_loss":0,"event_name":"Nest","floor":19,"gold_loss":0,"cards_obtained":["RitualDagger"]},{"damage_healed":0,"gold_gain":0,"player_choice":"Fought Bandits","damage_taken":0,"max_hp_gain":0,"max_hp_loss":0,"event_name":"Masked Bandits","floor":21,"gold_loss":0},{"damage_healed":0,"gold_gain":0,"player_choice":"Stopped","damage_taken":9,"max_hp_gain":0,"max_hp_loss":0,"event_name":"Cursed Tome","floor":22,"gold_loss":0},{"damage_healed":0,"gold_gain":0,"player_choice":"Simplicity","damage_taken":0,"max_hp_gain":0,"max_hp_loss":0,"event_name":"Back to Basics","floor":24,"gold_loss":0,"cards_upgraded":["Strike_B","Strike_B","Strike_B","Strike_B","Defend_B","Defend_B","Defend_B","Defend_B"]},{"damage_healed":0,"gold_gain":0,"player_choice":"Smashed Altar","damage_taken":0,"max_hp_gain":0,"max_hp_loss":0,"event_name":"Forgotten Altar","floor":31,"gold_loss":0,"cards_obtained":["Decay"]},{"damage_healed":0,"gold_gain":0,"player_choice":"Memory 3","damage_taken":10,"max_hp_gain":0,"max_hp_loss":0,"event_name":"SensoryStone","floor":37,"gold_loss":0},{"damage_healed":0,"gold_gain":222,"player_choice":"Wore Mask","damage_taken":0,"max_hp_gain":0,"max_hp_loss":0,"event_name":"Tomb of Lord Red Mask","floor":38,"gold_loss":0},{"damage_healed":0,"gold_gain":0,"player_choice":"Copied","damage_taken":0,"max_hp_gain":0,"max_hp_loss":0,"event_name":"Duplicator","floor":39,"gold_loss":0,"cards_obtained":["Static Discharge"]},{"damage_healed":0,"gold_gain":0,"player_choice":"Ignored","damage_taken":0,"max_hp_gain":0,"max_hp_loss":0,"event_name":"Mysterious Sphere","floor":44,"gold_loss":0},{"cards_removed":["Regret","Writhe","Decay","Pain","Writhe","Shame","Decay","Pain"],"damage_healed":0,"gold_gain":0,"player_choice":"Removed Curses","damage_taken":0,"max_hp_gain":0,"max_hp_loss":0,"event_name":"Fountain of Cleansing","floor":45,"gold_loss":0}],"is_beta":false,"boss_relics":[{"not_picked":["Fusion Hammer","Empty Cage"],"picked":"Tiny House"},{"not_picked":["Runic Dome","Busted Crown"],"picked":"White Beast Statue"}],"items_purged_floors":[],"is_endless":false,"potions_floor_spawned":[3,10,13,14,29,30,33,35,36,41,42,47,48],"killed_by":"Time Eater","ascension_level":0}