{"gold_per_floor":[19,19,19,36,46,75,75,104,104,104,115,131,131,196,196,291,291,306,316,336,336,336,336,111,137,137,137,155,155],"floor_reached":29,"playtime":727,"items_purged":["Decay"],"score":253,"play_id":"19d2f480-f3cb-491d-a718-8b9b50f28795","local_time":"20190127021612","is_ascension_mode":false,"campfire_choices":[{"floor":7,"key":"REST"},{"data":"Zap","floor":10,"key":"SMITH"},{"floor":15,"key":"REST"},{"floor":23,"key":"REST"},{"floor":27,"key":"REST"}],"neow_cost":"NO_GOLD","seed_source_timestamp":57053893405954,"circlet_count":0,"master_deck":["Strike_B+1","Strike_B+1","Defend_B","Defend_B","Defend_B","Defend_B","Zap+1","Dualcast+1","Streamline+1","Scrape","Gash+1","Coolheaded+1","Gash+1","Loop+1","Echo Form+1","Cold Snap+1"],"relics":["Cracked Core","Nunchaku","Shuriken","Molten Egg 2","Frozen Egg 2","Orichalcum","Whetstone","Empty Cage","War Paint","Toxic Egg 2","Bottled Tornado"],"potions_floor_usage":[6,16,25,29,29],"damage_taken":[{"damage":1,"enemies":"Jaw Worm","floor":1,"turns":3},{"damage":0,"enemies":"Small Slimes","floor":4,"turns":2},{"damage":2,"enemies":"2 Louse","floor":5,"turns":2},{"damage":27,"enemies":"Gremlin Nob","floor":6,"turns":4},{"damage":22,"enemies":"3 Sentries","floor":8,"turns":5},{"damage":3,"enemies":"Exordium Thugs","floor":11,"turns":3},{"damage":3,"enemies":"Looter","floor":12,"turns":3},{"damage":8,"enemies":"Gremlin Nob","floor":14,"turns":3},{"damage":17,"enemies":"Hexaghost","floor":16,"turns":8},{"damage":18,"enemies":"Shell Parasite","floor":18,"turns":4},{"damage":3,"enemies":"Chosen","floor":19,"turns":4},{"damage":27,"enemies":"Shelled Parasite and Fungi","floor":20,"turns":5},{"damage":46,"enemies":"Book of Stabbing","floor":25,"turns":7},{"damage":12,"enemies":"Centurion and Healer","floor":28,"turns":5},{"damage":17,"enemies":"Colosseum Slavers","floor":29,"turns":1}],"seed_played":"-3855639008147837910","potions_obtained":[{"floor":4,"key":"FocusPotion"},{"floor":12,"key":"Energy Potion"},{"floor":14,"key":"Strength Potion"},{"floor":16,"key":"LiquidBronze"},{"floor":19,"key":"LiquidBronze"},{"floor":20,"key":"PowerPotion"},{"floor":25,"key":"Energy Potion"}],"is_trial":false,"path_per_floor":["M","?","?","M","M","E","R","E","T","R","M","M","T","?","R","B",null,"M","M","M","?","?","R","$","E","T","R","M","?"],"character_chosen":"DEFECT","items_purchased":["War Paint"],"campfire_rested":4,"item_purchase_floors":[24],"current_hp_per_floor":[74,59,59,59,57,30,52,30,30,30,27,24,24,16,38,21,75,57,54,27,27,27,49,49,3,3,25,13,0],"gold":155,"neow_bonus":"ONE_RARE_RELIC","is_prod":false,"is_daily":false,"chose_seed":false,"campfire_upgraded":1,"win_rate":0.0,"timestamp":1548551772,"path_taken":["M","?","?","M","M","E","R","E","T","R","M","?","?","?","R","BOSS","M","M","M","?","?","R","$","E","T","R","M","?"],"build_version":"2019-01-23","purchased_purges":1,"victory":false,"max_hp_per_floor":[75,75,75,75,75,75,75,75,75,75,75,75,75,75,75,75,75,75,75,75,75,75,75,75,75,75,75,75,75],"card_choices":[{"not_picked":["Ball Lightning","Turbo"],"picked":"Streamline","floor":1},{"not_picked":["Sweeping Beam","Conserve Battery"],"picked":"Scrape","floor":4},{"not_picked":["Conserve Battery","Leap"],"picked":"Gash","floor":5},{"not_picked":["Rebound","Conserve Battery","Chill"],"picked":"SKIP","floor":6},{"not_picked":["Heatsinks","Reboot","Fission"],"picked":"SKIP","floor":8},{"not_picked":["Sweeping Beam+1","Stack"],"picked":"Coolheaded","floor":11},{"not_picked":["Beam Cell+1","Machine Learning+1"],"picked":"Gash+1","floor":12},{"not_picked":["Conserve Battery","Steam"],"picked":"Loop+1","floor":14},{"not_picked":["Fission","Hyperbeam+1"],"picked":"Echo Form+1","floor":16},{"not_picked":["Fusion","Auto Shields+1","Hologram"],"picked":"SKIP","floor":18},{"not_picked":["Beam Cell+1","Hologram"],"picked":"Cold Snap+1","floor":19},{"not_picked":["Stack","Seek","Scrape+1"],"picked":"SKIP","floor":20},{"not_picked":["Conserve Battery","Hologram","Steam"],"picked":"SKIP","floor":25},{"not_picked":["Go for the Eyes+1","Chaos+1","Steam+1"],"picked":"SKIP","floor":28}],"player_experience":12500,"relics_obtained":[{"floor":6,"key":"Shuriken"},{"floor":8,"key":"Molten Egg 2"},{"floor":9,"key":"Frozen Egg 2"},{"floor":13,"key":"Orichalcum"},{"floor":14,"key":"Whetstone"},{"floor":25,"key":"Toxic Egg 2"},{"floor":26,"key":"Bottled Tornado"}],"event_choices":[{"damage_healed":0,"gold_gain":0,"player_choice":"Entered Light","damage_taken":15,"max_hp_gain":0,"max_hp_loss":0,"event_name":"Shining Light","floor":2,"gold_loss":0,"cards_upgraded":["Strike_B","Strike_B"]},{"damage_healed":0,"gold_gain":0,"player_choice":"Leave","damage_taken":0,"max_hp_gain":0,"max_hp_loss":0,"event_name":"The Cleric","floor":3,"gold_loss":0},{"damage_healed":0,"gold_gain":0,"player_choice":"Searched \u00271\u0027 times","damage_taken":0,"max_hp_gain":0,"max_hp_loss":0,"event_name":"Dead Adventurer","floor":14,"gold_loss":0},{"damage_healed":0,"gold_gain":0,"player_choice":"Ignored","damage_taken":0,"max_hp_gain":0,"max_hp_loss":0,"event_name":"Ghosts","floor":21,"gold_loss":0},{"damage_healed":0,"gold_gain":0,"player_choice":"Smashed Altar","damage_taken":0,"max_hp_gain":0,"max_hp_loss":0,"event_name":"Forgotten Altar","floor":22,"gold_loss":0,"cards_obtained":["Decay"]},{"damage_healed":0,"gold_gain":0,"player_choice":"Fight","damage_taken":0,"max_hp_gain":0,"max_hp_loss":0,"event_name":"Colosseum","floor":29,"gold_loss":0}],"is_beta":false,"boss_relics":[{"not_picked":["Black Star","Astrolabe"],"picked":"Empty Cage"}],"items_purged_floors":[24],"is_endless":false,"potions_floor_spawned":[4,12,14,16,19,20,25],"killed_by":"Colosseum Slavers","ascension_level":0}