{"gold_per_floor":[20,33,33,49,49,49,78,91,136,171,187,202,202,236,236,338,338,357,34,54,54,54,54,82,82,129,148,162,162,162,177,177,282,282,300,96,113,124,143,143,243,243,266,266,266,266,292,0,0,0],"floor_reached":50,"playtime":1431,"items_purged":["Strike_G"],"score":714,"play_id":"2e18506f-aff4-4df6-9996-6d737fa611c0","local_time":"20190401005747","is_ascension_mode":true,"campfire_choices":[{"data":"Neutralize","floor":6.0,"key":"SMITH"},{"floor":15.0,"key":"REST"},{"floor":23.0,"key":"REST"},{"floor":25.0,"key":"REST"},{"floor":30.0,"key":"REST"},{"floor":32.0,"key":"REST"},{"floor":40,"key":"REST"},{"floor":42,"key":"REST"},{"floor":44,"key":"REST"},{"floor":46,"key":"REST"},{"floor":49,"key":"REST"}],"neow_cost":"NO_GOLD","seed_source_timestamp":820034215546876,"circlet_count":0,"master_deck":["Defend_G","Defend_G","Defend_G","Defend_G+1","Defend_G","Strike_G","Strike_G","Strike_G+1","Survivor","Neutralize+1","Die Die Die+1","Leg Sweep+1","Dagger Spray+1","Cloak And Dagger","Deadly Poison","Poisoned Stab","Dagger Spray","Escape Plan","Noxious Fumes","Bullet Time","Envenom","Apotheosis","Writhe","Deadly Poison","Crippling Poison","Dagger Spray+1","Tools of the Trade","Crippling Poison+1","Outmaneuver","PiercingWail","PiercingWail+1","Deflect","Bane+1"],"special_seed":0,"relics":["Ring of the Snake","Bottled Flame","Whetstone","War Paint","Ice Cream","Fusion Hammer","Lantern","Blue Candle","Ancient Tea Set","Blood Vial","Philosopher\u0027s Stone","Ginger","Centennial Puzzle","Shuriken","Red Mask"],"potions_floor_usage":[39,39,39],"damage_taken":[{"damage":0.0,"enemies":"2 Louse","floor":1.0,"turns":3.0},{"damage":1.0,"enemies":"Cultist","floor":2.0,"turns":4.0},{"damage":0.0,"enemies":"Jaw Worm","floor":4.0,"turns":3.0},{"damage":38.0,"enemies":"Gremlin Nob","floor":7.0,"turns":6.0},{"damage":4.0,"enemies":"Red Slaver","floor":8.0,"turns":5.0},{"damage":11.0,"enemies":"Lagavulin","floor":10.0,"turns":5.0},{"damage":0.0,"enemies":"3 Louse","floor":11.0,"turns":1.0},{"damage":0.0,"enemies":"Looter","floor":12.0,"turns":3.0},{"damage":4.0,"enemies":"3 Sentries","floor":14.0,"turns":4.0},{"damage":33.0,"enemies":"The Guardian","floor":16.0,"turns":9.0},{"damage":25.0,"enemies":"Spheric Guardian","floor":18.0,"turns":6.0},{"damage":4.0,"enemies":"3 Byrds","floor":20.0,"turns":5.0},{"damage":33.0,"enemies":"Book of Stabbing","floor":24.0,"turns":5.0},{"damage":5.0,"enemies":"Snake Plant","floor":27.0,"turns":5.0},{"damage":17.0,"enemies":"Sentry and Sphere","floor":28.0,"turns":6.0},{"damage":24.0,"enemies":"Centurion and Healer","floor":31.0,"turns":2.0},{"damage":32.0,"enemies":"Automaton","floor":33.0,"turns":9.0},{"damage":7.0,"enemies":"3 Darklings","floor":35.0,"turns":3.0},{"damage":15.0,"enemies":"3 Shapes","floor":37.0,"turns":2.0},{"damage":21.0,"enemies":"Sphere and 2 Shapes","floor":38.0,"turns":4.0},{"damage":32,"enemies":"Transient","floor":39,"turns":5},{"damage":11,"enemies":"Mind Bloom Boss Battle","floor":41,"turns":8},{"damage":58,"enemies":"Nemesis","floor":47,"turns":7},{"damage":39,"enemies":"Donu and Deca","floor":50,"turns":4}],"seed_played":"1496952589311491358","potions_obtained":[{"floor":1.0,"key":"SpeedPotion"},{"floor":4.0,"key":"Regen Potion"},{"floor":7.0,"key":"Poison Potion"},{"floor":10.0,"key":"GhostInAJar"},{"floor":14.0,"key":"FearPotion"},{"floor":20.0,"key":"Energy Potion"},{"floor":24.0,"key":"GhostInAJar"},{"floor":28.0,"key":"SpeedPotion"},{"floor":29.0,"key":"Ancient Potion"},{"floor":33.0,"key":"FearPotion"},{"floor":35.0,"key":"Explosive Potion"},{"floor":37.0,"key":"Poison Potion"}],"is_trial":false,"path_per_floor":["M","M","?","M","$","R","E","M","T","E","M","M","?","E","R","B",null,"M","$","M","?","?","R","E","R","T","M","M","?","R","M","R","B",null,"M","$","M","M","M","R","?","R","T","R","?","R","E","?","R","B"],"character_chosen":"THE_SILENT","items_purchased":["Lantern","Apotheosis","Outmaneuver","Regen Potion"],"campfire_rested":10,"item_purchase_floors":[19,19,36,36],"current_hp_per_floor":[63,62,62,62,62,62,38,34,34,23,23,23,23,19,40,7,54,29,29,25,25,25,46,13,34,34,31,16,16,37,15,36,6,54,49,49,36,17,2,23,14,35,35,56,56,70,12,12,33,0],"gold":0,"neow_bonus":"THREE_RARE_CARDS","is_prod":false,"is_daily":false,"chose_seed":false,"campfire_upgraded":1,"win_rate":0,"timestamp":1554073067,"path_taken":["M","M","?","?","$","R","E","M","T","E","M","M","?","E","R","BOSS","M","$","M","?","?","R","E","R","T","M","M","?","R","?","R","BOSS","M","$","?","M","M","R","?","R","T","R","?","R","E","?","R","BOSS"],"build_version":"2019-01-23","purchased_purges":1,"victory":false,"max_hp_per_floor":[70,70,70,70,70,70,70,70,70,70,70,70,70,70,70,70,70,70,70,70,70,70,70,70,70,70,70,70,70,70,70,70,70,70,70,70,70,70,70,70,70,70,70,70,70,70,70,70,70,70],"card_choices":[{"not_picked":["Adrenaline","Unload"],"picked":"Die Die Die","floor":0.0},{"not_picked":["Tactician","Dodge and Roll"],"picked":"Leg Sweep","floor":1.0},{"not_picked":["Terror","Concentrate"],"picked":"Dagger Spray","floor":2.0},{"not_picked":["Flechettes","Quick Slash"],"picked":"Cloak And Dagger","floor":4.0},{"not_picked":["Concentrate","Bane"],"picked":"Deadly Poison","floor":7.0},{"not_picked":["Storm of Steel","Sucker Punch"],"picked":"Poisoned Stab","floor":8.0},{"not_picked":["Bullet Time","Flying Knee"],"picked":"Dagger Spray","floor":10.0},{"not_picked":["Flying Knee","PiercingWail"],"picked":"Escape Plan","floor":11.0},{"not_picked":["Expertise","Reflex"],"picked":"Noxious Fumes","floor":12.0},{"not_picked":["Riddle With Holes","Dash"],"picked":"Bullet Time","floor":14.0},{"not_picked":["Glass Knife","Unload"],"picked":"Envenom","floor":16.0},{"not_picked":["Prepared","Dagger Throw+1","Flying Knee"],"picked":"SKIP","floor":18.0},{"not_picked":["Slice","PiercingWail"],"picked":"Outmaneuver+1","floor":20.0},{"not_picked":["Caltrops","Dagger Throw+1"],"picked":"Deadly Poison","floor":24.0},{"not_picked":["Blade Dance+1","Prepared"],"picked":"Crippling Poison","floor":27.0},{"not_picked":["Bane","Reflex"],"picked":"Dagger Spray+1","floor":28.0},{"not_picked":["Calculated Gamble+1","Dagger Throw","Endless Agony+1"],"picked":"SKIP","floor":31.0},{"not_picked":["A Thousand Cuts","Venomology"],"picked":"Tools of the Trade","floor":33.0},{"not_picked":["Caltrops+1","Quick Slash"],"picked":"Crippling Poison+1","floor":35.0},{"not_picked":["Predator","Sucker Punch"],"picked":"PiercingWail","floor":37.0},{"not_picked":["Poisoned Stab+1","Crippling Poison"],"picked":"PiercingWail+1","floor":38.0},{"not_picked":["Quick Slash","Sucker Punch"],"picked":"Deflect","floor":39},{"not_picked":["Distraction","Riddle With Holes"],"picked":"Bane+1","floor":47}],"player_experience":120848,"relics_obtained":[{"floor":7.0,"key":"Bottled Flame"},{"floor":9.0,"key":"Whetstone"},{"floor":10.0,"key":"War Paint"},{"floor":14.0,"key":"Ice Cream"},{"floor":24.0,"key":"Ancient Tea Set"},{"floor":26.0,"key":"Blood Vial"},{"floor":41,"key":"Ginger"},{"floor":43,"key":"Centennial Puzzle"},{"floor":47,"key":"Shuriken"}],"event_choices":[{"damage_healed":0.0,"max_hp_gain":0.0,"max_hp_loss":0.0,"gold_gain":0.0,"event_name":"Accursed Blacksmith","player_choice":"Forge","floor":3.0,"gold_loss":0.0,"damage_taken":0.0,"cards_upgraded":["Dagger Spray"]},{"cards_removed":["Strike_G"],"damage_healed":0.0,"max_hp_gain":0.0,"max_hp_loss":0.0,"gold_gain":0.0,"event_name":"Purifier","player_choice":"Purged","floor":13.0,"gold_loss":0.0,"damage_taken":0.0},{"damage_healed":0.0,"max_hp_gain":0.0,"max_hp_loss":0.0,"gold_gain":0.0,"event_name":"The Mausoleum","player_choice":"Opened","floor":21.0,"gold_loss":0.0,"damage_taken":0.0,"relics_obtained":["Blue Candle"],"cards_obtained":["Writhe"]},{"damage_healed":0.0,"max_hp_gain":0.0,"max_hp_loss":0.0,"gold_gain":0.0,"event_name":"Beggar","player_choice":"Ignored","floor":22.0,"gold_loss":0.0,"damage_taken":0.0},{"damage_healed":0.0,"max_hp_gain":0.0,"max_hp_loss":0.0,"gold_gain":0.0,"event_name":"Lab","player_choice":"Got Potions","floor":29.0,"gold_loss":0.0,"damage_taken":0.0},{"damage_healed":0,"gold_gain":0,"player_choice":"Fight","damage_taken":0,"max_hp_gain":0,"max_hp_loss":0,"event_name":"MindBloom","floor":41,"gold_loss":0},{"cards_removed":["Outmaneuver"],"damage_healed":0,"gold_gain":0,"player_choice":"Removed Skill","damage_taken":0,"max_hp_gain":0,"max_hp_loss":0,"event_name":"Falling","floor":45,"gold_loss":0},{"damage_healed":0,"gold_gain":0,"player_choice":"Paid","damage_taken":0,"relics_obtained":["Red Mask"],"max_hp_gain":0,"max_hp_loss":0,"event_name":"Tomb of Lord Red Mask","floor":48,"gold_loss":292}],"is_beta":false,"boss_relics":[{"not_picked":["HoveringKite","Runic Dome"],"picked":"Fusion Hammer"},{"not_picked":["Tiny House","Calling Bell"],"picked":"Philosopher\u0027s Stone"}],"items_purged_floors":[36],"is_endless":false,"potions_floor_spawned":[1,4,7,10,14,20,24,28,31,33,35,37,38],"killed_by":"Donu and Deca","ascension_level":8}