{"gold_per_floor":[110,185,205,480,480,480,498,7,7,7,20,46,46,19,19,122,122,136,148,182,193,205,205,237,13,40,240,240,240],"floor_reached":29,"playtime":2844,"items_purged":["Regret"],"score":253,"play_id":"a495d2b4-876a-4525-a1b8-d6da2f1a42a1","local_time":"20181009193121","is_ascension_mode":true,"campfire_choices":[{"data":"Dualcast","floor":6.0,"key":"SMITH"},{"data":"Electrodynamics","floor":10.0,"key":"SMITH"},{"data":"Sunder","floor":13.0,"key":"SMITH"},{"floor":15.0,"key":"REST"},{"data":"Rainbow","floor":23,"key":"SMITH"}],"neow_cost":"NONE","seed_source_timestamp":0,"circlet_count":0,"master_deck":["Strike_B","Strike_B","Strike_B","Strike_B","Defend_B","Defend_B","Defend_B","Defend_B","Zap","Dualcast+1","Genetic Algorithm","Rebound","Coolheaded","Rebound","Zap","Redo","Electrodynamics+1","Beam Cell","Doom and Gloom","Sunder+1","Amplify","Go for the Eyes","Biased Cognition","Rebound","Conserve Battery+1","Reprogram","Barrage","Rainbow+1","Coolheaded","Streamline","Capacitor","Hologram"],"special_seed":0,"relics":["Cracked Core","Letter Opener","Dodecahedron","Meat on the Bone","Busted Crown","Red Mask","Potion Belt","Smiling Mask","Nilry\u0027s Codex"],"potions_floor_usage":[20,20,29],"damage_taken":[{"damage":0.0,"enemies":"2 Louse","floor":1.0,"turns":2.0},{"damage":1.0,"enemies":"Cultist","floor":3.0,"turns":3.0},{"damage":2.0,"enemies":"Small Slimes","floor":7.0,"turns":3.0},{"damage":17.0,"enemies":"Gremlin Gang","floor":11.0,"turns":2.0},{"damage":17.0,"enemies":"Gremlin Nob","floor":12.0,"turns":3.0},{"damage":35.0,"enemies":"The Guardian","floor":16.0,"turns":8.0},{"damage":1.0,"enemies":"Chosen","floor":18.0,"turns":3.0},{"damage":14,"enemies":"Spheric Guardian","floor":19,"turns":4},{"damage":14,"enemies":"Masked Bandits","floor":20,"turns":4},{"damage":21,"enemies":"Cultist and Chosen","floor":21,"turns":5},{"damage":1,"enemies":"Centurion and Healer","floor":22,"turns":4},{"damage":25,"enemies":"Slavers","floor":24,"turns":2},{"damage":23,"enemies":"Book of Stabbing","floor":29,"turns":3}],"seed_played":"4066540606700051163","potions_obtained":[{"floor":1.0,"key":"Weak Potion"},{"floor":7.0,"key":"AttackPotion"},{"floor":16.0,"key":"Block Potion"},{"floor":19,"key":"AttackPotion"},{"floor":21,"key":"AttackPotion"}],"is_trial":false,"path_per_floor":["M","?","M","?","?","R","M","$","T","R","M","E","R","$","R","B",null,"M","M","?","M","M","R","E","$","T","?","?"],"character_chosen":"DEFECT","items_purchased":["Letter Opener","Electrodynamics","Beam Cell","Doom and Gloom","Go for the Eyes","Streamline","Capacitor","Hologram"],"campfire_rested":1,"item_purchase_floors":[8,8,8,8,14,25,25,25],"current_hp_per_floor":[75,64,63,63,63,63,61,61,61,61,44,27,27,27,49,26,75,74,60,46,37,48,48,35,35,35,35,19,0],"gold":240,"neow_bonus":"THREE_CARDS","is_prod":false,"is_daily":false,"chose_seed":false,"campfire_upgraded":4,"win_rate":0,"timestamp":1539127881,"path_taken":["M","?","M","?","?","R","M","$","T","R","M","E","R","?","R","BOSS","M","M","?","M","M","R","E","$","T","?","?","E"],"build_version":"2018-09-06","purchased_purges":1,"victory":false,"max_hp_per_floor":[75,75,75,75,75,75,75,75,75,75,75,75,75,75,75,75,75,75,75,75,75,75,75,75,75,75,75,75,75],"card_choices":[{"not_picked":["Aggregate","Streamline"],"picked":"Genetic Algorithm","floor":0.0},{"not_picked":["Darkness","Scrape"],"picked":"Rebound","floor":1.0},{"not_picked":["Streamline","Reinforced Body"],"picked":"Coolheaded","floor":3.0},{"not_picked":["Sweeping Beam","Hologram"],"picked":"Redo","floor":7.0},{"not_picked":["Steam","Cold Snap"],"picked":"Sunder","floor":11.0},{"not_picked":["Coolheaded","Rebound"],"picked":"Amplify","floor":12.0},{"not_picked":["All For One","Amplify"],"picked":"Biased Cognition","floor":16.0},{"not_picked":[],"picked":"Rebound","floor":18},{"not_picked":[],"picked":"Conserve Battery+1","floor":19},{"not_picked":[],"picked":"Reprogram","floor":20},{"not_picked":[],"picked":"Barrage","floor":21},{"not_picked":[],"picked":"Rainbow","floor":22},{"not_picked":[],"picked":"Coolheaded","floor":24}],"player_experience":81277,"relics_obtained":[{"floor":9.0,"key":"Dodecahedron"},{"floor":12.0,"key":"Meat on the Bone"},{"floor":20,"key":"Red Mask"},{"floor":24,"key":"Potion Belt"},{"floor":26,"key":"Smiling Mask"},{"floor":28,"key":"Nilry\u0027s Codex"}],"event_choices":[{"event_name":"World of Goop","player_choice":"Gather Gold","floor":2.0,"damage_taken":0.0},{"event_name":"Golden Shrine","player_choice":"Desecrate","floor":4.0,"damage_taken":0.0},{"event_name":"Match and Keep!","player_choice":"2 cards matched","floor":5.0,"damage_taken":0.0},{"event_name":"Masked Bandits","player_choice":"Fought Bandits","floor":20,"damage_taken":0},{"event_name":"Wheel of Change","player_choice":"Gold","floor":27,"damage_taken":0},{"event_name":"Cursed Tome","player_choice":"Obtained Book","floor":28,"damage_taken":0}],"is_beta":false,"boss_relics":[{"not_picked":["Ectoplasm","Tiny House"],"picked":"Busted Crown"}],"items_purged_floors":[25],"is_endless":false,"potions_floor_spawned":[1,7,16,19,21],"killed_by":"Book of Stabbing","ascension_level":1}