{"gold_per_floor":[118,118,118,168,178,178,205,217,243,309,378,378,413,431,431,528,528,539,589,603,653,74,105,119,185,185,235,235,210,260,23,23,23],"floor_reached":33,"playtime":2055,"items_purged":[],"score":328,"play_id":"6a339ad9-1fc6-4622-80f0-fb948c8bcf4a","local_time":"20181004145654","is_ascension_mode":true,"campfire_choices":[{"data":"Carnage","floor":6,"key":"SMITH"},{"data":"Seeing Red","floor":12,"key":"SMITH"},{"data":"Infernal Blade","floor":15,"key":"SMITH"},{"data":"Feed","floor":28,"key":"SMITH"},{"floor":32,"key":"REST"}],"neow_cost":"","seed_source_timestamp":89429577528371,"circlet_count":0,"master_deck":["Strike_R+1","Strike_R+1","Defend_R+1","Defend_R+1","Bash+1","Shrug It Off+1","Carnage+1","Twin Strike","Seeing Red+1","Fire Breathing","Sword Boomerang","Battle Trance","Infernal Blade+1","Feed+1","Double Tap+1","Body Slam+1","True Grit+1","Blood for Blood","Intimidate+1","Ghostly","Ghostly","Ghostly+1","Ghostly","Ghostly","Pommel Strike","Secret Weapon","Rampage+1","Hemokinesis+1","Whirlwind+1","Mayhem","Blood for Blood"],"relics":["Burning Blood","SsserpentHead","Lantern","Whetstone","Pocketwatch","Astrolabe","War Paint","Toolbox","Bottled Flame","Potion Belt","Paper Frog","Bottled Lightning"],"potions_floor_usage":[13,16,16,24,24,33,33],"damage_taken":[{"damage":0,"enemies":"Small Slimes","floor":1,"turns":3},{"damage":5,"enemies":"Cultist","floor":5,"turns":4},{"damage":34,"enemies":"3 Sentries","floor":7,"turns":10},{"damage":0,"enemies":"2 Louse","floor":8,"turns":2},{"damage":3,"enemies":"Blue Slaver","floor":10,"turns":2},{"damage":15,"enemies":"Gremlin Gang","floor":11,"turns":3},{"damage":18,"enemies":"Lagavulin","floor":13,"turns":3},{"damage":0,"enemies":"Looter","floor":14,"turns":2},{"damage":53,"enemies":"The Guardian","floor":16,"turns":7},{"damage":6,"enemies":"Chosen","floor":18,"turns":3},{"damage":11,"enemies":"3 Byrds","floor":20,"turns":5},{"damage":31,"enemies":"Slavers","floor":23,"turns":6},{"damage":18,"enemies":"Centurion and Healer","floor":24,"turns":5},{"damage":5,"enemies":"Shelled Parasite and Fungi","floor":25,"turns":4},{"damage":38,"enemies":"Collector","floor":33,"turns":5}],"seed_played":"8642828637144616990","potions_obtained":[{"floor":7,"key":"LiquidBronze"},{"floor":10,"key":"SteroidPotion"},{"floor":11,"key":"BloodPotion"},{"floor":14,"key":"GamblersBrew"},{"floor":16,"key":"Strength Potion"},{"floor":24,"key":"Block Potion"},{"floor":25,"key":"Ancient Potion"}],"is_trial":false,"path_per_floor":["M","?","?","?","M","R","E","M","T","M","M","R","E","M","R","B",null,"M","?","M","?","$","E","M","M","T","T","R","?","T","$","R"],"character_chosen":"IRONCLAD","items_purchased":["Pommel Strike","Secret Weapon","War Paint","Toolbox","Mayhem","Blood for Blood"],"campfire_rested":1,"item_purchase_floors":[22,22,22,22,31,31],"current_hp_per_floor":[80,80,80,85,85,85,57,63,63,66,57,57,45,51,51,12,85,88,88,86,45,45,23,14,18,18,18,18,18,18,18,34,0],"gold":23,"neow_bonus":"","is_prod":false,"is_daily":false,"chose_seed":false,"campfire_upgraded":4,"win_rate":0,"timestamp":1538679414,"path_taken":["M","?","?","?","M","R","E","M","T","?","?","R","E","M","R","BOSS","M","?","M","?","$","E","M","?","T","?","R","?","?","$","R","BOSS"],"build_version":"2018-09-06","purchased_purges":0,"victory":false,"max_hp_per_floor":[80,80,80,85,85,85,85,85,85,85,85,85,85,85,85,85,85,88,88,91,45,45,48,51,54,54,54,54,54,54,54,54,54],"card_choices":[{"not_picked":["Clash","Burning Pact"],"picked":"Shrug It Off","floor":1},{"not_picked":["Entrench","Armaments"],"picked":"Carnage","floor":5},{"not_picked":["Metallicize","Evolve"],"picked":"Twin Strike","floor":7},{"not_picked":["Wild Strike","Clothesline"],"picked":"Seeing Red","floor":8},{"not_picked":["Burning Pact","Headbutt"],"picked":"Fire Breathing","floor":10},{"not_picked":["Seeing Red","Twin Strike"],"picked":"Sword Boomerang","floor":11},{"not_picked":["Berserk","True Grit"],"picked":"Battle Trance","floor":13},{"not_picked":["Armaments","Clothesline"],"picked":"Infernal Blade","floor":14},{"not_picked":["Reaper","Immolate"],"picked":"Feed","floor":16},{"not_picked":["Wild Strike","Perfected Strike+1"],"picked":"Blood for Blood","floor":18},{"not_picked":["Pommel Strike","Body Slam+1"],"picked":"Intimidate+1","floor":20},{"not_picked":["Headbutt","Armaments"],"picked":"Rampage+1","floor":23},{"not_picked":["Rupture+1","Twin Strike"],"picked":"Hemokinesis+1","floor":24},{"not_picked":["Shrug It Off","Demon Form"],"picked":"Whirlwind+1","floor":25}],"player_experience":43488,"relics_obtained":[{"floor":7,"key":"Lantern"},{"floor":9,"key":"Whetstone"},{"floor":13,"key":"Pocketwatch"},{"floor":23,"key":"Bottled Flame"},{"floor":26,"key":"Potion Belt"},{"floor":27,"key":"Paper Frog"},{"floor":30,"key":"Bottled Lightning"}],"event_choices":[{"event_name":"Purifier","player_choice":"One Purge","floor":2,"damage_taken":0},{"event_name":"FaceTrader","player_choice":"Trade","floor":3,"damage_taken":0},{"event_name":"Big Fish","player_choice":"Donut","floor":4,"damage_taken":0},{"event_name":"Back to Basics","player_choice":"Simplicity","floor":19,"damage_taken":0},{"event_name":"Ghosts","player_choice":"Became a Ghost","floor":21,"damage_taken":0},{"event_name":"Beggar","player_choice":"Gave Gold","floor":29,"damage_taken":0}],"is_beta":false,"boss_relics":[{"not_picked":["White Beast Statue","Sozu"],"picked":"Astrolabe"}],"items_purged_floors":[],"is_endless":false,"potions_floor_spawned":[7,10,11,14,16,24,25],"killed_by":"Collector","ascension_level":2}