{"gold_per_floor":[115,265,282,297,71,71,105,124,124,124,71,97,97,109,109,187,187,201,201],"floor_reached":19,"playtime":526,"items_purged":["Doubt"],"score":310,"play_id":"909fdb05-0831-4bc1-8dee-969f21a7235b","local_time":"20190524173756","is_ascension_mode":true,"campfire_choices":[{"data":"Blizzard","floor":6,"key":"SMITH"},{"data":"Capacitor","floor":10,"key":"SMITH"},{"data":"Consume","floor":15,"key":"SMITH"}],"neow_cost":"NONE","seed_source_timestamp":354443171234036,"circlet_count":0,"master_deck":["AscendersBane","Strike_B","Strike_B+1","Strike_B","Strike_B","Defend_B","Defend_B","Defend_B","Defend_B+1","Zap","Dualcast","Coolheaded","Glacier","Glacier","Capacitor+1","Blizzard+1","Core Surge","Beam Cell","Consume+1","Machine Learning"],"relics":["FrozenCore","NeowsBlessing","StoneCalendar","Incense Burner","Pantograph"],"potions_floor_usage":[19],"damage_taken":[{"damage":0,"enemies":"2 Louse","floor":1,"turns":1},{"damage":0,"enemies":"Small Slimes","floor":3,"turns":1},{"damage":0,"enemies":"Jaw Worm","floor":4,"turns":1},{"damage":14,"enemies":"Lagavulin","floor":7,"turns":9},{"damage":8,"enemies":"Exordium Wildlife","floor":8,"turns":7},{"damage":14,"enemies":"Gremlin Nob","floor":12,"turns":7},{"damage":1,"enemies":"Large Slime","floor":14,"turns":6},{"damage":23,"enemies":"The Guardian","floor":16,"turns":15},{"damage":11,"enemies":"Chosen","floor":18,"turns":7},{"damage":46,"enemies":"Masked Bandits","floor":19,"turns":3}],"seed_played":"5842622587383055477","potions_obtained":[{"floor":1,"key":"Strength Potion"},{"floor":3,"key":"Explosive Potion"}],"is_trial":false,"path_per_floor":["M","?","M","M","$","R","E","M","T","R","?","E","?","M","R","B",null,"M","?"],"character_chosen":"DEFECT","items_purchased":["Capacitor","Blizzard"],"campfire_rested":0,"item_purchase_floors":[5,5],"current_hp_per_floor":[64,64,64,64,64,64,50,42,42,42,42,28,7,6,6,8,55,44,0],"gold":201,"neow_bonus":"THREE_ENEMY_KILL","is_prod":false,"is_daily":false,"chose_seed":false,"campfire_upgraded":3,"win_rate":0,"timestamp":1558712276,"path_taken":["M","?","M","M","$","R","E","M","T","R","?","E","?","M","R","BOSS","M","?"],"build_version":"2019-01-23","purchased_purges":1,"victory":false,"max_hp_per_floor":[71,71,71,71,71,71,71,71,71,71,71,71,71,71,71,71,71,71,71],"card_choices":[{"not_picked":["Blizzard","Redo"],"picked":"Coolheaded","floor":1},{"not_picked":["Sweeping Beam","Capacitor"],"picked":"Glacier","floor":3},{"not_picked":["Compile Driver","Coolheaded"],"picked":"Glacier","floor":4},{"not_picked":["Static Discharge","Rebound"],"picked":"Core Surge","floor":7},{"not_picked":["Steam Power","Darkness","BootSequence"],"picked":"SKIP","floor":8},{"not_picked":["Aggregate","White Noise"],"picked":"Beam Cell","floor":12},{"not_picked":["Sweeping Beam","Coolheaded"],"picked":"Consume","floor":14},{"not_picked":["Multi-Cast","Creative AI"],"picked":"Machine Learning","floor":16},{"not_picked":["Hologram","Ball Lightning","Go for the Eyes"],"picked":"SKIP","floor":18}],"player_experience":244810,"relics_obtained":[{"floor":7,"key":"StoneCalendar"},{"floor":9,"key":"Incense Burner"},{"floor":12,"key":"Pantograph"}],"event_choices":[{"damage_healed":0,"gold_gain":150,"player_choice":"AGREE","damage_taken":0,"max_hp_gain":0,"max_hp_loss":0,"event_name":"Liars Game","floor":2,"gold_loss":0,"cards_obtained":["Doubt"]},{"damage_healed":0,"gold_gain":0,"player_choice":"Left Gold","damage_taken":0,"max_hp_gain":0,"max_hp_loss":0,"event_name":"World of Goop","floor":11,"gold_loss":53},{"damage_healed":0,"gold_gain":0,"player_choice":"Entered Light","damage_taken":21,"max_hp_gain":0,"max_hp_loss":0,"event_name":"Shining Light","floor":13,"gold_loss":0,"cards_upgraded":["Defend_B","Strike_B"]},{"damage_healed":0,"gold_gain":0,"player_choice":"Fought Bandits","damage_taken":0,"max_hp_gain":0,"max_hp_loss":0,"event_name":"Masked Bandits","floor":19,"gold_loss":0}],"is_beta":false,"boss_relics":[{"not_picked":["Tiny House","Runic Pyramid"],"picked":"FrozenCore"}],"items_purged_floors":[5],"is_endless":false,"potions_floor_spawned":[1,3,8],"killed_by":"Masked Bandits","ascension_level":15}