{"gold_per_floor":[112,124,124,124,28,28,47,65,65,65,78,103,113,140,140,239,239,251,269,269,269,279,299,299,78,78,89,89,105,105,119,119,221,221,240,240,240,257,275,304,304,322,322,334,334,366,366,22,22,22],"floor_reached":51,"playtime":6542,"items_purged":["Strike_B","Defend_B"],"score":1098,"play_id":"37b09db4-2070-4de7-80d2-e1ebc686d3f9","local_time":"20190517135029","is_ascension_mode":true,"campfire_choices":[{"floor":6.0,"key":"DIG"},{"floor":10.0,"key":"REST"},{"floor":15.0,"key":"DIG"},{"floor":24.0,"key":"DIG"},{"floor":28.0,"key":"DIG"},{"floor":30.0,"key":"DIG"},{"floor":32.0,"key":"REST"},{"floor":41,"key":"DIG"},{"floor":47,"key":"DIG"},{"floor":49,"key":"REST"}],"neow_cost":"PERCENT_DAMAGE","seed_source_timestamp":0,"circlet_count":0,"master_deck":["AscendersBane","Defend_B","Defend_B","Defend_B","Zap","Dualcast+1","Ball Lightning","Go for the Eyes+1","Flash of Steel","Coolheaded","Core Surge","Defragment","Genetic Algorithm+1","Genetic Algorithm","Cold Snap","Echo Form","Hologram","Reprogram","Coolheaded","Buffer","Capacitor","Recycle","Double Energy","Doom and Gloom","Echo Form","Sunder","Barrage+1","Redo+1","Go for the Eyes+1","Defragment","Hologram","Amplify","Mayhem"],"special_seed":0,"relics":["Cracked Core","Shovel","CultistMask","Mummified Hand","Meat on the Bone","Centennial Puzzle","Odd Mushroom","PreservedInsect","Fusion Hammer","Blood Vial","War Paint","Bottled Lightning","Anchor","Philosopher\u0027s Stone","Sundial","Thread and Needle","Lantern","Mercury Hourglass"],"potions_floor_usage":[50,50],"damage_taken":[{"damage":1.0,"enemies":"2 Louse","floor":1.0,"turns":3.0},{"damage":7.0,"enemies":"Jaw Worm","floor":2.0,"turns":3.0},{"damage":0.0,"enemies":"Cultist","floor":7.0,"turns":3.0},{"damage":5.0,"enemies":"Looter","floor":8.0,"turns":3.0},{"damage":0.0,"enemies":"Large Slime","floor":11.0,"turns":3.0},{"damage":29.0,"enemies":"3 Sentries","floor":12.0,"turns":7.0},{"damage":6.0,"enemies":"2 Fungi Beasts","floor":13.0,"turns":3.0},{"damage":19.0,"enemies":"The Mushroom Lair","floor":14.0,"turns":4.0},{"damage":27.0,"enemies":"The Guardian","floor":16.0,"turns":16.0},{"damage":8.0,"enemies":"Chosen","floor":18.0,"turns":4.0},{"damage":12.0,"enemies":"2 Thieves","floor":19.0,"turns":4.0},{"damage":8.0,"enemies":"3 Cultists","floor":22.0,"turns":6.0},{"damage":9.0,"enemies":"Snake Plant","floor":23.0,"turns":6.0},{"damage":3.0,"enemies":"Snecko","floor":27.0,"turns":7.0},{"damage":2.0,"enemies":"Centurion and Healer","floor":29.0,"turns":10.0},{"damage":11.0,"enemies":"Chosen and Byrds","floor":31.0,"turns":7.0},{"damage":12.0,"enemies":"Champ","floor":33.0,"turns":16.0},{"damage":8,"enemies":"Orb Walker","floor":35,"turns":5},{"damage":34,"enemies":"3 Shapes","floor":38,"turns":9},{"damage":18,"enemies":"Jaw Worm Horde","floor":39,"turns":5},{"damage":0,"enemies":"Giant Head","floor":40,"turns":8},{"damage":20,"enemies":"Spire Growth","floor":42,"turns":5},{"damage":0,"enemies":"Transient","floor":44,"turns":5},{"damage":30,"enemies":"Reptomancer","floor":46,"turns":8},{"damage":37,"enemies":"Awakened One","floor":50,"turns":8}],"seed_played":"7897133844181706656","potions_obtained":[{"floor":2.0,"key":"SteroidPotion"},{"floor":11.0,"key":"Poison Potion"},{"floor":13.0,"key":"Energy Potion"},{"floor":22.0,"key":"Dexterity Potion"},{"floor":29.0,"key":"Weak Potion"},{"floor":42,"key":"SteroidPotion"}],"is_trial":false,"path_per_floor":["?","?","M","?","?","?","M","?","?","M","?"],"character_chosen":"DEFECT","items_purchased":["Flash of Steel","Capacitor","Recycle","Amplify","Mayhem"],"campfire_rested":3,"item_purchase_floors":[5,25,25,48,48],"current_hp_per_floor":[49,42,42,42,42,42,42,37,37,59,59,42,48,41,41,26,63,55,43,29,29,33,36,36,36,36,47,47,47,47,50,74,64,76,70,70,70,50,46,48,48,42,42,44,44,28,28,28,52,29],"gold":22,"neow_bonus":"ONE_RARE_RELIC","is_prod":false,"is_daily":false,"chose_seed":false,"campfire_upgraded":0,"win_rate":0,"timestamp":1558115429,"path_taken":["M","M","?","?","$","R","M","M","T","R","M","E","?","?","R","BOSS","M","M","?","?","M","M","R","$","T","?","R","M","R","M","R","BOSS","M","?","?","M","M","E","R","M","T","?","?","E","R","$","R","BOSS"],"build_version":"2019-01-23","purchased_purges":2,"victory":true,"max_hp_per_floor":[75,75,75,75,75,75,75,75,75,75,75,75,75,75,75,75,75,75,75,80,80,80,80,80,80,80,80,80,80,80,80,80,80,80,80,80,80,80,80,80,80,80,80,80,80,80,80,80,80,80],"card_choices":[{"not_picked":["Stack","Beam Cell"],"picked":"Ball Lightning","floor":1.0},{"not_picked":["Compile Driver","Rip and Tear"],"picked":"Go for the Eyes","floor":2.0},{"not_picked":["Gash","Streamline"],"picked":"Coolheaded","floor":7.0},{"not_picked":["Compile Driver","White Noise"],"picked":"Core Surge","floor":8.0},{"not_picked":["Go for the Eyes","Steam"],"picked":"Defragment","floor":11.0},{"not_picked":["Fission","Rebound"],"picked":"Genetic Algorithm","floor":12.0},{"not_picked":["Gash","Turbo"],"picked":"Genetic Algorithm","floor":13.0},{"not_picked":["Redo","Ball Lightning"],"picked":"Cold Snap","floor":14.0},{"not_picked":["Machine Learning","Rainbow"],"picked":"Echo Form","floor":16.0},{"not_picked":["Go for the Eyes","Redo","Rebound"],"picked":"SKIP","floor":18.0},{"not_picked":["Force Field","Sweeping Beam"],"picked":"Hologram","floor":19.0},{"not_picked":["Leap","Aggregate"],"picked":"Coolheaded","floor":22.0},{"not_picked":["Hello World","Reinforced Body"],"picked":"Buffer","floor":23.0},{"not_picked":["Go for the Eyes","Streamline","Steam+1"],"picked":"SKIP","floor":27.0},{"not_picked":["Rip and Tear","Genetic Algorithm"],"picked":"Double Energy","floor":29.0},{"not_picked":["Turbo","Coolheaded"],"picked":"Doom and Gloom","floor":31.0},{"not_picked":["Multi-Cast","Hyperbeam"],"picked":"Echo Form","floor":33.0},{"not_picked":["Capacitor","Skim"],"picked":"Sunder","floor":35},{"not_picked":["Streamline","Beam Cell"],"picked":"Barrage+1","floor":38},{"not_picked":["Stack","Rip and Tear+1"],"picked":"Redo+1","floor":39},{"not_picked":["Static Discharge","Stack"],"picked":"Go for the Eyes+1","floor":40},{"not_picked":["Gash","Ball Lightning"],"picked":"Defragment","floor":42},{"not_picked":["Leap","Go for the Eyes","Steam"],"picked":"SKIP","floor":44},{"not_picked":["Melter+1","Stack+1"],"picked":"Hologram","floor":46}],"player_experience":502804,"relics_obtained":[{"floor":6.0,"key":"Mummified Hand"},{"floor":9.0,"key":"Meat on the Bone"},{"floor":12.0,"key":"Centennial Puzzle"},{"floor":14.0,"key":"Odd Mushroom"},{"floor":15.0,"key":"PreservedInsect"},{"floor":24.0,"key":"Blood Vial"},{"floor":26.0,"key":"War Paint"},{"floor":28.0,"key":"Bottled Lightning"},{"floor":30.0,"key":"Anchor"},{"floor":40,"key":"Sundial"},{"floor":41,"key":"Thread and Needle"},{"floor":46,"key":"Lantern"},{"floor":47,"key":"Mercury Hourglass"}],"event_choices":[{"damage_healed":0.0,"max_hp_gain":0.0,"max_hp_loss":0.0,"gold_gain":0.0,"event_name":"Living Wall","player_choice":"Grow","floor":3.0,"gold_loss":0.0,"damage_taken":0.0,"cards_upgraded":["Go for the Eyes"]},{"damage_healed":0.0,"max_hp_gain":0.0,"max_hp_loss":0.0,"gold_gain":0.0,"event_name":"FaceTrader","player_choice":"Trade","floor":4.0,"gold_loss":0.0,"damage_taken":0.0,"relics_obtained":["CultistMask"]},{"damage_healed":0.0,"max_hp_gain":0.0,"max_hp_loss":0.0,"gold_gain":0.0,"event_name":"Mushrooms","player_choice":"Fought Mushrooms","floor":14.0,"gold_loss":0.0,"damage_taken":0.0},{"damage_healed":0.0,"max_hp_gain":5.0,"max_hp_loss":0.0,"gold_gain":0.0,"event_name":"Forgotten Altar","player_choice":"Shed Blood","floor":20.0,"gold_loss":0.0,"damage_taken":19.0},{"damage_healed":0.0,"max_hp_gain":0.0,"max_hp_loss":0.0,"gold_gain":0.0,"cards_transformed":["Strike_B"],"event_name":"Transmorgrifier","player_choice":"Transformed","floor":21.0,"gold_loss":0.0,"damage_taken":0.0,"cards_obtained":["Reprogram"]},{"cards_removed":["Strike_B"],"damage_healed":0,"gold_gain":0,"player_choice":"Removed Attack","damage_taken":0,"max_hp_gain":0,"max_hp_loss":0,"event_name":"Falling","floor":36,"gold_loss":0},{"cards_removed":["Strike_B"],"damage_healed":0,"gold_gain":0,"player_choice":"Purged","damage_taken":0,"max_hp_gain":0,"max_hp_loss":0,"event_name":"Purifier","floor":37,"gold_loss":0},{"damage_healed":0,"gold_gain":0,"player_choice":"Ignored","damage_taken":0,"max_hp_gain":0,"max_hp_loss":0,"event_name":"Tomb of Lord Red Mask","floor":45,"gold_loss":0}],"is_beta":false,"boss_relics":[{"not_picked":["Velvet Choker","Snecko Eye"],"picked":"Fusion Hammer"},{"not_picked":["Lizard Tail","Runic Pyramid"],"picked":"Philosopher\u0027s Stone"}],"items_purged_floors":[25,48],"is_endless":false,"potions_floor_spawned":[2,11,13,16,22,29,35,40,42,46],"ascension_level":12}