{"gold_per_floor":[113,38,38,38,52,52,52,52,77,88,88,120,120,136,136,234,234,254,126,139,155,166,166,191,116,140,158,41,41,51,51],"floor_reached":31,"playtime":1544,"items_purged":["Strike_B","Strike_B"],"score":281,"play_id":"9d049ff7-7f73-495e-bdc8-3524fd536ef3","local_time":"20180708090637","is_ascension_mode":true,"campfire_choices":[{"data":"Hologram","floor":6,"key":"SMITH"},{"data":"Zap","floor":8,"key":"SMITH"},{"data":"Rebound","floor":11,"key":"SMITH"},{"data":"Barrage","floor":13,"key":"SMITH"},{"data":"Defragment","floor":15,"key":"SMITH"},{"data":"Fission","floor":23,"key":"SMITH"}],"neow_cost":"NONE","seed_source_timestamp":82664711077667,"circlet_count":0,"master_deck":["Strike_B","Defend_B","Defend_B","Defend_B","Defend_B","Zap+1","Dualcast","Hologram+1","Chill","Rebound","Core Surge","Zap+1","Rebound+1","Barrage+1","Defragment+1","Fission+1","Leap","Sweeping Beam+1","Conserve Battery+1","BasicCrystalCard","Buffer","Cold Snap","Coolheaded"],"relics":["Cracked Core","Centennial Puzzle","Orichalcum","Painkiller Herb","Bag of Marbles","Blue Doll","Nilry\u0027s Codex"],"potions_floor_usage":[12,16,18,21,22,31,31],"damage_taken":[{"damage":0,"enemies":"2 Louse","floor":1,"turns":2},{"damage":0,"enemies":"Cultist","floor":5,"turns":3},{"damage":0,"enemies":"Small Slimes","floor":10,"turns":3},{"damage":3,"enemies":"3 Sentries","floor":12,"turns":5},{"damage":2,"enemies":"Blue Slaver","floor":14,"turns":2},{"damage":5,"enemies":"The Guardian","floor":16,"turns":8},{"damage":0,"enemies":"3 Byrds","floor":18,"turns":3},{"damage":8,"enemies":"Shell Parasite","floor":20,"turns":3},{"damage":11,"enemies":"Cultist and Chosen","floor":21,"turns":6},{"damage":27,"enemies":"Snake Plant","floor":22,"turns":4},{"damage":7,"enemies":"Gremlin Leader","floor":24,"turns":6},{"damage":0,"enemies":"Centurion and Healer","floor":27,"turns":9},{"damage":3,"enemies":"3 Cultists","floor":30,"turns":4},{"damage":17,"enemies":"Book of Stabbing","floor":31,"turns":6}],"seed_played":"5801307489603761189","potions_obtained":[{"floor":3,"key":"Venom Potion"},{"floor":3,"key":"Regen Potion"},{"floor":3,"key":"EssenceOfSteel"},{"floor":14,"key":"Explosive Potion"},{"floor":16,"key":"Poison Potion"},{"floor":21,"key":"SpeedPotion"},{"floor":24,"key":"Strength Potion"},{"floor":30,"key":"AttackPotion"}],"is_trial":false,"path_per_floor":["M","$","?","?","M","R","?","R","T","M","R","E","R","M","R","B",null,"?","T","?","?","?","T","?","?","T","?","T","?","?"],"character_chosen":"DEFECT","items_purchased":["Chill","Leap","Cold Snap"],"campfire_rested":0,"item_purchase_floors":[2,19,28],"current_hp_per_floor":[75,75,75,75,75,75,75,75,75,75,75,72,72,70,70,65,75,75,75,67,56,41,41,34,34,34,34,34,18,15,0],"gold":51,"neow_bonus":"UPGRADE_CARD","is_prod":false,"is_daily":false,"chose_seed":false,"campfire_upgraded":6,"win_rate":0,"timestamp":1531033597,"path_taken":["M","$","?","?","M","R","?","R","T","M","R","E","R","M","R","BOSS","?","T","?","?","?","T","?","?","T","?","T","?","?","?"],"build_version":"2018-07-05","purchased_purges":2,"victory":false,"max_hp_per_floor":[75,75,75,75,75,75,75,75,75,75,75,75,75,75,75,75,75,75,75,75,75,75,75,75,75,75,75,75,75,75,75],"card_choices":[{"not_picked":["Capacitor","Leap"],"picked":"Hologram","floor":1},{"not_picked":["Leap","BootSequence"],"picked":"Rebound","floor":5},{"not_picked":["Hologram","Beam Cell"],"picked":"Rebound","floor":10},{"not_picked":["Redo","Hyperbeam"],"picked":"Barrage","floor":12},{"not_picked":["Chaos","White Noise"],"picked":"Defragment","floor":14},{"not_picked":["Seek","Rainbow"],"picked":"Fission","floor":16},{"not_picked":["Chaos","Doom and Gloom"],"picked":"Sweeping Beam+1","floor":21},{"not_picked":["Loop+1","Fusion"],"picked":"Conserve Battery+1","floor":22},{"not_picked":["Ball Lightning","Beam Cell"],"picked":"BasicCrystalCard","floor":24},{"not_picked":["Leap","Rebound"],"picked":"Buffer","floor":27},{"not_picked":["Reflective Lens","Ball Lightning+1"],"picked":"Coolheaded","floor":30}],"player_experience":747562,"relics_obtained":[{"floor":9,"key":"Centennial Puzzle"},{"floor":12,"key":"Orichalcum"},{"floor":24,"key":"Bag of Marbles"},{"floor":26,"key":"Blue Doll"},{"floor":29,"key":"Nilry\u0027s Codex"}],"event_choices":[{"event_name":"The Lab","player_choice":"Got Potions","floor":3,"damage_taken":0},{"event_name":"The Cleric","player_choice":"Leave","floor":4,"damage_taken":0},{"event_name":"Match and Keep!","player_choice":"2 cards matched","floor":7,"damage_taken":0},{"event_name":"Beggar","player_choice":"Gave Gold","floor":25,"damage_taken":0},{"event_name":"Cursed Tome","player_choice":"Obtained Book","floor":29,"damage_taken":0}],"boss_relics":[{"not_picked":["Cursed Key","Tiny House"],"picked":"Painkiller Herb"}],"items_purged_floors":[19,28],"is_endless":false,"potions_floor_spawned":[10,14,16,21,24,30],"killed_by":"Book of Stabbing","ascension_level":2}