{"gold_per_floor":[367,383,333,34,34,34,98,117,167,180,205,220,220,232,232,330,330,350,363,62,62,62,62,92,106,106,131,131,145,180,180,180,284,284,294,306,406,406,459,459,488,501,501,21,21,21,21,37,37,37,37,37,37,69,69],"floor_reached":55,"playtime":4168,"items_purged":["Writhe"],"score":1263,"play_id":"ad62c42c-c608-4eb6-ae26-7ea9d0dc86b9","local_time":"20190510135328","is_ascension_mode":true,"campfire_choices":[{"data":"Heavy Blade","floor":6,"key":"SMITH"},{"floor":15,"key":"REST"},{"floor":23,"key":"REST"},{"data":"Flame Barrier","floor":28,"key":"SMITH"},{"floor":32,"key":"REST"},{"floor":40,"key":"REST"},{"floor":45,"key":"RECALL"},{"data":"Heavy Blade","floor":49,"key":"SMITH"},{"data":"Limit Break","floor":52,"key":"SMITH"}],"neow_cost":"PERCENT_DAMAGE","seed_source_timestamp":4487722297352734,"circlet_count":0,"master_deck":["Strike_R","Strike_R","Strike_R","Defend_R","Defend_R","Defend_R","Defend_R","Bash","Shrug It Off","Heavy Blade+1","Shrug It Off","Sword Boomerang+1","Heavy Blade+1","Body Slam","Spot Weakness","Metallicize","Corruption","Infernal Blade","Offering","Battle Trance","Havoc+1","Flame Barrier+1","Feed","Spot Weakness","Limit Break+1","Flex+1","Parasite","Dropkick","Heavy Blade+1","Shockwave","Demon Form","Sword Boomerang+1","True Grit+1","Rage+1","Sword Boomerang+1","Flame Barrier","Whirlwind","Parasite","Mayhem","Heavy Blade"],"relics":["Burning Blood","Brimstone","Bag of Marbles","Tiny Chest","Strawberry","Mummified Hand","Cursed Key","Calipers","Singing Bowl","Champion Belt","Dodecahedron","Paper Frog","Runic Pyramid","Turnip","Peace Pipe","Boot","Lee\u0027s Waffle","Bottled Flame"],"potions_floor_usage":[14,16,25,33,50,54,54,54,54,54],"damage_taken":[{"damage":5,"enemies":"Small Slimes","floor":1,"turns":4},{"damage":0,"enemies":"2 Louse","floor":2,"turns":5},{"damage":15,"enemies":"Lagavulin","floor":7,"turns":4},{"damage":0,"enemies":"Jaw Worm","floor":8,"turns":2},{"damage":7,"enemies":"3 Louse","floor":10,"turns":2},{"damage":27,"enemies":"3 Sentries","floor":11,"turns":5},{"damage":6,"enemies":"Blue Slaver","floor":12,"turns":2},{"damage":0,"enemies":"2 Fungi Beasts","floor":14,"turns":2},{"damage":37,"enemies":"Hexaghost","floor":16,"turns":4},{"damage":12,"enemies":"Chosen","floor":18,"turns":3},{"damage":9,"enemies":"Shell Parasite","floor":19,"turns":2},{"damage":11,"enemies":"Slavers","floor":24,"turns":2},{"damage":10,"enemies":"Snake Plant","floor":25,"turns":3},{"damage":6,"enemies":"Gremlin Leader","floor":27,"turns":4},{"damage":13,"enemies":"Centurion and Healer","floor":29,"turns":3},{"damage":47,"enemies":"Slavers","floor":30,"turns":6},{"damage":6,"enemies":"Champ","floor":33,"turns":2},{"damage":21,"enemies":"3 Shapes","floor":35,"turns":6},{"damage":11,"enemies":"3 Darklings","floor":36,"turns":3},{"damage":15,"enemies":"Mind Bloom Boss Battle","floor":37,"turns":7},{"damage":13,"enemies":"2 Orb Walkers","floor":39,"turns":3},{"damage":8,"enemies":"Reptomancer","floor":41,"turns":4},{"damage":31,"enemies":"4 Shapes","floor":42,"turns":7},{"damage":0,"enemies":"Writhing Mass","floor":48,"turns":2},{"damage":61,"enemies":"Awakened One","floor":50,"turns":6},{"damage":80,"enemies":"Shield and Spear","floor":54,"turns":3},{"damage":56,"enemies":"The Heart","floor":55,"turns":3}],"seed_played":"-8092419254171314186","potions_obtained":[{"floor":10,"key":"SteroidPotion"},{"floor":11,"key":"Fire Potion"},{"floor":12,"key":"AttackPotion"},{"floor":16,"key":"Block Potion"},{"floor":19,"key":"BloodPotion"},{"floor":24,"key":"FearPotion"},{"floor":36,"key":"EntropicBrew"},{"floor":42,"key":"AttackPotion"}],"is_trial":false,"path_per_floor":["?","?","M","?","?","?","T","?","?","?","$","?"],"character_chosen":"IRONCLAD","items_purchased":["Brimstone","Shrug It Off","Sword Boomerang","Flame Barrier","Feed","Spot Weakness","Mayhem","Lee\u0027s Waffle"],"campfire_rested":4,"item_purchase_floors":[4,4,4,20,20,20,44,44],"current_hp_per_floor":[52,58,58,58,51,51,42,48,55,54,33,33,16,22,48,17,70,64,61,61,61,44,71,69,65,65,65,65,58,20,20,49,52,89,77,75,66,66,62,95,96,74,74,123,123,123,123,123,123,71,112,112,112,52,0],"gold":69,"neow_bonus":"TWO_FIFTY_GOLD","is_prod":false,"is_daily":false,"chose_seed":false,"campfire_upgraded":4,"win_rate":0,"timestamp":1557510808,"path_taken":["M","M","?","$","?","R","E","?","T","M","E","M","?","M","R","BOSS","M","M","$","?","?","R","E","M","T","E","R","M","E","?","R","BOSS","M","M","?","?","?","R","E","M","T","$","R","?","?","M","R","BOSS","R","$","E","BOSS"],"build_version":"2019-01-23","purchased_purges":1,"victory":false,"max_hp_per_floor":[80,80,80,80,80,80,80,80,87,87,87,87,87,87,87,87,87,87,87,87,87,92,92,95,95,95,95,95,95,98,98,98,101,101,104,107,107,107,110,110,113,116,116,123,123,123,123,123,123,126,126,126,126,128,128],"card_choices":[{"not_picked":["Twin Strike","Rampage"],"picked":"Shrug It Off","floor":1},{"not_picked":["Perfected Strike","Warcry"],"picked":"Heavy Blade","floor":2},{"not_picked":["Fire Breathing","Cleave"],"picked":"Heavy Blade","floor":7},{"not_picked":["Iron Wave","Clash"],"picked":"Body Slam","floor":8},{"not_picked":["Clothesline","Armaments"],"picked":"Spot Weakness","floor":10},{"not_picked":["Reckless Charge","Corruption"],"picked":"Metallicize","floor":11},{"not_picked":["Body Slam","Iron Wave"],"picked":"Corruption","floor":12},{"not_picked":["Rupture","Searing Blow"],"picked":"Infernal Blade","floor":14},{"not_picked":["Brutality","Dark Embrace"],"picked":"Offering","floor":16},{"not_picked":["Spot Weakness","Headbutt+1"],"picked":"Battle Trance","floor":18},{"not_picked":["Shrug It Off","Cleave+1"],"picked":"Havoc+1","floor":19},{"not_picked":["Headbutt+1","Sword Boomerang"],"picked":"Limit Break","floor":24},{"not_picked":["Infernal Blade","Havoc"],"picked":"Flex+1","floor":25},{"not_picked":["Flex+1","Perfected Strike+1"],"picked":"Dropkick","floor":27},{"not_picked":["Perfected Strike","Inflame"],"picked":"Heavy Blade","floor":29},{"not_picked":["Cleave","Clothesline"],"picked":"Shockwave","floor":30},{"not_picked":["Berserk","Dark Embrace"],"picked":"Demon Form","floor":33},{"not_picked":["Heavy Blade+1","Clothesline+1"],"picked":"Sword Boomerang+1","floor":35},{"not_picked":["Pommel Strike+1","Warcry+1"],"picked":"True Grit+1","floor":36},{"not_picked":["Intimidate","Body Slam"],"picked":"Rage+1","floor":37},{"not_picked":["Searing Blow+1","Anger+1"],"picked":"Sword Boomerang+1","floor":39},{"not_picked":["Demon Form","Cleave+1"],"picked":"Flame Barrier","floor":41},{"not_picked":["Havoc","Clash"],"picked":"Whirlwind","floor":42},{"not_picked":["Pommel Strike+1","Entrench"],"picked":"Heavy Blade","floor":48},{"not_picked":["Corruption","Second Wind+1","Havoc"],"picked":"Singing Bowl","floor":54}],"player_experience":358574,"relics_obtained":[{"floor":7,"key":"Tiny Chest"},{"floor":9,"key":"Strawberry"},{"floor":11,"key":"Mummified Hand"},{"floor":24,"key":"Calipers"},{"floor":26,"key":"Singing Bowl"},{"floor":27,"key":"Champion Belt"},{"floor":30,"key":"Dodecahedron"},{"floor":31,"key":"Paper Frog"},{"floor":37,"key":"Turnip"},{"floor":39,"key":"Peace Pipe"},{"floor":41,"key":"Boot"},{"floor":54,"key":"Bottled Flame"}],"event_choices":[{"cards_removed":["Strike_R"],"damage_healed":0,"gold_gain":0,"player_choice":"Card Removal","damage_taken":0,"max_hp_gain":0,"max_hp_loss":0,"event_name":"The Cleric","floor":3,"gold_loss":50},{"damage_healed":0,"gold_gain":0,"player_choice":"Success","damage_taken":7,"relics_obtained":["Bag of Marbles"],"max_hp_gain":0,"max_hp_loss":0,"event_name":"Scrap Ooze","floor":5,"gold_loss":0},{"damage_healed":0,"gold_gain":0,"player_choice":"Entered Light","damage_taken":17,"max_hp_gain":0,"max_hp_loss":0,"event_name":"Shining Light","floor":13,"gold_loss":0,"cards_upgraded":["Sword Boomerang","Heavy Blade"]},{"damage_healed":0,"gold_gain":0,"player_choice":"Ignored","damage_taken":0,"max_hp_gain":0,"max_hp_loss":0,"event_name":"Beggar","floor":21,"gold_loss":0},{"damage_healed":0,"gold_gain":0,"player_choice":"Shed Blood","damage_taken":22,"max_hp_gain":5,"max_hp_loss":0,"event_name":"Forgotten Altar","floor":22,"gold_loss":0},{"damage_healed":0,"gold_gain":0,"player_choice":"Fight","damage_taken":0,"max_hp_gain":0,"max_hp_loss":0,"event_name":"MindBloom","floor":37,"gold_loss":0},{"damage_healed":0,"gold_gain":0,"player_choice":"Ignored","damage_taken":0,"max_hp_gain":0,"max_hp_loss":0,"event_name":"Tomb of Lord Red Mask","floor":38,"gold_loss":0},{"damage_healed":0,"gold_gain":0,"player_choice":"Fight","damage_taken":0,"max_hp_gain":0,"max_hp_loss":0,"event_name":"Mysterious Sphere","floor":39,"gold_loss":0},{"cards_removed":["Strike_R"],"damage_healed":0,"gold_gain":0,"player_choice":"Removed Attack","damage_taken":0,"max_hp_gain":0,"max_hp_loss":0,"event_name":"Falling","floor":47,"gold_loss":0}],"is_beta":false,"boss_relics":[{"not_picked":["Snecko Eye","Lizard Tail"],"picked":"Cursed Key"},{"not_picked":["Runic Dome","Astrolabe"],"picked":"Runic Pyramid"}],"items_purged_floors":[44],"is_endless":false,"potions_floor_spawned":[10,11,12,16,19,24,36,42,48],"killed_by":"The Heart","ascension_level":8}