{"gold_per_floor":[110,60,60,60,79,79,103,147,147,170,170,204,217,50,50,139,139,153,33,33,57,0,0,0],"floor_reached":24,"playtime":1063,"items_purged":["Strike_R"],"score":337,"play_id":"4a97707c-c4a4-446f-9997-f73a689778c5","local_time":"20190515224108","is_ascension_mode":true,"campfire_choices":[{"data":"Barricade","floor":6.0,"key":"SMITH"},{"floor":11.0,"key":"REST"},{"data":"Rage","floor":15.0,"key":"SMITH"},{"data":"Entrench","floor":23.0,"key":"SMITH"}],"neow_cost":"PERCENT_DAMAGE","seed_source_timestamp":42846423066842,"circlet_count":0,"master_deck":["AscendersBane","Strike_R","Strike_R","Strike_R","Defend_R+1","Defend_R","Defend_R+1","Defend_R","Bash","Barricade+1","Metallicize","Rage+1","Body Slam+1","Good Instincts","Feed+1","Metallicize","True Grit","Entrench+1"],"special_seed":0,"relics":["Burning Blood","Golden Idol","Pantograph","Bottled Lightning","Molten Egg 2","Black Star"],"potions_floor_usage":[],"damage_taken":[{"damage":3.0,"enemies":"Small Slimes","floor":1.0,"turns":5.0},{"damage":6.0,"enemies":"2 Louse","floor":5.0,"turns":3.0},{"damage":0.0,"enemies":"Jaw Worm","floor":7.0,"turns":6.0},{"damage":30.0,"enemies":"3 Sentries","floor":8.0,"turns":18.0},{"damage":1.0,"enemies":"Red Slaver","floor":10.0,"turns":7.0},{"damage":32.0,"enemies":"Gremlin Nob","floor":12.0,"turns":6.0},{"damage":0.0,"enemies":"Looter","floor":13.0,"turns":4.0},{"damage":17.0,"enemies":"Hexaghost","floor":16.0,"turns":11.0},{"damage":3.0,"enemies":"3 Byrds","floor":18.0,"turns":10.0},{"damage":18.0,"enemies":"Chosen","floor":21.0,"turns":10.0},{"damage":80,"enemies":"Gremlin Leader","floor":24,"turns":11}],"seed_played":"1718778846700555091","potions_obtained":[{"floor":1.0,"key":"SpeedPotion"},{"floor":10.0,"key":"SkillPotion"},{"floor":13.0,"key":"Energy Potion"},{"floor":16.0,"key":"Weak Potion"}],"is_trial":false,"path_per_floor":["M","?","?","?","M","R","M","E","T","M","R","E","M","$","R","B",null,"M","$","?","M","?","R","E"],"character_chosen":"IRONCLAD","items_purchased":["Good Instincts","Metallicize","True Grit"],"campfire_rested":1,"item_purchase_floors":[14,19,19],"current_hp_per_floor":[54,54,54,39,39,39,45,21,21,26,48,22,28,28,28,42,66,69,69,69,61,61,61,0],"gold":0,"neow_bonus":"THREE_RARE_CARDS","is_prod":false,"is_daily":false,"chose_seed":false,"campfire_upgraded":3,"win_rate":0,"timestamp":1557952868,"path_taken":["M","?","?","?","M","R","M","E","T","M","R","E","?","?","R","BOSS","M","$","?","M","?","R","E"],"build_version":"2019-01-23","purchased_purges":1,"victory":false,"max_hp_per_floor":[80,80,74,74,74,74,74,74,74,74,74,74,74,74,74,74,74,74,74,74,78,78,78,78],"card_choices":[{"not_picked":["Limit Break","Feed"],"picked":"Barricade","floor":0.0},{"not_picked":["Cleave","Clothesline"],"picked":"Metallicize","floor":1.0},{"not_picked":["Combust","Reckless Charge"],"picked":"Rage","floor":5.0},{"not_picked":["Bloodletting","Seeing Red","Perfected Strike"],"picked":"SKIP","floor":7.0},{"not_picked":["Inflame","Pommel Strike","Havoc"],"picked":"SKIP","floor":8.0},{"not_picked":["Havoc","Flex","Twin Strike"],"picked":"SKIP","floor":10.0},{"not_picked":["Shrug It Off","Heavy Blade"],"picked":"Body Slam","floor":12.0},{"not_picked":["Inflame","Power Through","Searing Blow+1"],"picked":"SKIP","floor":13.0},{"not_picked":["Fiend Fire+1","Dark Embrace"],"picked":"Feed+1","floor":16.0},{"not_picked":["Twin Strike+1","Havoc","Cleave+1"],"picked":"SKIP","floor":18.0},{"not_picked":["True Grit","Dual Wield","Cleave+1"],"picked":"SKIP","floor":21.0}],"player_experience":214626,"relics_obtained":[{"floor":8.0,"key":"Pantograph"},{"floor":9.0,"key":"Bottled Lightning"},{"floor":12.0,"key":"Molten Egg 2"}],"event_choices":[{"cards_removed":["Strike_R"],"damage_healed":0.0,"max_hp_gain":0.0,"max_hp_loss":0.0,"gold_gain":0.0,"event_name":"The Cleric","player_choice":"Card Removal","floor":2.0,"gold_loss":50.0,"damage_taken":0.0},{"damage_healed":0.0,"max_hp_gain":0.0,"max_hp_loss":6.0,"gold_gain":0.0,"event_name":"Golden Idol","player_choice":"Lose Max HP","floor":3.0,"gold_loss":0.0,"damage_taken":0.0,"relics_obtained":["Golden Idol"]},{"damage_healed":0.0,"max_hp_gain":0.0,"max_hp_loss":0.0,"gold_gain":0.0,"event_name":"Shining Light","player_choice":"Entered Light","floor":4.0,"gold_loss":0.0,"damage_taken":15.0,"cards_upgraded":["Defend_R","Defend_R"]},{"damage_healed":0.0,"max_hp_gain":0.0,"max_hp_loss":0.0,"gold_gain":0.0,"event_name":"The Library","player_choice":"Read","floor":20.0,"gold_loss":0.0,"damage_taken":0.0,"cards_obtained":["Entrench"]},{"damage_healed":0.0,"max_hp_gain":0.0,"max_hp_loss":0.0,"gold_gain":0.0,"event_name":"Masked Bandits","player_choice":"Paid Fearfully","floor":22.0,"gold_loss":57.0,"damage_taken":0.0}],"is_beta":false,"boss_relics":[{"not_picked":["Tiny House","Astrolabe"],"picked":"Black Star"}],"items_purged_floors":[14],"is_endless":false,"potions_floor_spawned":[1,10,13,16],"killed_by":"Gremlin Leader","ascension_level":13}