{"gold_per_floor":[113,123,123,141,152,184,184,218,218,235,248,248,268,287,287,287],"floor_reached":16,"playtime":1482,"items_purged":[],"score":139,"play_id":"0a09308b-7af0-4411-8f95-aa5ff1d5364f","local_time":"20181120015033","is_ascension_mode":true,"campfire_choices":[{"data":"Body Slam","floor":7,"key":"SMITH"},{"floor":15,"key":"REST"}],"neow_cost":"NONE","seed_source_timestamp":472388404526852,"circlet_count":0,"master_deck":["Strike_R","Strike_R","Strike_R","Strike_R","Strike_R","Defend_R","Defend_R","Defend_R","Defend_R","Bash","Corruption","Power Through","Dark Embrace","PanicButton","Battle Trance","Body Slam+1","Armaments","Shrug It Off","True Grit","Warcry","Inflame","Shockwave"],"relics":["Burning Blood","Red Skull","Bag of Marbles","Bottled Tornado","Kunai"],"potions_floor_usage":[6,16,16,16],"damage_taken":[{"damage":4,"enemies":"2 Louse","floor":1,"turns":4},{"damage":6,"enemies":"Cultist","floor":2,"turns":4},{"damage":7,"enemies":"Jaw Worm","floor":4,"turns":4},{"damage":18,"enemies":"Red Slaver","floor":5,"turns":5},{"damage":28,"enemies":"Gremlin Nob","floor":6,"turns":6},{"damage":25,"enemies":"Lagavulin","floor":8,"turns":6},{"damage":20,"enemies":"Lots of Slimes","floor":10,"turns":6},{"damage":5,"enemies":"2 Fungi Beasts","floor":11,"turns":3},{"damage":1,"enemies":"Blue Slaver","floor":13,"turns":3},{"damage":11,"enemies":"3 Louse","floor":14,"turns":4},{"damage":58,"enemies":"Slime Boss","floor":16,"turns":9}],"seed_played":"-355293801648063403","potions_obtained":[{"floor":2,"key":"Weak Potion"},{"floor":4,"key":"Block Potion"},{"floor":6,"key":"SpeedPotion"},{"floor":10,"key":"GamblersBrew"},{"floor":14,"key":"EssenceOfSteel"}],"is_trial":false,"path_per_floor":["M","M","?","M","M","E","R","E","T","M","M","?","M","M","R","B"],"character_chosen":"IRONCLAD","items_purchased":[],"campfire_rested":1,"item_purchase_floors":[],"current_hp_per_floor":[88,88,88,87,75,53,53,34,34,20,21,21,26,21,47,0],"gold":287,"neow_bonus":"TEN_PERCENT_HP_BONUS","is_prod":false,"is_daily":false,"chose_seed":false,"campfire_upgraded":1,"win_rate":0,"timestamp":1542696633,"path_taken":["M","M","?","?","?","E","R","E","T","M","M","?","M","?","R","BOSS"],"build_version":"2018-11-15","purchased_purges":0,"victory":false,"max_hp_per_floor":[88,88,88,88,88,88,88,88,88,88,88,88,88,88,88,88],"card_choices":[{"not_picked":["Cleave","Fire Breathing"],"picked":"Corruption","floor":1},{"not_picked":["Clash","Thunderclap"],"picked":"Power Through","floor":2},{"not_picked":["Body Slam","Warcry"],"picked":"Battle Trance","floor":4},{"not_picked":["Pummel","Clash"],"picked":"Body Slam","floor":5},{"not_picked":["Havoc","Dark Embrace"],"picked":"Armaments","floor":6},{"not_picked":["Brutality","Armaments"],"picked":"Shrug It Off","floor":8},{"not_picked":["Blood for Blood","Flex"],"picked":"True Grit","floor":10},{"not_picked":["Evolve","Intimidate"],"picked":"Warcry","floor":11},{"not_picked":["Pommel Strike","Entrench"],"picked":"Inflame","floor":13},{"not_picked":["True Grit","Perfected Strike"],"picked":"Shockwave","floor":14}],"player_experience":115341,"relics_obtained":[{"floor":6,"key":"Red Skull"},{"floor":8,"key":"Bag of Marbles"},{"floor":9,"key":"Bottled Tornado"}],"event_choices":[{"damage_healed":0,"gold_gain":0,"player_choice":"2 cards matched","damage_taken":0,"max_hp_gain":0,"max_hp_loss":0,"event_name":"Match and Keep!","floor":3,"gold_loss":0,"cards_obtained":["Dark Embrace","PanicButton"]},{"damage_healed":0,"gold_gain":0,"player_choice":"2 cards matched","damage_taken":0,"max_hp_gain":0,"max_hp_loss":0,"event_name":"Match and Keep!","floor":3,"gold_loss":0,"cards_obtained":["Dark Embrace","PanicButton"]},{"damage_healed":0,"gold_gain":0,"player_choice":"Gave Potion","damage_taken":0,"relics_obtained":["Kunai"],"max_hp_gain":0,"max_hp_loss":0,"event_name":"WeMeetAgain","floor":12,"gold_loss":0}],"is_beta":false,"boss_relics":[],"items_purged_floors":[],"is_endless":false,"potions_floor_spawned":[2,4,6,10,14],"killed_by":"Slime Boss","ascension_level":4}