{"gold_per_floor":[15,15,35,54,68,102,102,115,140,140,160,185,18,18,18,142,205,190,115,30,48,69,69,82,82],"floor_reached":25,"playtime":807,"items_purged":["Strike_G"],"score":323,"play_id":"7c04930d-78fc-4ce8-aac9-9304249cc01b","local_time":"20190407141416","is_ascension_mode":true,"campfire_choices":[{"floor":7.0,"key":"REST"},{"floor":10.0,"key":"REST"},{"data":"Apotheosis","floor":15.0,"key":"SMITH"},{"floor":23,"key":"REST"}],"neow_cost":"NO_GOLD","seed_source_timestamp":10133479758833,"circlet_count":0,"master_deck":["AscendersBane","Defend_G","Defend_G","Defend_G","Defend_G","Defend_G+1","Strike_G","Strike_G","Strike_G","Strike_G","Survivor","Neutralize","Forethought","Metamorphosis","Poisoned Stab","Deadly Poison","Noxious Fumes","Backflip","Apotheosis+1","Malaise","Blur","Bouncing Flask","Backflip"],"special_seed":0,"relics":["Ring of the Snake","Vajra","Oddly Smooth Stone","Strawberry","Golden Idol","Tiny House","Omamori"],"potions_floor_usage":[18,21,22],"damage_taken":[{"damage":14.0,"enemies":"Jaw Worm","floor":1.0,"turns":4.0},{"damage":0.0,"enemies":"Cultist","floor":3.0,"turns":4.0},{"damage":10.0,"enemies":"Small Slimes","floor":4.0,"turns":4.0},{"damage":6.0,"enemies":"Blue Slaver","floor":5.0,"turns":5.0},{"damage":20.0,"enemies":"Lagavulin","floor":6.0,"turns":6.0},{"damage":6.0,"enemies":"Large Slime","floor":8.0,"turns":6.0},{"damage":9.0,"enemies":"Red Slaver","floor":11.0,"turns":5.0},{"damage":27.0,"enemies":"Gremlin Nob","floor":12.0,"turns":4.0},{"damage":12.0,"enemies":"The Guardian","floor":16.0,"turns":9.0},{"damage":30,"enemies":"2 Thieves","floor":18,"turns":5},{"damage":20,"enemies":"Spheric Guardian","floor":21,"turns":8},{"damage":12,"enemies":"Snake Plant","floor":22,"turns":6},{"damage":15,"enemies":"Centurion and Healer","floor":24,"turns":6},{"damage":22,"enemies":"Slavers","floor":25,"turns":2}],"seed_played":"8477540853182957174","potions_obtained":[{"floor":1.0,"key":"Swift Potion"},{"floor":2.0,"key":"FairyPotion"},{"floor":2.0,"key":"FearPotion"},{"floor":2.0,"key":"Poison Potion"},{"floor":6.0,"key":"LiquidBronze"},{"floor":8.0,"key":"AttackPotion"},{"floor":12.0,"key":"Energy Potion"},{"floor":16.0,"key":"PowerPotion"},{"floor":21,"key":"AttackPotion"}],"is_trial":false,"path_per_floor":["M","?","M","M","M","E","R","M","T","R","M","E","$","?","R","B",null,"M","$","?","M","M","R","M","E"],"character_chosen":"THE_SILENT","items_purchased":["Apotheosis"],"campfire_rested":3,"item_purchase_floors":[13],"current_hp_per_floor":[49,49,49,39,33,13,34,28,28,49,40,20,20,20,20,8,60,30,30,30,10,7,29,14,0],"gold":82,"neow_bonus":"RANDOM_COLORLESS_2","is_prod":false,"is_daily":false,"chose_seed":false,"campfire_upgraded":1,"win_rate":0,"timestamp":1554639256,"path_taken":["M","?","M","M","?","E","R","M","T","R","M","E","?","?","R","BOSS","M","$","?","M","M","R","M","E"],"build_version":"2019-01-23","purchased_purges":1,"victory":false,"max_hp_per_floor":[70,70,70,70,70,70,70,70,70,70,70,77,77,71,71,71,76,76,76,76,76,76,76,76,76],"card_choices":[{"not_picked":["Acrobatics","Dash"],"picked":"Poisoned Stab","floor":1.0},{"not_picked":["Backflip","Deflect"],"picked":"Deadly Poison","floor":3.0},{"not_picked":["Prepared","Flying Knee"],"picked":"Noxious Fumes","floor":4.0},{"not_picked":["Reflex","PiercingWail","Cloak And Dagger"],"picked":"SKIP","floor":5.0},{"not_picked":["Infinite Blades","Finisher","Expertise"],"picked":"SKIP","floor":6.0},{"not_picked":["Cloak And Dagger","Quick Slash","Backstab"],"picked":"SKIP","floor":8.0},{"not_picked":["All Out Attack","Flying Knee","Slice"],"picked":"SKIP","floor":11.0},{"not_picked":["All Out Attack","Accuracy"],"picked":"Backflip","floor":12.0},{"not_picked":["Glass Knife","Night Terror"],"picked":"Malaise","floor":16.0},{"not_picked":["Prepared","Finisher"],"picked":"Blur","floor":17},{"not_picked":["Prepared","Acrobatics+1","Dagger Throw"],"picked":"SKIP","floor":18},{"not_picked":["Acrobatics","Flying Knee+1"],"picked":"Bouncing Flask","floor":21},{"not_picked":["Slice","Underhanded Strike+1"],"picked":"Backflip","floor":22},{"not_picked":["Expertise","Dagger Throw","Blade Dance"],"picked":"SKIP","floor":24}],"player_experience":156624,"relics_obtained":[{"floor":6.0,"key":"Vajra"},{"floor":9.0,"key":"Oddly Smooth Stone"},{"floor":12.0,"key":"Strawberry"}],"event_choices":[{"damage_healed":0.0,"max_hp_gain":0.0,"max_hp_loss":0.0,"gold_gain":0.0,"event_name":"Lab","player_choice":"Got Potions","floor":2.0,"gold_loss":0.0,"damage_taken":0.0},{"damage_healed":0.0,"max_hp_gain":0.0,"max_hp_loss":6.0,"gold_gain":0.0,"event_name":"Golden Idol","player_choice":"Lose Max HP","floor":14.0,"gold_loss":0.0,"damage_taken":0.0,"relics_obtained":["Golden Idol"]},{"damage_healed":0,"gold_gain":0,"player_choice":"Obtained Relic","damage_taken":0,"relics_obtained":["Omamori"],"max_hp_gain":0,"max_hp_loss":0,"event_name":"Addict","floor":20,"gold_loss":85}],"is_beta":false,"boss_relics":[{"not_picked":["Orrery","Black Star"],"picked":"Tiny House"}],"items_purged_floors":[19],"is_endless":false,"potions_floor_spawned":[1,6,8,12,16,21],"killed_by":"Slavers","ascension_level":10}