{"gold_per_floor":[111,111,122,138,154,154,188,188,188,219,235,255,180,180,180,180],"floor_reached":16,"playtime":426,"items_purged":["Strike_R"],"score":184,"play_id":"233deaf8-b0ae-4156-b8b3-6e7f7cecfb73","local_time":"20190515010204","is_ascension_mode":true,"campfire_choices":[{"data":"Thunderclap","floor":6,"key":"SMITH"},{"data":"True Grit","floor":15,"key":"SMITH"}],"neow_cost":"NONE","seed_source_timestamp":2953529544448568,"circlet_count":0,"master_deck":["AscendersBane","Strike_R","Strike_R","Strike_R","Defend_R","Defend_R","Defend_R","Defend_R","Bash","Cleave","Thunderclap+1","Ghostly Armor","Evolve","True Grit+1"],"relics":["Burning Blood","Lantern","Spirit Poop","Bag of Marbles","Letter Opener"],"potions_floor_usage":[5,10,16],"damage_taken":[{"damage":9,"enemies":"2 Louse","floor":1,"turns":4},{"damage":8,"enemies":"Cultist","floor":3,"turns":3},{"damage":12,"enemies":"Small Slimes","floor":4,"turns":3},{"damage":0,"enemies":"2 Fungi Beasts","floor":5,"turns":2},{"damage":17,"enemies":"Gremlin Nob","floor":7,"turns":4},{"damage":40,"enemies":"Lagavulin","floor":10,"turns":7},{"damage":5,"enemies":"Large Slime","floor":11,"turns":6},{"damage":12,"enemies":"Exordium Thugs","floor":12,"turns":5},{"damage":49,"enemies":"Slime Boss","floor":16,"turns":11}],"seed_played":"-994897407269524837","potions_obtained":[{"floor":1,"key":"SneckoOil"},{"floor":3,"key":"Strength Potion"},{"floor":5,"key":"SkillPotion"}],"is_trial":false,"path_per_floor":["M","?","M","M","M","R","E","?","T","E","M","M","$","?","R","B"],"character_chosen":"IRONCLAD","items_purchased":[],"campfire_rested":0,"item_purchase_floors":[],"current_hp_per_floor":[69,69,67,61,67,67,56,56,56,22,23,17,17,43,43,0],"gold":180,"neow_bonus":"REMOVE_CARD","is_prod":false,"is_daily":false,"chose_seed":false,"campfire_upgraded":2,"win_rate":0,"timestamp":1557874924,"path_taken":["M","?","?","M","M","R","E","?","T","E","M","?","$","?","R","BOSS"],"build_version":"2019-01-23","purchased_purges":1,"victory":false,"max_hp_per_floor":[80,80,80,80,80,80,80,80,80,80,80,80,80,80,80,80],"card_choices":[{"not_picked":["Headbutt","Infernal Blade"],"picked":"Cleave","floor":1},{"not_picked":["Seeing Red","Cleave"],"picked":"Thunderclap","floor":3},{"not_picked":["Wild Strike","Armaments"],"picked":"Ghostly Armor","floor":4},{"not_picked":["Iron Wave","Warcry","Perfected Strike"],"picked":"SKIP","floor":5},{"not_picked":["Demon Form","Flex","Sentinel"],"picked":"SKIP","floor":7},{"not_picked":["Body Slam","Combust","Berserk"],"picked":"SKIP","floor":10},{"not_picked":["Clash","Sever Soul"],"picked":"Evolve","floor":11},{"not_picked":["Havoc","Sword Boomerang"],"picked":"True Grit","floor":12}],"player_experience":212196,"relics_obtained":[{"floor":7,"key":"Lantern"},{"floor":9,"key":"Bag of Marbles"},{"floor":10,"key":"Letter Opener"}],"event_choices":[{"damage_healed":0,"gold_gain":0,"player_choice":"Cursed","damage_taken":0,"max_hp_gain":0,"max_hp_loss":0,"event_name":"Wheel of Change","floor":2,"gold_loss":0,"cards_obtained":["Decay"]},{"cards_removed":["Decay"],"damage_healed":0,"gold_gain":0,"player_choice":"Offered Curse","damage_taken":0,"relics_obtained":["Spirit Poop"],"max_hp_gain":0,"max_hp_loss":0,"event_name":"Bonfire Elementals","floor":8,"gold_loss":0},{"damage_healed":26,"gold_gain":0,"player_choice":"Banana","damage_taken":0,"max_hp_gain":0,"max_hp_loss":0,"event_name":"Big Fish","floor":14,"gold_loss":0}],"is_beta":false,"boss_relics":[],"items_purged_floors":[13],"is_endless":false,"potions_floor_spawned":[1,3,5],"killed_by":"Slime Boss","ascension_level":13}