{"gold_per_floor":[111,111,125,139,64,99,99,118,118,118,133,133,167,183,183,284,284,296,20,30,30,30,30,56,67,67,67,79,178,203,101,101,197,197,215,215,235,22,22,54,54,54,54,69,69,69,87,100,100,100],"floor_reached":51,"playtime":9181,"items_purged":["Defend_B"],"score":845,"play_id":"ab58269c-5f3d-4af4-8095-46fc155985c0","local_time":"20190430122740","is_ascension_mode":true,"campfire_choices":[{"data":"Coolheaded","floor":7,"key":"SMITH"},{"data":"Defragment","floor":15,"key":"SMITH"},{"data":"Barrage","floor":23,"key":"SMITH"},{"floor":27,"key":"REST"},{"data":"Defragment","floor":32,"key":"SMITH"},{"data":"Biased Cognition","floor":41,"key":"SMITH"},{"data":"Metamorphosis","floor":45,"key":"SMITH"},{"data":"Redo","floor":49,"key":"SMITH"}],"neow_cost":"NONE","seed_source_timestamp":3613530022562738,"circlet_count":0,"master_deck":["Zap+1","Dualcast","Redo","Coolheaded+1","Cold Snap","Self Repair","Defragment+1","Sunder","Echo Form","Cold Snap","Leap","Force Field","Hologram","Steam Power","Undo","Scrape","Conserve Battery","Impatience","Heatsinks+1","Redo+1","Skim","Chill","Conserve Battery","Defragment+1","BootSequence","Biased Cognition+1","Conserve Battery","Sunder+1","Seek","Go for the Eyes","White Noise+1","Metamorphosis+1","Panacea","Impatience","Barrage+1","Hologram+1"],"relics":["Cracked Core","Torii","Du-Vu Doll","Pear","Girya","Dead Branch","Pandora\u0027s Box","Toolbox","Gambling Chip","Mummified Hand","Mango","White Beast Statue","CultistMask","Strawberry","StoneCalendar"],"potions_floor_usage":[16,16,25,33],"damage_taken":[{"damage":2,"enemies":"Jaw Worm","floor":1,"turns":3},{"damage":0,"enemies":"Cultist","floor":3,"turns":2},{"damage":1,"enemies":"2 Louse","floor":4,"turns":3},{"damage":15,"enemies":"Gremlin Nob","floor":6,"turns":4},{"damage":3,"enemies":"Gremlin Gang","floor":8,"turns":6},{"damage":2,"enemies":"Exordium Wildlife","floor":11,"turns":7},{"damage":27,"enemies":"3 Sentries","floor":13,"turns":8},{"damage":9,"enemies":"3 Louse","floor":14,"turns":5},{"damage":37,"enemies":"Slime Boss","floor":16,"turns":13},{"damage":27,"enemies":"2 Thieves","floor":18,"turns":5},{"damage":4,"enemies":"Shell Parasite","floor":20,"turns":9},{"damage":44,"enemies":"Book of Stabbing","floor":24,"turns":9},{"damage":0,"enemies":"3 Cultists","floor":25,"turns":7},{"damage":1,"enemies":"Snecko","floor":28,"turns":5},{"damage":7,"enemies":"Gremlin Leader","floor":30,"turns":7},{"damage":6,"enemies":"Champ","floor":33,"turns":11},{"damage":0,"enemies":"3 Darklings","floor":35,"turns":5},{"damage":1,"enemies":"Orb Walker","floor":37,"turns":3},{"damage":0,"enemies":"Nemesis","floor":40,"turns":9},{"damage":0,"enemies":"4 Shapes","floor":44,"turns":4},{"damage":13,"enemies":"Sphere and 2 Shapes","floor":47,"turns":3},{"damage":0,"enemies":"Maw","floor":48,"turns":7},{"damage":43,"enemies":"Time Eater","floor":50,"turns":8}],"seed_played":"-1106995703871116722","potions_obtained":[{"floor":3,"key":"Regen Potion"},{"floor":6,"key":"Dexterity Potion"},{"floor":13,"key":"Regen Potion"},{"floor":14,"key":"SteroidPotion"},{"floor":16,"key":"LiquidBronze"},{"floor":24,"key":"SmokeBomb"},{"floor":25,"key":"Fire Potion"},{"floor":35,"key":"Energy Potion"},{"floor":37,"key":"Strength Potion"},{"floor":47,"key":"Explosive Potion"},{"floor":48,"key":"GamblersBrew"}],"is_trial":false,"path_per_floor":["M","?","M","M","$","E","R","M","T","?","M","T","E","M","R","B",null,"M","$","M","?","?","R","E","M","T","R","M","?","E","$","R","B",null,"M","?","M","$","$","E","R","?","T","M","R","?","M","M","R","B",null],"character_chosen":"DEFECT","items_purchased":["Impatience","Toolbox","Defragment","BootSequence","Seek","Go for the Eyes"],"campfire_rested":1,"item_purchase_floors":[19,19,31,31,38,38],"current_hp_per_floor":[80,80,80,79,79,64,64,68,68,78,83,83,63,61,61,54,92,65,65,68,68,68,68,31,38,38,65,64,64,71,71,71,72,106,106,106,105,105,105,113,113,103,103,110,110,110,97,104,104,68],"gold":100,"neow_bonus":"TEN_PERCENT_HP_BONUS","is_prod":false,"is_daily":false,"chose_seed":false,"campfire_upgraded":7,"win_rate":0,"timestamp":1556641660,"path_taken":["M","?","M","?","$","E","R","M","T","?","?","?","E","M","R","BOSS","M","$","M","?","?","R","E","M","T","R","M","?","E","$","R","BOSS","M","?","?","?","$","E","R","?","T","M","R","?","M","M","R","BOSS"],"build_version":"2018-11-15","purchased_purges":1,"victory":true,"max_hp_per_floor":[82,82,82,82,82,82,82,82,82,92,92,92,92,92,92,92,92,92,92,92,92,92,92,92,92,92,92,92,92,106,106,106,106,106,106,106,106,106,106,113,113,113,113,113,113,113,113,113,113,113],"card_choices":[{"not_picked":["Gash","Leap"],"picked":"Redo","floor":1},{"not_picked":["Turbo","Streamline"],"picked":"Coolheaded","floor":3},{"not_picked":["Streamline","Go for the Eyes"],"picked":"Cold Snap","floor":4},{"not_picked":["Rip and Tear","Ball Lightning"],"picked":"Self Repair","floor":6},{"not_picked":["Chaos","Streamline"],"picked":"Barrage","floor":8},{"not_picked":["Compile Driver","Auto Shields"],"picked":"Creative AI","floor":11},{"not_picked":["Beam Cell","Conserve Battery"],"picked":"Defragment","floor":13},{"not_picked":["Sweeping Beam","Beam Cell"],"picked":"Sunder","floor":14},{"not_picked":["Creative AI","Meteor Strike"],"picked":"Echo Form","floor":16},{"not_picked":["Leap","Static Discharge"],"picked":"Conserve Battery","floor":18},{"not_picked":["Reinforced Body","Glacier"],"picked":"Heatsinks+1","floor":20},{"not_picked":["Static Discharge","Hologram"],"picked":"Redo","floor":24},{"not_picked":["Sweeping Beam","Stack"],"picked":"Skim","floor":25},{"not_picked":["Auto Shields+1","Beam Cell+1"],"picked":"Chill","floor":28},{"not_picked":["Amplify","Doom and Gloom+1"],"picked":"Conserve Battery","floor":30},{"not_picked":["Machine Learning","Echo Form"],"picked":"Biased Cognition","floor":33},{"not_picked":["Compile Driver+1","Static Discharge"],"picked":"Conserve Battery","floor":35},{"not_picked":["Compile Driver+1","Steam"],"picked":"Sunder+1","floor":37},{"not_picked":["Static Discharge","Multi-Cast"],"picked":"White Noise+1","floor":40},{"not_picked":["Dramatic Entrance","Enlightenment"],"picked":"Metamorphosis","floor":42},{"not_picked":["Mind Blast","Sadistic Nature"],"picked":"Panacea","floor":42},{"not_picked":["Metamorphosis","Purity"],"picked":"Impatience","floor":42},{"not_picked":["Gash","Redo","Compile Driver+1"],"picked":"SKIP","floor":44},{"not_picked":["Go for the Eyes+1","Streamline"],"picked":"Barrage+1","floor":47},{"not_picked":["Cold Snap+1","Rip and Tear+1"],"picked":"Hologram+1","floor":48}],"player_experience":158734,"relics_obtained":[{"floor":6,"key":"Torii"},{"floor":9,"key":"Du-Vu Doll"},{"floor":12,"key":"Girya"},{"floor":13,"key":"Dead Branch"},{"floor":24,"key":"Gambling Chip"},{"floor":26,"key":"Mummified Hand"},{"floor":30,"key":"Mango"},{"floor":40,"key":"Strawberry"},{"floor":43,"key":"StoneCalendar"}],"event_choices":[{"damage_healed":0,"gold_gain":0,"player_choice":"Upgraded","damage_taken":0,"max_hp_gain":0,"max_hp_loss":0,"event_name":"Upgrade Shrine","floor":2,"gold_loss":0,"cards_upgraded":["Zap"]},{"damage_healed":0,"gold_gain":0,"player_choice":"Gave Potion","damage_taken":0,"relics_obtained":["Pear"],"max_hp_gain":0,"max_hp_loss":0,"event_name":"WeMeetAgain","floor":10,"gold_loss":0},{"cards_removed":["Creative AI"],"damage_healed":0,"gold_gain":0,"player_choice":"Elegance","damage_taken":0,"max_hp_gain":0,"max_hp_loss":0,"event_name":"Back to Basics","floor":21,"gold_loss":0},{"damage_healed":0,"gold_gain":0,"player_choice":"Ignored","damage_taken":0,"max_hp_gain":0,"max_hp_loss":0,"event_name":"Ghosts","floor":22,"gold_loss":0},{"damage_healed":0,"gold_gain":99,"player_choice":"Stole From Cult","damage_taken":0,"max_hp_gain":0,"max_hp_loss":0,"event_name":"Nest","floor":29,"gold_loss":0},{"damage_healed":0,"gold_gain":0,"player_choice":"Trade","damage_taken":0,"relics_obtained":["CultistMask"],"max_hp_gain":0,"max_hp_loss":0,"event_name":"FaceTrader","floor":36,"gold_loss":0},{"damage_healed":0,"gold_gain":0,"player_choice":"Memory 3","damage_taken":10,"max_hp_gain":0,"max_hp_loss":0,"event_name":"SensoryStone","floor":42,"gold_loss":0},{"cards_removed":["Barrage"],"damage_healed":0,"gold_gain":0,"player_choice":"Removed Attack","damage_taken":0,"max_hp_gain":0,"max_hp_loss":0,"event_name":"Falling","floor":46,"gold_loss":0}],"is_beta":false,"boss_relics":[{"not_picked":["Black Star","Ectoplasm"],"picked":"Pandora\u0027s Box"},{"not_picked":["Snecko Eye","Velvet Choker"],"picked":"White Beast Statue"}],"items_purged_floors":[5],"is_endless":false,"potions_floor_spawned":[3,6,13,14,16,24,25,35,37,40,44,47,48],"ascension_level":2}