{"gold_per_floor":[17,17,33,52,72,72,106,126,180,190,200,125,152,164,164,267,267,282,282,302,321,58,84,84,101,101,101,101,101,127,144,144,242,242,253,128,143,143,163,193,212,62,62,88,88,98,98,98,98,98,98,98,47,75,75],"floor_reached":56,"playtime":9621,"items_purged":["Strike_G","Shame","Decay","Strike_G"],"score":1261,"play_id":"7fbfa8e0-9112-4277-bd55-c0b0697fb606","local_time":"20190109212945","is_ascension_mode":false,"campfire_choices":[{"floor":6.0,"key":"RECALL"},{"floor":15.0,"key":"REST"},{"floor":24,"key":"REST"},{"data":"Corpse Explosion","floor":27,"key":"SMITH"},{"floor":32,"key":"REST"},{"floor":45,"key":"REST"},{"floor":47,"key":"REST"},{"data":"Adrenaline","floor":49,"key":"SMITH"},{"data":"Master of Strategy","floor":52,"key":"SMITH"}],"neow_cost":"NO_GOLD","seed_source_timestamp":0,"circlet_count":0,"master_deck":["Defend_G","Defend_G","Defend_G+1","Strike_G","Survivor","Neutralize","Backflip+1","Sucker Punch","Calculated Gamble","Flying Knee","A Thousand Cuts","Bullet Time","Caltrops","Corpse Explosion+1","Backstab","Dagger Spray+1","Master of Strategy+1","Bouncing Flask","Well Laid Plans+1","Deadly Poison","Adrenaline+1","Noxious Fumes+1","Backstab+1","Tools of the Trade+1","Catalyst+1","Eviscerate","Regret","Terror","Footwork+1"],"special_seed":0,"relics":["Ring of the Snake","War Paint","Darkstone Periapt","Cursed Key","Boot","Orichalcum","Snake Skull","Nilry\u0027s Codex","Mango","Astrolabe","Ginger","Prayer Wheel","Mercury Hourglass","Strawberry"],"potions_floor_usage":[30,50,55,55,55,55],"damage_taken":[{"damage":0.0,"enemies":"Jaw Worm","floor":1.0,"turns":6.0},{"damage":2.0,"enemies":"Cultist","floor":3.0,"turns":5.0},{"damage":0.0,"enemies":"2 Louse","floor":4.0,"turns":4.0},{"damage":9.0,"enemies":"Exordium Wildlife","floor":5.0,"turns":9.0},{"damage":7.0,"enemies":"3 Sentries","floor":7.0,"turns":10.0},{"damage":0.0,"enemies":"Gremlin Gang","floor":8.0,"turns":7.0},{"damage":0.0,"enemies":"Looter","floor":10.0,"turns":4.0},{"damage":0.0,"enemies":"3 Louse","floor":11.0,"turns":3.0},{"damage":37.0,"enemies":"Gremlin Nob","floor":13.0,"turns":7.0},{"damage":4.0,"enemies":"Red Slaver","floor":14.0,"turns":3.0},{"damage":31.0,"enemies":"Slime Boss","floor":16.0,"turns":14.0},{"damage":5.0,"enemies":"Spheric Guardian","floor":18.0,"turns":7.0},{"damage":11.0,"enemies":"Shell Parasite","floor":20.0,"turns":8.0},{"damage":21.0,"enemies":"Snake Plant","floor":21.0,"turns":5.0},{"damage":8.0,"enemies":"Gremlin Leader","floor":23.0,"turns":7.0},{"damage":0,"enemies":"Cultist and Chosen","floor":25,"turns":4},{"damage":12,"enemies":"Book of Stabbing","floor":30,"turns":5},{"damage":5,"enemies":"Centurion and Healer","floor":31,"turns":4},{"damage":50,"enemies":"Collector","floor":33,"turns":7},{"damage":9,"enemies":"Orb Walker","floor":35,"turns":3},{"damage":0,"enemies":"3 Shapes","floor":37,"turns":4},{"damage":16,"enemies":"Writhing Mass","floor":39,"turns":4},{"damage":17,"enemies":"Giant Head","floor":40,"turns":6},{"damage":3,"enemies":"Maw","floor":41,"turns":6},{"damage":25,"enemies":"Nemesis","floor":44,"turns":5},{"damage":7,"enemies":"Spire Growth","floor":46,"turns":4},{"damage":105,"enemies":"Awakened One","floor":50,"turns":13},{"damage":35,"enemies":"Shield and Spear","floor":54,"turns":3},{"damage":64,"enemies":"The Heart","floor":55,"turns":5}],"seed_played":"4132508231039743516","potions_obtained":[{"floor":2.0,"key":"Poison Potion"},{"floor":2.0,"key":"Fire Potion"},{"floor":2.0,"key":"Fire Potion"},{"floor":7.0,"key":"LiquidBronze"},{"floor":10.0,"key":"SpeedPotion"},{"floor":11.0,"key":"Energy Potion"},{"floor":16.0,"key":"Explosive Potion"},{"floor":20.0,"key":"Regen Potion"},{"floor":25,"key":"EssenceOfSteel"},{"floor":33,"key":"PowerPotion"},{"floor":35,"key":"EntropicBrew"},{"floor":39,"key":"Poison Potion"}],"is_trial":false,"path_per_floor":["M","?","M","M","M","R","E","M","T","M","M","$","E","M","R","B",null,"M","?","M","M","$","E","R","M","T","R","?","$","E","M","R","B",null,"M","$","M","?","M","E","M","$","T","E","R","M","R","?","R","B",null,"R","$","E","B",null],"character_chosen":"THE_SILENT","items_purchased":["Master of Strategy","Weak Potion"],"campfire_rested":5,"item_purchase_floors":[22,53],"current_hp_per_floor":[84,84,82,82,73,73,66,66,66,66,66,66,29,25,50,19,84,79,85,74,53,53,60,87,87,93,93,77,77,79,74,107,57,110,101,101,101,101,85,68,65,65,71,46,80,73,107,107,107,2,116,116,116,88,24],"gold":75,"neow_bonus":"TWENTY_PERCENT_HP_BONUS","is_prod":false,"is_daily":false,"chose_seed":false,"campfire_upgraded":3,"win_rate":0,"timestamp":1547065785,"path_taken":["M","?","?","M","?","R","E","M","T","M","M","$","E","M","R","BOSS","M","?","M","M","$","E","R","M","T","R","?","$","E","M","R","BOSS","M","$","M","?","M","E","M","$","T","E","R","?","R","?","R","BOSS","R","$","E","BOSS"],"build_version":"2019-01-03v4","purchased_purges":4,"victory":true,"max_hp_per_floor":[84,84,84,84,84,84,84,84,84,84,84,84,84,84,84,84,84,84,90,90,90,90,90,90,90,96,96,96,96,110,110,110,110,110,110,110,110,110,110,110,110,110,116,116,116,116,116,116,116,116,116,116,116,123,123],"card_choices":[{"not_picked":["Blade Dance","Dodge and Roll"],"picked":"Backflip","floor":1.0},{"not_picked":["Backflip","Eviscerate"],"picked":"Sucker Punch","floor":3.0},{"not_picked":["Cloak And Dagger","Choke"],"picked":"Calculated Gamble","floor":4.0},{"not_picked":["Dodge and Roll","Accuracy","Quick Slash"],"picked":"SKIP","floor":5.0},{"not_picked":["Deflect","Cloak And Dagger"],"picked":"Flying Knee","floor":7.0},{"not_picked":["Poisoned Stab","PiercingWail"],"picked":"A Thousand Cuts","floor":8.0},{"not_picked":["Cloak And Dagger","Slice"],"picked":"Bullet Time","floor":10.0},{"not_picked":["Cloak And Dagger","Acrobatics","Dodge and Roll"],"picked":"SKIP","floor":11.0},{"not_picked":["Blade Dance","Bane"],"picked":"Caltrops","floor":13.0},{"not_picked":["Tactician","Caltrops","Accuracy"],"picked":"SKIP","floor":14.0},{"not_picked":["Glass Knife","Storm of Steel"],"picked":"Corpse Explosion","floor":16.0},{"not_picked":["Deflect+1","Slice"],"picked":"Backstab","floor":18.0},{"not_picked":["Backflip","Dagger Throw+1"],"picked":"Dagger Spray+1","floor":20.0},{"not_picked":["Tactician","Outmaneuver","Dagger Spray"],"picked":"SKIP","floor":21.0},{"not_picked":["Dagger Spray","Dagger Throw"],"picked":"Bouncing Flask","floor":23.0},{"not_picked":["Riddle With Holes","PiercingWail+1","Skewer"],"picked":"SKIP","floor":25},{"not_picked":["Backflip","Phantasmal Killer"],"picked":"Well Laid Plans+1","floor":30},{"not_picked":["Choke+1","Underhanded Strike"],"picked":"Deadly Poison","floor":31},{"not_picked":["Glass Knife","Night Terror"],"picked":"Adrenaline","floor":33},{"not_picked":["PiercingWail+1","Dodge and Roll+1"],"picked":"Catalyst+1","floor":35},{"not_picked":["Expertise+1","Reflex"],"picked":"Eviscerate","floor":37},{"not_picked":["Dagger Spray","Blade Dance","Deadly Poison"],"picked":"SKIP","floor":39},{"not_picked":["Blade Dance+1","Underhanded Strike+1","Eviscerate"],"picked":"SKIP","floor":40},{"not_picked":["Dodge and Roll+1","Eviscerate","Sucker Punch"],"picked":"SKIP","floor":41},{"not_picked":["Distraction","Eviscerate","Choke+1"],"picked":"SKIP","floor":44},{"not_picked":["Calculated Gamble","Bouncing Flask"],"picked":"Terror","floor":46},{"not_picked":["Caltrops+1","All Out Attack"],"picked":"Footwork+1","floor":46},{"not_picked":["Slice","Footwork+1","Outmaneuver+1"],"picked":"SKIP","floor":54}],"player_experience":94746,"relics_obtained":[{"floor":7.0,"key":"War Paint"},{"floor":13.0,"key":"Darkstone Periapt"},{"floor":23.0,"key":"Orichalcum"},{"floor":26,"key":"Snake Skull"},{"floor":28,"key":"Nilry\u0027s Codex"},{"floor":30,"key":"Mango"},{"floor":40,"key":"Ginger"},{"floor":43,"key":"Prayer Wheel"},{"floor":44,"key":"Mercury Hourglass"},{"floor":54,"key":"Strawberry"}],"event_choices":[{"damage_healed":0.0,"max_hp_gain":0.0,"max_hp_loss":0.0,"gold_gain":0.0,"event_name":"Lab","player_choice":"Got Potions","floor":2.0,"gold_loss":0.0,"damage_taken":0.0},{"damage_healed":0.0,"max_hp_gain":0.0,"max_hp_loss":0.0,"gold_gain":0.0,"event_name":"Addict","player_choice":"Stole Relic","floor":19.0,"gold_loss":0.0,"damage_taken":0.0,"relics_obtained":["Boot"],"cards_obtained":["Shame"]},{"damage_healed":0,"gold_gain":0,"player_choice":"Obtained Book","damage_taken":16,"max_hp_gain":0,"max_hp_loss":0,"event_name":"Cursed Tome","floor":28,"gold_loss":0},{"damage_healed":0,"gold_gain":0,"player_choice":"Ignored","damage_taken":0,"max_hp_gain":0,"max_hp_loss":0,"event_name":"NoteForYourself","floor":38,"gold_loss":0},{"cards_removed":["Defend_G"],"damage_healed":0,"gold_gain":0,"player_choice":"Removed Skill","damage_taken":0,"max_hp_gain":0,"max_hp_loss":0,"event_name":"Falling","floor":48,"gold_loss":0}],"is_beta":false,"boss_relics":[{"not_picked":["Lizard Tail","Empty Cage"],"picked":"Cursed Key"},{"not_picked":["Orrery","Tiny House"],"picked":"Astrolabe"}],"items_purged_floors":[12,22,36,42],"is_endless":false,"potions_floor_spawned":[4,5,7,10,11,16,20,25,33,35,39,41],"ascension_level":0}