{"gold_per_floor":[111,186,186,201,216,247,123,136,136,163,163,163,338,352,352,454,454,473,473,473,473,486,486,512,526,573,587,587,587,587,600,600,600],"floor_reached":33,"playtime":4070,"items_purged":[],"score":316,"play_id":"aeb718b8-d6e6-4cce-b9d6-c4a83c250d77","local_time":"20190426152353","is_ascension_mode":true,"campfire_choices":[{"floor":11,"key":"REST"},{"data":"Crippling Poison","floor":15,"key":"SMITH"},{"data":"RitualDagger","floor":23,"key":"SMITH"},{"floor":30,"key":"REST"},{"floor":32,"key":"REST"}],"neow_cost":"NONE","seed_source_timestamp":3283646502109824,"circlet_count":0,"master_deck":["Defend_G","Defend_G","Defend_G","Defend_G","Defend_G","Strike_G","Strike_G","Strike_G","Strike_G","Strike_G","Survivor","Neutralize","Deflect","Dodge and Roll","Dash+1","PiercingWail","Backstab","Acrobatics","Deadly Poison","Dodge and Roll","Doubt","Crippling Poison+1","Adrenaline+1","Cloak And Dagger+1","RitualDagger+1","Flying Knee","Bouncing Flask","Crippling Poison","PiercingWail","Blur"],"relics":["Ring of the Snake","Singing Bowl","Tough Bandages","Torii","Runic Pyramid","Omamori","Gremlin Horn","Lantern"],"potions_floor_usage":[6,6,10,16,24,24,27,28],"damage_taken":[{"damage":4,"enemies":"Small Slimes","floor":1,"turns":5},{"damage":0,"enemies":"2 Louse","floor":4,"turns":3},{"damage":0,"enemies":"Cultist","floor":5,"turns":5},{"damage":26,"enemies":"Lagavulin","floor":6,"turns":11},{"damage":0,"enemies":"2 Fungi Beasts","floor":8,"turns":4},{"damage":16,"enemies":"3 Sentries","floor":10,"turns":10},{"damage":0,"enemies":"3 Louse","floor":14,"turns":3},{"damage":7,"enemies":"The Guardian","floor":16,"turns":15},{"damage":0,"enemies":"Shell Parasite","floor":18,"turns":6},{"damage":10,"enemies":"2 Thieves","floor":22,"turns":5},{"damage":27,"enemies":"Book of Stabbing","floor":24,"turns":7},{"damage":12,"enemies":"Cultist and Chosen","floor":25,"turns":8},{"damage":1,"enemies":"Centurion and Healer","floor":27,"turns":7},{"damage":18,"enemies":"Colosseum Slavers","floor":28,"turns":5},{"damage":1,"enemies":"Snake Plant","floor":31,"turns":5},{"damage":54,"enemies":"Automaton","floor":33,"turns":12}],"seed_played":"3169377164939593747","potions_obtained":[{"floor":3,"key":"AttackPotion"},{"floor":3,"key":"Fire Potion"},{"floor":3,"key":"Block Potion"},{"floor":4,"key":"Fire Potion"},{"floor":8,"key":"Weak Potion"},{"floor":10,"key":"AttackPotion"},{"floor":16,"key":"Fire Potion"},{"floor":22,"key":"GhostInAJar"},{"floor":25,"key":"Regen Potion"},{"floor":27,"key":"SteroidPotion"}],"is_trial":false,"path_per_floor":["M","?","?","M","M","E","$","M","T","E","R","?","?","M","R","B",null,"M","?","?","?","M","R","E","M","T","M","?","?","R","M","R","B"],"character_chosen":"THE_SILENT","items_purchased":["Backstab","Acrobatics"],"campfire_rested":3,"item_purchase_floors":[7,7],"current_hp_per_floor":[73,62,62,62,62,36,36,36,36,20,43,43,43,43,43,36,77,77,63,57,57,47,47,20,8,8,22,4,4,28,27,51,0],"gold":600,"neow_bonus":"TEN_PERCENT_HP_BONUS","is_prod":false,"is_daily":false,"chose_seed":false,"campfire_upgraded":2,"win_rate":0,"timestamp":1556306633,"path_taken":["M","?","?","M","M","E","$","?","T","E","R","?","?","M","R","BOSS","M","?","?","?","M","R","E","M","T","M","?","?","R","M","R","BOSS"],"build_version":"2018-11-15","purchased_purges":0,"victory":false,"max_hp_per_floor":[77,77,77,77,77,77,77,77,77,77,77,77,77,77,77,77,77,77,82,82,82,82,82,82,82,82,82,82,82,82,82,82,82],"card_choices":[{"not_picked":["Poisoned Stab","Bane"],"picked":"Deflect","floor":1},{"not_picked":["Sucker Punch","Quick Slash"],"picked":"Dodge and Roll","floor":4},{"not_picked":["Calculated Gamble","Deflect"],"picked":"Dash","floor":5},{"not_picked":["Poisoned Stab","Finisher"],"picked":"PiercingWail","floor":6},{"not_picked":["Poisoned Stab","Wraith Form v2"],"picked":"Deadly Poison","floor":8},{"not_picked":["Blade Dance","Prepared"],"picked":"Dodge and Roll","floor":10},{"not_picked":["Well Laid Plans","Outmaneuver"],"picked":"Crippling Poison","floor":14},{"not_picked":["Wraith Form v2","A Thousand Cuts"],"picked":"Adrenaline","floor":16},{"not_picked":["Poisoned Stab+1","Blade Dance"],"picked":"Cloak And Dagger+1","floor":18},{"not_picked":["Quick Slash","PiercingWail"],"picked":"Flying Knee","floor":22},{"not_picked":["PiercingWail","Slice"],"picked":"Bouncing Flask","floor":24},{"not_picked":["Bane","Deadly Poison"],"picked":"Crippling Poison","floor":25},{"not_picked":["Choke","Grand Finale"],"picked":"PiercingWail","floor":27},{"not_picked":["Concentrate","Sucker Punch"],"picked":"Blur","floor":31}],"player_experience":154664,"relics_obtained":[{"floor":6,"key":"Singing Bowl"},{"floor":9,"key":"Tough Bandages"},{"floor":10,"key":"Torii"},{"floor":24,"key":"Gremlin Horn"},{"floor":26,"key":"Lantern"}],"event_choices":[{"damage_healed":0,"gold_gain":75,"player_choice":"Gather Gold","damage_taken":11,"max_hp_gain":0,"max_hp_loss":0,"event_name":"World of Goop","floor":2,"gold_loss":0},{"damage_healed":0,"gold_gain":0,"player_choice":"Got Potions","damage_taken":0,"max_hp_gain":0,"max_hp_loss":0,"event_name":"Lab","floor":3,"gold_loss":0},{"damage_healed":0,"gold_gain":0,"player_choice":"Grow","damage_taken":0,"max_hp_gain":0,"max_hp_loss":0,"event_name":"Living Wall","floor":12,"gold_loss":0,"cards_upgraded":["Dash"]},{"damage_healed":0,"gold_gain":175,"player_choice":"AGREE","damage_taken":0,"max_hp_gain":0,"max_hp_loss":0,"event_name":"Liars Game","floor":13,"gold_loss":0,"cards_obtained":["Doubt"]},{"damage_healed":0,"gold_gain":0,"player_choice":"Shed Blood","damage_taken":19,"max_hp_gain":5,"max_hp_loss":0,"event_name":"Forgotten Altar","floor":19,"gold_loss":0},{"damage_healed":0,"gold_gain":0,"player_choice":"Joined the Cult","damage_taken":6,"max_hp_gain":0,"max_hp_loss":0,"event_name":"Nest","floor":20,"gold_loss":0,"cards_obtained":["RitualDagger"]},{"damage_healed":0,"gold_gain":0,"player_choice":"Opened","damage_taken":0,"relics_obtained":["Omamori"],"max_hp_gain":0,"max_hp_loss":0,"event_name":"The Mausoleum","floor":21,"gold_loss":0},{"damage_healed":0,"gold_gain":0,"player_choice":"Fight","damage_taken":0,"max_hp_gain":0,"max_hp_loss":0,"event_name":"Colosseum","floor":28,"gold_loss":0},{"damage_healed":0,"gold_gain":0,"player_choice":"Fled From Nobs","damage_taken":0,"max_hp_gain":0,"max_hp_loss":0,"event_name":"Colosseum","floor":28,"gold_loss":0},{"damage_healed":0,"gold_gain":0,"player_choice":"Upgraded","damage_taken":0,"max_hp_gain":0,"max_hp_loss":0,"event_name":"Upgrade Shrine","floor":29,"gold_loss":0,"cards_upgraded":["Adrenaline"]}],"is_beta":false,"boss_relics":[{"not_picked":["Eternal Feather","Black Star"],"picked":"Runic Pyramid"}],"items_purged_floors":[],"is_endless":false,"potions_floor_spawned":[4,5,8,10,16,22,25,27],"killed_by":"Automaton","ascension_level":3}