{"gold_per_floor":[109,109,120,16,91,116,116,150,202,213,213,227,255,271,271,373,423,433,433,443,54,54,54,4,15,15,15,15,341,341,353,353,353],"floor_reached":33,"playtime":2815,"items_purged":["Strike_G"],"score":316,"play_id":"b7b40088-3fff-4615-8b3b-0a69595e6616","local_time":"20181121000915","is_ascension_mode":true,"campfire_choices":[{"floor":7,"key":"REST"},{"floor":11,"key":"REST"},{"data":"Footwork","floor":15,"key":"SMITH"},{"data":"Noxious Fumes","floor":23,"key":"SMITH"},{"floor":30,"key":"REST"},{"floor":32,"key":"REST"}],"neow_cost":"NONE","seed_source_timestamp":551376629334269,"circlet_count":0,"master_deck":["Defend_G","Defend_G","Defend_G","Defend_G","Defend_G","Strike_G","Strike_G","Strike_G","Survivor","Neutralize","Burst","Dagger Spray","Skewer","Acrobatics","Infinite Blades","Leg Sweep","Reflex","Deadly Poison","Escape Plan+1","Noxious Fumes+1","Footwork+1","Storm of Steel","Cloak And Dagger","Backstab+1","Noxious Fumes","Predator","Secret Technique","Infinite Blades","Infinite Blades","Quick Slash+1"],"relics":["Ring of the Snake","Vajra","Potion Belt","Smiling Mask","Letter Opener","Tiny House","MutagenicStrength","Molten Egg 2","Old Coin"],"potions_floor_usage":[16,16,27,28,29,29,31,33],"damage_taken":[{"damage":0,"enemies":"2 Louse","floor":1,"turns":2},{"damage":0,"enemies":"Cultist","floor":3,"turns":5},{"damage":23,"enemies":"3 Sentries","floor":6,"turns":10},{"damage":10,"enemies":"Lagavulin","floor":8,"turns":9},{"damage":0,"enemies":"Small Slimes","floor":10,"turns":3},{"damage":9,"enemies":"Exordium Wildlife","floor":12,"turns":6},{"damage":13,"enemies":"Gremlin Nob","floor":13,"turns":4},{"damage":0,"enemies":"Large Slime","floor":14,"turns":6},{"damage":35,"enemies":"The Guardian","floor":16,"turns":10},{"damage":21,"enemies":"Chosen","floor":18,"turns":7},{"damage":7,"enemies":"Spheric Guardian","floor":20,"turns":6},{"damage":25,"enemies":"Cultist and Chosen","floor":25,"turns":7},{"damage":2,"enemies":"Snake Plant","floor":27,"turns":2},{"damage":0,"enemies":"Snecko","floor":28,"turns":3},{"damage":19,"enemies":"Slavers","floor":29,"turns":4},{"damage":19,"enemies":"Shelled Parasite and Fungi","floor":31,"turns":8},{"damage":28,"enemies":"Champ","floor":33,"turns":5}],"seed_played":"-637902450749105923","potions_obtained":[{"floor":3,"key":"SmokeBomb"},{"floor":12,"key":"PowerPotion"},{"floor":13,"key":"LiquidBronze"},{"floor":14,"key":"LiquidBronze"},{"floor":17,"key":"SmokeBomb"},{"floor":18,"key":"AttackPotion"},{"floor":20,"key":"Energy Potion"},{"floor":29,"key":"Dexterity Potion"}],"is_trial":false,"path_per_floor":["M","?","M","$","?","E","R","E","T","M","R","M","E","M","R","B",null,"M","?","M","$","?","R","?","M","T","M","M","E","R","M","R","B"],"character_chosen":"THE_SILENT","items_purchased":["Acrobatics","Infinite Blades","Noxious Fumes","Predator","Secret Technique"],"campfire_rested":4,"item_purchase_floors":[4,4,21,21,21],"current_hp_per_floor":[70,70,70,70,59,36,57,47,47,47,68,59,46,46,46,11,75,54,54,47,47,47,47,47,22,22,20,20,1,23,4,26,0],"gold":353,"neow_bonus":"ONE_RANDOM_RARE_CARD","is_prod":false,"is_daily":false,"chose_seed":false,"campfire_upgraded":2,"win_rate":0,"timestamp":1542776955,"path_taken":["M","?","?","?","?","E","R","E","T","M","R","M","E","M","R","BOSS","M","?","M","$","?","R","?","M","T","M","M","E","R","M","R","BOSS"],"build_version":"2018-11-15","purchased_purges":1,"victory":false,"max_hp_per_floor":[70,70,70,70,70,70,70,70,70,70,70,70,70,70,70,70,75,75,75,75,75,75,75,75,75,75,75,75,75,75,75,75,75],"card_choices":[{"not_picked":["Flying Knee","Quick Slash"],"picked":"Dagger Spray","floor":1},{"not_picked":["Blade Dance","Reflex"],"picked":"Skewer","floor":3},{"not_picked":["Deadly Poison","Dagger Spray"],"picked":"Leg Sweep","floor":6},{"not_picked":["Prepared","Poisoned Stab"],"picked":"Reflex","floor":8},{"not_picked":["Slice","Flying Knee"],"picked":"Deadly Poison","floor":10},{"not_picked":["Choke","Deadly Poison"],"picked":"Escape Plan","floor":12},{"not_picked":["Terror","Crippling Poison"],"picked":"Noxious Fumes","floor":13},{"not_picked":["Dagger Spray","Bane"],"picked":"Footwork","floor":14},{"not_picked":["Unload","Night Terror"],"picked":"Storm of Steel","floor":16},{"not_picked":["Heel Hook","Outmaneuver"],"picked":"Cloak And Dagger","floor":18},{"not_picked":["Dagger Spray+1","Dagger Throw"],"picked":"Backstab+1","floor":20},{"not_picked":["Finisher","Poisoned Stab"],"picked":"Infinite Blades","floor":25},{"not_picked":["Prepared","Unload+1"],"picked":"Infinite Blades","floor":29},{"not_picked":["Underhanded Strike+1","Blade Dance"],"picked":"Quick Slash+1","floor":31}],"player_experience":123010,"relics_obtained":[{"floor":6,"key":"Vajra"},{"floor":8,"key":"Potion Belt"},{"floor":9,"key":"Smiling Mask"},{"floor":13,"key":"Letter Opener"},{"floor":26,"key":"Molten Egg 2"},{"floor":29,"key":"Old Coin"}],"event_choices":[{"cards_removed":["Strike_G"],"damage_healed":0,"gold_gain":0,"player_choice":"Purged","damage_taken":0,"max_hp_gain":0,"max_hp_loss":0,"event_name":"Purifier","floor":2,"gold_loss":0},{"damage_healed":0,"gold_gain":75,"player_choice":"Gather Gold","damage_taken":11,"max_hp_gain":0,"max_hp_loss":0,"event_name":"World of Goop","floor":5,"gold_loss":0},{"damage_healed":0,"gold_gain":0,"player_choice":"Ignored","damage_taken":0,"max_hp_gain":0,"max_hp_loss":0,"event_name":"Vampires","floor":19,"gold_loss":0},{"damage_healed":0,"gold_gain":0,"player_choice":"Inject Mutagens","damage_taken":0,"relics_obtained":["MutagenicStrength"],"max_hp_gain":0,"max_hp_loss":0,"event_name":"Drug Dealer","floor":22,"gold_loss":0},{"damage_healed":0,"gold_gain":0,"player_choice":"Bet on Owner","damage_taken":0,"max_hp_gain":0,"max_hp_loss":0,"event_name":"The Joust","floor":24,"gold_loss":50}],"is_beta":false,"boss_relics":[{"not_picked":["Ectoplasm","HoveringKite"],"picked":"Tiny House"}],"items_purged_floors":[21],"is_endless":false,"potions_floor_spawned":[3,12,13,14,18,20,29],"killed_by":"Champ","ascension_level":2}