{"gold_per_floor":[209,229,244,244,254,279,279,310,310,320,330,330,124,124,124,229,229,243,255,255,266,114,146,146],"floor_reached":24,"playtime":801,"items_purged":["Defend_R"],"score":239,"play_id":"9e6942bd-1728-4cde-82e8-ae0b36d28a1c","local_time":"20190520220011","is_ascension_mode":true,"campfire_choices":[{"floor":15,"key":"REST"}],"neow_cost":"NONE","seed_source_timestamp":146778338223674,"circlet_count":0,"master_deck":["Strike_R","Strike_R","Strike_R","Strike_R","Defend_R","Defend_R","Defend_R","Bash","Inflame","Ghostly Armor","Limit Break","Headbutt","Clothesline","Corruption","Shrug It Off","Seeing Red","Feel No Pain","Pommel Strike","Armaments","Metallicize","Bludgeon","Shrug It Off","Havoc+1","Pommel Strike+1","Flame Barrier"],"relics":["Burning Blood","Omamori","Lantern","Dream Catcher","Matryoshka","Cursed Key","Question Card","PreservedInsect","Bag of Marbles"],"potions_floor_usage":[6,16,16,23,24],"damage_taken":[{"damage":1,"enemies":"Cultist","floor":1,"turns":3},{"damage":11,"enemies":"Jaw Worm","floor":2,"turns":2},{"damage":0,"enemies":"2 Louse","floor":3,"turns":2},{"damage":11,"enemies":"Blue Slaver","floor":5,"turns":4},{"damage":20,"enemies":"3 Sentries","floor":6,"turns":7},{"damage":29,"enemies":"Gremlin Nob","floor":8,"turns":6},{"damage":14,"enemies":"Exordium Wildlife","floor":10,"turns":6},{"damage":9,"enemies":"2 Fungi Beasts","floor":11,"turns":4},{"damage":21,"enemies":"Slime Boss","floor":16,"turns":14},{"damage":12,"enemies":"Shell Parasite","floor":18,"turns":6},{"damage":22,"enemies":"2 Thieves","floor":19,"turns":5},{"damage":1,"enemies":"3 Cultists","floor":21,"turns":5},{"damage":64,"enemies":"Gremlin Leader","floor":23,"turns":5},{"damage":12,"enemies":"Chosen and Byrds","floor":24,"turns":4}],"seed_played":"1950902686936250948","potions_obtained":[{"floor":1,"key":"SpeedPotion"},{"floor":4,"key":"Block Potion"},{"floor":4,"key":"SteroidPotion"},{"floor":5,"key":"Dexterity Potion"},{"floor":8,"key":"Energy Potion"},{"floor":18,"key":"Poison Potion"},{"floor":23,"key":"Energy Potion"}],"is_trial":false,"path_per_floor":["M","?","M","?","M","T","?","?"],"character_chosen":"IRONCLAD","items_purchased":["Feel No Pain","Pommel Strike","Armaments","PreservedInsect"],"campfire_rested":1,"item_purchase_floors":[13,13,13,22],"current_hp_per_floor":[80,75,80,80,75,61,61,38,38,30,27,27,27,32,57,42,85,79,63,63,68,68,10,0],"gold":146,"neow_bonus":"HUNDRED_GOLD","is_prod":false,"is_daily":false,"chose_seed":false,"campfire_upgraded":0,"win_rate":0,"timestamp":1558404011,"path_taken":["M","M","?","?","?","E","?","E","T","M","?","?","$","?","R","BOSS","M","M","?","M","$","E","M"],"build_version":"2019-01-23","purchased_purges":1,"victory":false,"max_hp_per_floor":[80,80,80,80,80,80,80,80,80,80,80,80,80,85,85,85,85,85,85,85,85,85,85,85],"card_choices":[{"not_picked":["Combust","Twin Strike"],"picked":"Inflame","floor":1},{"not_picked":["True Grit","Flex"],"picked":"Ghostly Armor","floor":2},{"not_picked":["Clash","Twin Strike"],"picked":"Limit Break","floor":3},{"not_picked":["Flex","Perfected Strike"],"picked":"Headbutt","floor":5},{"not_picked":["Dropkick","Twin Strike"],"picked":"Clothesline","floor":6},{"not_picked":["Havoc","Iron Wave"],"picked":"Corruption","floor":8},{"not_picked":["Headbutt","Reckless Charge"],"picked":"Shrug It Off","floor":10},{"not_picked":["Sword Boomerang","Cleave"],"picked":"Seeing Red","floor":11},{"not_picked":["Clash","Bloodletting"],"picked":"Metallicize","floor":15},{"not_picked":["Barricade","Double Tap"],"picked":"Bludgeon","floor":16},{"not_picked":["Clothesline","Blood for Blood+1"],"picked":"Shrug It Off","floor":18},{"not_picked":["Warcry+1","Clothesline+1"],"picked":"Havoc+1","floor":19},{"not_picked":["Armaments","Iron Wave","Juggernaut"],"picked":"Pommel Strike+1","floor":21},{"not_picked":["Shockwave","Rampage+1","Power Through+1"],"picked":"Flame Barrier","floor":23}],"player_experience":609752,"relics_obtained":[{"floor":6,"key":"Omamori"},{"floor":8,"key":"Lantern"},{"floor":9,"key":"Dream Catcher"},{"floor":12,"key":"Matryoshka"},{"floor":23,"key":"Bag of Marbles"}],"event_choices":[{"damage_healed":0,"gold_gain":0,"player_choice":"Got Potions","damage_taken":0,"max_hp_gain":0,"max_hp_loss":0,"event_name":"Lab","floor":4,"gold_loss":0},{"cards_removed":["Strike_R"],"damage_healed":0,"gold_gain":0,"player_choice":"Purged","damage_taken":0,"max_hp_gain":0,"max_hp_loss":0,"event_name":"Purifier","floor":7,"gold_loss":0},{"damage_healed":0,"gold_gain":0,"player_choice":"Donut","damage_taken":0,"max_hp_gain":5,"max_hp_loss":0,"event_name":"Big Fish","floor":14,"gold_loss":0},{"damage_healed":0,"gold_gain":0,"player_choice":"Opened","damage_taken":0,"relics_obtained":["Question Card"],"max_hp_gain":0,"max_hp_loss":0,"event_name":"The Mausoleum","floor":20,"gold_loss":0,"cards_obtained":["Writhe"]}],"is_beta":false,"boss_relics":[{"not_picked":["Black Blood","Empty Cage"],"picked":"Cursed Key"}],"items_purged_floors":[13],"is_endless":false,"potions_floor_spawned":[1,5,8,10,11,18,23],"killed_by":"Chosen and Byrds","ascension_level":1}