{"gold_per_floor":[359,202,222,239,256,256,273,273,296,323,323,277,302,314,314,409,409,423,438,348,348,69,102,102,102,152,152,178,191,91,91,91,192,192,203,223,223,47,47,47],"floor_reached":40,"playtime":1555,"items_purged":["Defend_B","Injury"],"score":603,"play_id":"3e338684-24f0-41d3-860e-db166e6c1065","local_time":"20190221153518","is_ascension_mode":true,"campfire_choices":[{"data":"Streamline","floor":6,"key":"SMITH"},{"data":"Streamline","floor":8,"key":"SMITH"},{"floor":15,"key":"REST"},{"floor":24,"key":"REST"},{"data":"Apotheosis","floor":27,"key":"SMITH"},{"data":"Capacitor","floor":32,"key":"SMITH"}],"neow_cost":"PERCENT_DAMAGE","seed_source_timestamp":516922994987463,"circlet_count":0,"master_deck":["Strike_B","Defend_B","Defend_B","Defend_B+1","Dualcast","Glacier","Glacier","Streamline+1","Sweeping Beam","Streamline+1","Machine Learning+1","BootSequence","Self Repair","Apotheosis+1","Capacitor+1","Hologram","Redo+1","Buffer","Streamline+1","Panacea","Enlightenment","Mayhem"],"relics":["Cracked Core","Juzu Bracelet","Orichalcum","Boot","Cursed Key","Bag of Marbles","Bag of Preparation","Pocketwatch","Empty Cage"],"potions_floor_usage":[10,13,18,23,23,33,40],"damage_taken":[{"damage":1,"enemies":"Cultist","floor":1,"turns":4},{"damage":0,"enemies":"2 Louse","floor":3,"turns":3},{"damage":0,"enemies":"Small Slimes","floor":4,"turns":2},{"damage":3,"enemies":"Red Slaver","floor":5,"turns":4},{"damage":7,"enemies":"Large Slime","floor":7,"turns":6},{"damage":0,"enemies":"Gremlin Nob","floor":10,"turns":2},{"damage":0,"enemies":"3 Sentries","floor":13,"turns":5},{"damage":5,"enemies":"3 Louse","floor":14,"turns":3},{"damage":24,"enemies":"Slime Boss","floor":16,"turns":8},{"damage":1,"enemies":"2 Thieves","floor":18,"turns":3},{"damage":0,"enemies":"Chosen","floor":19,"turns":4},{"damage":36,"enemies":"Slavers","floor":23,"turns":8},{"damage":23,"enemies":"Gremlin Leader","floor":28,"turns":8},{"damage":6,"enemies":"Shelled Parasite and Fungi","floor":29,"turns":7},{"damage":53,"enemies":"Collector","floor":33,"turns":14},{"damage":3,"enemies":"3 Shapes","floor":35,"turns":7},{"damage":6,"enemies":"3 Darklings","floor":36,"turns":8},{"damage":65,"enemies":"Donu and Deca","floor":40,"turns":9}],"seed_played":"8885269186830345212","potions_obtained":[{"floor":1,"key":"Fire Potion"},{"floor":3,"key":"Ancient Potion"},{"floor":5,"key":"Explosive Potion"},{"floor":16,"key":"Block Potion"},{"floor":18,"key":"LiquidBronze"},{"floor":19,"key":"Dexterity Potion"},{"floor":28,"key":"Fire Potion"}],"is_trial":false,"path_per_floor":["M","$","M","M","M","R","M","R","T","E","?","?","E","M","R","B",null,"M","M","?","?","$","E","R","?","T","R","E","M","$","?","R","B",null,"M","M","?","$","?","B"],"character_chosen":"DEFECT","items_purchased":["Glacier","Apotheosis","Capacitor","Hologram","Mayhem"],"campfire_rested":2,"item_purchase_floors":[2,22,22,22,38],"current_hp_per_floor":[53,53,53,53,50,50,43,43,43,43,43,43,43,38,60,36,65,64,64,64,50,50,24,48,74,74,74,61,65,65,65,65,22,66,63,67,57,57,57,0],"gold":47,"neow_bonus":"TWO_FIFTY_GOLD","is_prod":false,"is_daily":false,"chose_seed":false,"campfire_upgraded":4,"win_rate":0,"timestamp":1550759718,"path_taken":["M","$","?","M","M","R","M","R","T","E","?","?","E","M","R","BOSS","M","M","?","?","$","E","R","?","T","R","E","M","$","?","R","BOSS","M","M","?","$","?","BOSS"],"build_version":"2019-01-23","purchased_purges":2,"victory":false,"max_hp_per_floor":[75,75,75,75,75,75,75,75,75,75,75,75,75,75,75,75,75,75,75,75,80,80,80,80,80,80,80,80,80,80,80,80,80,80,80,80,80,80,80,80],"card_choices":[{"not_picked":["Leap","Sweeping Beam"],"picked":"Glacier","floor":1},{"not_picked":["Steam","Static Discharge"],"picked":"Streamline","floor":3},{"not_picked":["Compile Driver","Cold Snap"],"picked":"Sweeping Beam","floor":4},{"not_picked":["Glacier","Stack"],"picked":"Streamline","floor":5},{"not_picked":["Compile Driver","Darkness","Glacier"],"picked":"SKIP","floor":7},{"not_picked":["Barrage","Streamline","Buffer"],"picked":"SKIP","floor":10},{"not_picked":["Ball Lightning","Undo","Force Field"],"picked":"SKIP","floor":13},{"not_picked":["Sweeping Beam","Ball Lightning","White Noise"],"picked":"SKIP","floor":14},{"not_picked":["Core Surge","Buffer"],"picked":"Machine Learning","floor":16},{"not_picked":["Fusion","Ball Lightning"],"picked":"BootSequence","floor":18},{"not_picked":["Rebound","Ball Lightning"],"picked":"Self Repair","floor":19},{"not_picked":["Go for the Eyes+1","Coolheaded+1","Darkness"],"picked":"SKIP","floor":23},{"not_picked":["Seek","Leap","Double Energy"],"picked":"SKIP","floor":28},{"not_picked":["Stack","Tempest"],"picked":"Redo+1","floor":29},{"not_picked":["Hyperbeam","Fission"],"picked":"Buffer","floor":33},{"not_picked":["Coolheaded+1","Turbo+1","Redo+1"],"picked":"SKIP","floor":35},{"not_picked":["Darkness","Beam Cell"],"picked":"Streamline+1","floor":36},{"not_picked":["Finesse","Madness"],"picked":"Panacea","floor":37},{"not_picked":["Dramatic Entrance","Discovery"],"picked":"Enlightenment","floor":37}],"player_experience":79568,"relics_obtained":[{"floor":9,"key":"Juzu Bracelet"},{"floor":10,"key":"Orichalcum"},{"floor":13,"key":"Boot"},{"floor":23,"key":"Bag of Marbles"},{"floor":26,"key":"Bag of Preparation"},{"floor":28,"key":"Pocketwatch"}],"event_choices":[{"cards_removed":["Strike_B"],"damage_healed":0,"gold_gain":0,"player_choice":"Forget","damage_taken":0,"max_hp_gain":0,"max_hp_loss":0,"event_name":"Living Wall","floor":11,"gold_loss":0},{"damage_healed":0,"gold_gain":0,"player_choice":"Left Gold","damage_taken":0,"max_hp_gain":0,"max_hp_loss":0,"event_name":"World of Goop","floor":12,"gold_loss":46},{"cards_removed":["Strike_B"],"damage_healed":0,"gold_gain":0,"player_choice":"Upgrade and Remove","damage_taken":0,"max_hp_gain":0,"max_hp_loss":0,"event_name":"Designer","floor":20,"gold_loss":90,"cards_upgraded":["Defend_B"]},{"damage_healed":0,"gold_gain":0,"player_choice":"Shed Blood","damage_taken":19,"max_hp_gain":5,"max_hp_loss":0,"event_name":"Forgotten Altar","floor":21,"gold_loss":0},{"damage_healed":26,"gold_gain":0,"player_choice":"Heal","damage_taken":0,"max_hp_gain":0,"max_hp_loss":0,"event_name":"The Library","floor":25,"gold_loss":0},{"damage_healed":0,"gold_gain":0,"player_choice":"Upgraded","damage_taken":0,"max_hp_gain":0,"max_hp_loss":0,"event_name":"Upgrade Shrine","floor":31,"gold_loss":0,"cards_upgraded":["Machine Learning"]},{"damage_healed":0,"gold_gain":0,"player_choice":"Memory 3","damage_taken":10,"max_hp_gain":0,"max_hp_loss":0,"event_name":"SensoryStone","floor":37,"gold_loss":0},{"damage_healed":0,"gold_gain":0,"player_choice":"Took Portal","damage_taken":0,"max_hp_gain":0,"max_hp_loss":0,"event_name":"SecretPortal","floor":39,"gold_loss":0}],"is_beta":false,"boss_relics":[{"not_picked":["White Beast Statue","Calling Bell"],"picked":"Cursed Key"},{"not_picked":["Lizard Tail","Eternal Feather"],"picked":"Empty Cage"}],"items_purged_floors":[2,30],"is_endless":false,"potions_floor_spawned":[1,3,5,7,16,18,19,28],"killed_by":"Donu and Deca","ascension_level":5}