{"gold_per_floor":[118,131,131,149,224,224,251,251,251,9,9],"floor_reached":11,"playtime":200,"items_purged":["Strike_R"],"score":99,"play_id":"1a06b5a3-8c80-4f75-8013-d7d3b69ed503","local_time":"20190402165041","is_ascension_mode":true,"campfire_choices":[{"floor":6,"key":"DIG"},{"floor":8,"key":"REST"}],"neow_cost":"TEN_PERCENT_HP_LOSS","seed_source_timestamp":13764746205712,"circlet_count":0,"master_deck":["Strike_R","Strike_R","Strike_R","Strike_R","Defend_R","Defend_R","Defend_R","Defend_R","Bash","Heavy Blade","Shrug It Off","Demon Form","Spot Weakness","Madness","Seeing Red","Secret Technique"],"special_seed":0,"relics":["Burning Blood","Shovel","Gremlin Horn","Pantograph","Meat on the Bone"],"potions_floor_usage":[],"damage_taken":[{"damage":0.0,"enemies":"Small Slimes","floor":1.0,"turns":3.0},{"damage":1.0,"enemies":"Cultist","floor":2.0,"turns":4.0},{"damage":14,"enemies":"Jaw Worm","floor":4,"turns":3},{"damage":48,"enemies":"Lagavulin","floor":7,"turns":7},{"damage":43,"enemies":"Gremlin Nob","floor":11,"turns":3}],"seed_played":"-4052293292965428451","potions_obtained":[{"floor":2.0,"key":"Explosive Potion"}],"is_trial":false,"path_per_floor":["M","M","?","M","?","R","E","R","T","$","E"],"character_chosen":"IRONCLAD","items_purchased":["Secret Technique"],"campfire_rested":1,"item_purchase_floors":[10],"current_hp_per_floor":[72,72,72,64,53,53,11,32,32,32,0],"gold":9,"neow_bonus":"ONE_RARE_RELIC","is_prod":false,"is_daily":false,"chose_seed":false,"campfire_upgraded":0,"win_rate":0,"timestamp":1554216641,"path_taken":["M","M","?","?","?","R","E","R","T","$","E"],"build_version":"2019-01-23","purchased_purges":1,"victory":false,"max_hp_per_floor":[72,72,72,72,72,72,72,72,72,72,72],"card_choices":[{"not_picked":["Disarm","Clothesline"],"picked":"Heavy Blade","floor":1.0},{"not_picked":["Infernal Blade","Combust"],"picked":"Shrug It Off","floor":2.0},{"not_picked":["Cleave","Wild Strike"],"picked":"Seeing Red","floor":4},{"not_picked":["Exhume","Battle Trance","Twin Strike"],"picked":"SKIP","floor":7}],"player_experience":132256,"relics_obtained":[{"floor":6,"key":"Gremlin Horn"},{"floor":7,"key":"Pantograph"},{"floor":9,"key":"Meat on the Bone"}],"event_choices":[{"damage_healed":0,"gold_gain":0,"player_choice":"3 cards matched","damage_taken":0,"max_hp_gain":0,"max_hp_loss":0,"event_name":"Match and Keep!","floor":3,"gold_loss":0,"cards_obtained":["Demon Form","Spot Weakness","Madness"]},{"damage_healed":0,"gold_gain":75,"player_choice":"Gather Gold","damage_taken":11,"max_hp_gain":0,"max_hp_loss":0,"event_name":"World of Goop","floor":5,"gold_loss":0}],"is_beta":false,"boss_relics":[],"items_purged_floors":[10],"is_endless":false,"potions_floor_spawned":[2],"killed_by":"Gremlin Nob","ascension_level":8}