{"gold_per_floor":[118,136,136,147,97,125,142,142,142,142,158,178,189,114,114,216,216,182,82,100,119,47,47,76,96,96,96,108,108,128,43,55,67],"floor_reached":33,"playtime":1333,"items_purged":["Strike_R","Strike_R"],"score":336,"play_id":"0d322aa1-974c-43fd-a522-ed6654905d5f","local_time":"20190129110233","is_ascension_mode":true,"campfire_choices":[{"floor":8,"key":"REST"},{"data":"Armaments","floor":10,"key":"SMITH"},{"data":"Searing Blow","floor":15,"key":"SMITH"},{"floor":23,"key":"REST"},{"floor":27,"key":"REST"},{"data":"Armaments","floor":32,"key":"SMITH"}],"neow_cost":"PERCENT_DAMAGE","seed_source_timestamp":36890559857653,"circlet_count":0,"master_deck":["Defend_R","Defend_R","Defend_R","Defend_R","Bash","Cleave","Armaments+1","Searing Blow+1","True Grit","Berserk","Armaments+1","Evolve","Armaments+1","Decay"],"special_seed":0,"relics":["Burning Blood","Lantern","Darkstone Periapt","Mark of Pain","Pear","Dodecahedron","MawBank"],"potions_floor_usage":[7,11,16,20,21,28],"damage_taken":[{"damage":12.0,"enemies":"2 Louse","floor":1.0,"turns":3.0},{"damage":0.0,"enemies":"Small Slimes","floor":2.0,"turns":3.0},{"damage":5.0,"enemies":"Jaw Worm","floor":4.0,"turns":4.0},{"damage":42.0,"enemies":"Gremlin Nob","floor":6.0,"turns":5.0},{"damage":8,"enemies":"Red Slaver","floor":7,"turns":3},{"damage":18,"enemies":"Large Slime","floor":11,"turns":7},{"damage":0,"enemies":"2 Fungi Beasts","floor":12,"turns":3},{"damage":0,"enemies":"Looter","floor":13,"turns":4},{"damage":28,"enemies":"Hexaghost","floor":16,"turns":9},{"damage":19,"enemies":"2 Thieves","floor":18,"turns":5},{"damage":14,"enemies":"3 Byrds","floor":20,"turns":9},{"damage":37,"enemies":"Cultist and Chosen","floor":21,"turns":10},{"damage":24,"enemies":"Slavers","floor":24,"turns":7},{"damage":9,"enemies":"Snecko","floor":25,"turns":5},{"damage":21,"enemies":"Chosen and Byrds","floor":28,"turns":6},{"damage":22,"enemies":"3 Cultists","floor":30,"turns":6},{"damage":68,"enemies":"Champ","floor":33,"turns":14}],"seed_played":"-8294980602626944213","potions_obtained":[{"floor":2.0,"key":"GamblersBrew"},{"floor":6.0,"key":"Strength Potion"},{"floor":7,"key":"GamblersBrew"},{"floor":13,"key":"PowerPotion"},{"floor":16,"key":"Dexterity Potion"},{"floor":20,"key":"Fire Potion"},{"floor":25,"key":"Regen Potion"}],"is_trial":false,"path_per_floor":["M","M","?","M","?","E","M","R","T","R","M","M","M","$","R","B",null,"M","$","M","M","$","R","E","M","T","R","M","?","M","?","R","B"],"character_chosen":"IRONCLAD","items_purchased":["Evolve"],"campfire_rested":3,"item_purchase_floors":[22],"current_hp_per_floor":[50,56,56,57,57,21,19,43,43,43,31,37,43,43,43,21,80,67,67,59,28,28,52,44,41,41,68,67,73,57,57,57,0],"gold":67,"neow_bonus":"REMOVE_TWO","is_prod":false,"is_daily":false,"chose_seed":false,"campfire_upgraded":3,"win_rate":0,"timestamp":1548756153,"path_taken":["M","M","?","M","?","E","M","R","T","R","M","M","M","?","R","BOSS","M","$","M","M","$","R","E","M","T","R","M","?","M","?","R","BOSS"],"build_version":"2019-01-23","purchased_purges":2,"victory":false,"max_hp_per_floor":[80,80,80,80,80,80,80,80,80,80,80,80,80,80,80,80,80,80,80,80,80,80,80,90,90,90,90,90,96,96,96,96,96],"card_choices":[{"not_picked":["Body Slam","Shrug It Off"],"picked":"Cleave","floor":1.0},{"not_picked":["Perfected Strike","Flex"],"picked":"Armaments","floor":2.0},{"not_picked":["Evolve","Armaments"],"picked":"Searing Blow","floor":4.0},{"not_picked":["Sword Boomerang","Heavy Blade","Pommel Strike"],"picked":"SKIP","floor":6.0},{"not_picked":["Searing Blow","Clothesline"],"picked":"True Grit","floor":7},{"not_picked":["Sword Boomerang","Cleave","Anger"],"picked":"SKIP","floor":11},{"not_picked":["Body Slam","Iron Wave","Anger"],"picked":"SKIP","floor":12},{"not_picked":["Reaper","Clash","Havoc"],"picked":"SKIP","floor":13},{"not_picked":["Reaper","Bludgeon"],"picked":"Berserk","floor":16},{"not_picked":["Evolve","Disarm","Wild Strike"],"picked":"SKIP","floor":18},{"not_picked":["Thunderclap","Carnage","Twin Strike"],"picked":"SKIP","floor":20},{"not_picked":["Inflame","Clash"],"picked":"Armaments+1","floor":21},{"not_picked":["Thunderclap","Hemokinesis","Immolate"],"picked":"SKIP","floor":24},{"not_picked":["Fire Breathing","Havoc","Sword Boomerang"],"picked":"SKIP","floor":25},{"not_picked":["Havoc","Cleave"],"picked":"Armaments","floor":28},{"not_picked":["Shrug It Off","Heavy Blade","Dropkick"],"picked":"SKIP","floor":30}],"player_experience":30988,"relics_obtained":[{"floor":6.0,"key":"Lantern"},{"floor":9,"key":"Darkstone Periapt"},{"floor":24,"key":"Pear"},{"floor":26,"key":"Dodecahedron"}],"event_choices":[{"damage_healed":0.0,"max_hp_gain":0.0,"max_hp_loss":0.0,"gold_gain":0.0,"event_name":"Scrap Ooze","player_choice":"Fled","floor":3.0,"gold_loss":0.0,"damage_taken":0.0},{"cards_removed":["Strike_R"],"damage_healed":0.0,"max_hp_gain":0.0,"max_hp_loss":0.0,"gold_gain":0.0,"event_name":"The Cleric","player_choice":"Card Removal","floor":5.0,"gold_loss":50.0,"damage_taken":0.0},{"damage_healed":0,"gold_gain":0,"player_choice":"Smashed Altar","damage_taken":0,"max_hp_gain":0,"max_hp_loss":0,"event_name":"Forgotten Altar","floor":29,"gold_loss":0,"cards_obtained":["Decay"]},{"damage_healed":0,"gold_gain":0,"player_choice":"Obtained Relic","damage_taken":0,"relics_obtained":["MawBank"],"max_hp_gain":0,"max_hp_loss":0,"event_name":"Addict","floor":31,"gold_loss":85}],"is_beta":false,"boss_relics":[{"not_picked":["Eternal Feather","Calling Bell"],"picked":"Mark of Pain"}],"items_purged_floors":[14,19],"is_endless":false,"potions_floor_spawned":[2,6,7,13,16,20,25],"killed_by":"Champ","ascension_level":1}