{"gold_per_floor":[119,194,194,194,212,243,243,243,243,243,266,306,32,50,50,50],"floor_reached":16,"playtime":741,"items_purged":[],"score":144,"play_id":"2e2bf520-3dac-4462-9692-cf855a17aa8a","local_time":"20181008190649","is_ascension_mode":true,"campfire_choices":[{"floor":7,"key":"REST"},{"data":"Pommel Strike","floor":10,"key":"SMITH"},{"floor":15,"key":"REST"}],"neow_cost":"PERCENT_DAMAGE","seed_source_timestamp":451338152951857,"circlet_count":0,"master_deck":["Strike_R","Strike_R","Strike_R","Strike_R","Strike_R","Defend_R","Defend_R","Defend_R","Defend_R","Bash","Havoc","Pain","Injury","Pommel Strike+1","Intimidate","Decay","Flex","Iron Wave","Havoc","Feed"],"relics":["Burning Blood","WarpedTongs","Golden Idol","Oddly Smooth Stone","Question Card","Mummified Hand","Paper Frog"],"potions_floor_usage":[12,14,16],"damage_taken":[{"damage":9,"enemies":"Jaw Worm","floor":1,"turns":4},{"damage":10,"enemies":"2 Louse","floor":5,"turns":3},{"damage":33,"enemies":"Gremlin Nob","floor":6,"turns":4},{"damage":1,"enemies":"Small Slimes","floor":11,"turns":4},{"damage":34,"enemies":"3 Sentries","floor":12,"turns":7},{"damage":6,"enemies":"Exordium Thugs","floor":14,"turns":6},{"damage":62,"enemies":"The Guardian","floor":16,"turns":11}],"seed_played":"7709714390163251584","potions_obtained":[{"floor":6,"key":"AttackPotion"},{"floor":12,"key":"PowerPotion"},{"floor":14,"key":"Block Potion"}],"is_trial":false,"path_per_floor":["M","?","?","?","M","E","R","?","T","R","M","E","$","M","R"],"character_chosen":"IRONCLAD","items_purchased":["Paper Frog","Havoc"],"campfire_rested":2,"item_purchase_floors":[13,13],"current_hp_per_floor":[66,55,55,55,51,24,52,52,52,52,57,29,29,29,57,0],"gold":50,"neow_bonus":"TWENTY_PERCENT_HP_BONUS","is_prod":false,"is_daily":false,"chose_seed":false,"campfire_upgraded":1,"win_rate":0,"timestamp":1539040009,"path_taken":["M","?","?","?","M","E","R","?","T","R","M","E","?","M","R","BOSS"],"build_version":"2018-09-06","purchased_purges":0,"victory":false,"max_hp_per_floor":[96,96,96,96,96,96,96,96,96,96,96,96,96,96,96,96],"card_choices":[{"not_picked":["Perfected Strike","Entrench"],"picked":"Havoc","floor":1},{"not_picked":["Thunderclap","Flex"],"picked":"Pommel Strike","floor":5},{"not_picked":["Sword Boomerang","Brutality"],"picked":"Intimidate","floor":6},{"not_picked":["Thunderclap","Havoc","Corruption"],"picked":"Flex","floor":11},{"not_picked":["Twin Strike","Armaments","Anger"],"picked":"Iron Wave","floor":12},{"not_picked":["Wild Strike","Bloodletting","Whirlwind"],"picked":"Feed","floor":14}],"player_experience":65395,"relics_obtained":[{"floor":6,"key":"Oddly Smooth Stone"},{"floor":9,"key":"Question Card"},{"floor":12,"key":"Mummified Hand"}],"event_choices":[{"event_name":"World of Goop","player_choice":"Gather Gold","floor":2,"damage_taken":0},{"event_name":"Accursed Blacksmith","player_choice":"Rummage","floor":3,"damage_taken":0},{"event_name":"Golden Idol","player_choice":"Take Wound","floor":4,"damage_taken":0},{"event_name":"Wheel of Change","player_choice":"Curse","floor":8,"damage_taken":0}],"is_beta":false,"boss_relics":[],"items_purged_floors":[],"is_endless":false,"potions_floor_spawned":[6,12,14],"killed_by":"The Guardian","ascension_level":2}