{"gold_per_floor":[109,119,65,30,30,61,76,76,76,76,92,92,92,125,125,125],"floor_reached":16,"playtime":295,"items_purged":[],"score":246,"play_id":"c8652ba5-4d86-46c6-a86d-33a2aba267b5","local_time":"20190531182039","is_ascension_mode":true,"campfire_choices":[{"data":"Body Slam","floor":8,"key":"SMITH"},{"data":"Rage","floor":10,"key":"SMITH"},{"data":"Body Slam","floor":13,"key":"SMITH"},{"floor":15,"key":"REST"}],"neow_cost":"NONE","seed_source_timestamp":371780654718722,"circlet_count":0,"master_deck":["AscendersBane","Strike_R","Strike_R","Strike_R","Strike_R","Defend_R","Defend_R","Defend_R","Defend_R","Bash","Rage+1","Pommel Strike","Body Slam+1","Body Slam+1"],"relics":["Burning Blood","NeowsBlessing","Singing Bowl","The Courier","Golden Idol","Gremlin Horn"],"potions_floor_usage":[14,14,16],"damage_taken":[{"damage":0,"enemies":"Small Slimes","floor":1,"turns":1},{"damage":0,"enemies":"Jaw Worm","floor":2,"turns":1},{"damage":0,"enemies":"Lagavulin","floor":6,"turns":1},{"damage":11,"enemies":"Cultist","floor":7,"turns":4},{"damage":10,"enemies":"Large Slime","floor":11,"turns":5},{"damage":27,"enemies":"Gremlin Nob","floor":14,"turns":4},{"damage":55,"enemies":"The Guardian","floor":16,"turns":15}],"seed_played":"7464955506052392440","potions_obtained":[{"floor":6,"key":"Ancient Potion"},{"floor":11,"key":"SkillPotion"},{"floor":14,"key":"BloodPotion"}],"is_trial":false,"path_per_floor":["M","M","$","?","?","E","M","R","T","R","M","?","R","E","R","B"],"character_chosen":"IRONCLAD","items_purchased":["Body Slam"],"campfire_rested":1,"item_purchase_floors":[3],"current_hp_per_floor":[74,75,75,75,68,76,73,73,73,73,69,42,42,23,47,0],"gold":125,"neow_bonus":"THREE_ENEMY_KILL","is_prod":false,"is_daily":false,"chose_seed":false,"campfire_upgraded":3,"win_rate":0,"timestamp":1559319639,"path_taken":["M","M","$","?","?","E","M","R","T","R","M","?","R","E","R","BOSS"],"build_version":"2019-01-23","purchased_purges":0,"victory":false,"max_hp_per_floor":[75,75,75,75,75,77,79,79,79,79,79,79,79,81,81,81],"card_choices":[{"not_picked":["Pommel Strike","Rupture"],"picked":"Rage","floor":1},{"not_picked":["Bloodletting","Havoc"],"picked":"Pommel Strike","floor":2},{"not_picked":["Sword Boomerang","Pommel Strike","Thunderclap"],"picked":"Singing Bowl","floor":6},{"not_picked":["Twin Strike","Wild Strike","Second Wind"],"picked":"Singing Bowl","floor":7},{"not_picked":["Spot Weakness","Perfected Strike"],"picked":"Body Slam","floor":11},{"not_picked":["Warcry","Dark Embrace","Power Through"],"picked":"Singing Bowl","floor":14}],"player_experience":280501,"relics_obtained":[{"floor":6,"key":"Singing Bowl"},{"floor":9,"key":"The Courier"},{"floor":14,"key":"Gremlin Horn"}],"event_choices":[{"damage_healed":18,"gold_gain":0,"player_choice":"Healed","damage_taken":0,"max_hp_gain":0,"max_hp_loss":0,"event_name":"The Cleric","floor":4,"gold_loss":35},{"cards_removed":["Strike_R"],"damage_healed":0,"gold_gain":0,"player_choice":"Card Removal","damage_taken":7,"max_hp_gain":0,"max_hp_loss":0,"event_name":"Golden Wing","floor":5,"gold_loss":0},{"damage_healed":0,"gold_gain":0,"player_choice":"Take Damage","damage_taken":27,"relics_obtained":["Golden Idol"],"max_hp_gain":0,"max_hp_loss":0,"event_name":"Golden Idol","floor":12,"gold_loss":0}],"is_beta":false,"boss_relics":[],"items_purged_floors":[],"is_endless":false,"potions_floor_spawned":[6,11,14],"killed_by":"The Guardian","ascension_level":17}