{"gold_per_floor":[112,123,138,138,138,138,164,9,33,66,78,78,92,112,112,186,186,86,86,11,11,11,11,11,11,11,11,11,11,11,11,11,11,11,11,11,11,11,11,11,11,11,11,11,11,11,11,11,11,11],"floor_reached":51,"playtime":5299,"items_purged":["Strike_B"],"score":1540,"play_id":"a25bc391-5df3-49d9-b502-8382d58968be","local_time":"20181021134008","is_ascension_mode":true,"campfire_choices":[{"data":"Defragment","floor":6,"key":"SMITH"},{"data":"Barrage","floor":12,"key":"SMITH"},{"data":"Defragment","floor":15,"key":"SMITH"},{"data":"Defragment","floor":24,"key":"SMITH"},{"data":"Buffer","floor":27,"key":"SMITH"},{"data":"Go for the Eyes","floor":30,"key":"SMITH"},{"data":"Zap","floor":32,"key":"SMITH"},{"data":"Storm","floor":40,"key":"SMITH"},{"data":"Strike_B","floor":45,"key":"PURGE"},{"floor":49,"key":"REST"}],"neow_cost":"NONE","seed_source_timestamp":9677103315019,"circlet_count":0,"master_deck":["Strike_B","Defend_B","Defend_B","Defend_B","Defend_B","Zap+1","Dualcast","AscendersBane","Cold Snap","Defragment+1","Conserve Battery","Barrage+1","Buffer+1","Go for the Eyes+1","Defragment+1","Defragment+1","Conserve Battery","Ball Lightning","Conserve Battery","Echo Form","Coolheaded","Ghostly","Ghostly","Ghostly","Ghostly","Ghostly","Hologram+1","Cold Snap+1","Electrodynamics","White Noise","Storm+1","Capacitor","Heatsinks","Capacitor","Blizzard+1"],"relics":["Cracked Core","Blood Vial","Orichalcum","Oddly Smooth Stone","Bronze Scales","Kunai","Ectoplasm","Omamori","Molten Egg 2","Cursed Key","Peace Pipe","Pen Nib","Bag of Preparation"],"potions_floor_usage":[16,18,37,44,50],"damage_taken":[{"damage":0,"enemies":"Small Slimes","floor":1,"turns":2},{"damage":0,"enemies":"Cultist","floor":2,"turns":4},{"damage":7,"enemies":"2 Louse","floor":3,"turns":4},{"damage":8,"enemies":"Lagavulin","floor":7,"turns":7},{"damage":3,"enemies":"3 Sentries","floor":10,"turns":6},{"damage":0,"enemies":"Blue Slaver","floor":11,"turns":3},{"damage":0,"enemies":"Large Slime","floor":13,"turns":3},{"damage":8,"enemies":"Exordium Wildlife","floor":14,"turns":3},{"damage":14,"enemies":"Hexaghost","floor":16,"turns":8},{"damage":22,"enemies":"2 Thieves","floor":18,"turns":4},{"damage":15,"enemies":"Colosseum Slavers","floor":21,"turns":5},{"damage":2,"enemies":"3 Byrds","floor":22,"turns":4},{"damage":0,"enemies":"Book of Stabbing","floor":25,"turns":6},{"damage":0,"enemies":"Shelled Parasite and Fungi","floor":28,"turns":7},{"damage":0,"enemies":"Cultist and Chosen","floor":29,"turns":7},{"damage":0,"enemies":"3 Cultists","floor":31,"turns":6},{"damage":0,"enemies":"Collector","floor":33,"turns":12},{"damage":0,"enemies":"3 Darklings","floor":35,"turns":5},{"damage":7,"enemies":"Orb Walker","floor":37,"turns":5},{"damage":0,"enemies":"Jaw Worm Horde","floor":38,"turns":4},{"damage":0,"enemies":"Mind Bloom Boss Battle","floor":41,"turns":6},{"damage":18,"enemies":"4 Shapes","floor":44,"turns":4},{"damage":0,"enemies":"Sphere and 2 Shapes","floor":46,"turns":3},{"damage":12,"enemies":"3 Darklings","floor":47,"turns":3},{"damage":7,"enemies":"Giant Head","floor":48,"turns":6},{"damage":0,"enemies":"Donu and Deca","floor":50,"turns":6}],"seed_played":"-4846942550204108573","potions_obtained":[{"floor":2,"key":"PowerPotion"},{"floor":3,"key":"FearPotion"},{"floor":25,"key":"Block Potion"},{"floor":33,"key":"Poison Potion"},{"floor":35,"key":"FearPotion"},{"floor":41,"key":"SpeedPotion"},{"floor":46,"key":"Strength Potion"}],"is_trial":false,"path_per_floor":["M","M","M","?","?","R","E","$","T","E","M","R","M","M","R","B",null,"M","?","?","?","M","$","R","E","T","R","M","M","R","M","R","B",null,"M","$","M","M","?","R","?","?","T","M","R","M","M","E","R","B"],"character_chosen":"DEFECT","items_purchased":["Defragment"],"campfire_rested":1,"item_purchase_floors":[8],"current_hp_per_floor":[66,68,63,63,45,45,39,39,39,38,40,40,42,36,36,24,59,39,35,35,20,20,20,20,22,22,22,24,26,26,28,28,30,34,35,35,28,30,35,35,35,35,35,17,17,19,9,4,14,16],"gold":11,"neow_bonus":"RANDOM_COMMON_RELIC","is_prod":false,"is_daily":false,"chose_seed":false,"campfire_upgraded":8,"win_rate":0,"timestamp":1540122008,"path_taken":["M","M","M","?","?","R","E","?","T","E","M","R","?","M","R","BOSS","M","?","?","?","M","$","R","E","T","R","M","?","R","M","R","BOSS","M","$","M","M","?","R","?","?","T","M","R","?","M","E","R","BOSS"],"build_version":"2018-10-18","purchased_purges":1,"victory":true,"max_hp_per_floor":[71,71,71,71,71,71,71,71,71,71,71,71,71,71,71,71,71,71,35,35,35,35,35,35,35,35,35,35,35,35,35,35,35,35,35,35,35,35,35,35,35,35,35,35,35,35,35,35,35,35],"card_choices":[{"not_picked":["Ball Lightning","Reinforced Body"],"picked":"Cold Snap","floor":1},{"not_picked":["Doom and Gloom","Melter"],"picked":"Defragment","floor":2},{"not_picked":["Tempest","Hologram"],"picked":"Conserve Battery","floor":3},{"not_picked":["Consume","Recycle"],"picked":"Go for the Eyes","floor":7},{"not_picked":["Cold Snap","Machine Learning"],"picked":"Defragment","floor":10},{"not_picked":["Steam","Auto Shields"],"picked":"Conserve Battery","floor":11},{"not_picked":["Steam Power","Gash"],"picked":"Ball Lightning","floor":13},{"not_picked":["Consume","Gash"],"picked":"Conserve Battery","floor":14},{"not_picked":["Core Surge","Machine Learning"],"picked":"Echo Form","floor":16},{"not_picked":["Tempest","Redo+1"],"picked":"Coolheaded","floor":18},{"not_picked":["Gash+1","Aggregate"],"picked":"Hologram+1","floor":28},{"not_picked":["Stack","Ball Lightning+1"],"picked":"Cold Snap+1","floor":29},{"not_picked":["Multi-Cast","Core Surge+1"],"picked":"Electrodynamics","floor":33},{"not_picked":["Tempest","Static Discharge+1"],"picked":"White Noise","floor":37},{"not_picked":["Conserve Battery+1","Hologram"],"picked":"Storm","floor":38},{"not_picked":["Stack+1","Ball Lightning+1"],"picked":"Capacitor","floor":41},{"not_picked":["Doom and Gloom+1","Force Field"],"picked":"Heatsinks","floor":46},{"not_picked":["Beam Cell+1","Lockon+1"],"picked":"Capacitor","floor":47},{"not_picked":["Core Surge+1","Rebound+1"],"picked":"Blizzard+1","floor":48}],"player_experience":1252327,"relics_obtained":[{"floor":7,"key":"Oddly Smooth Stone"},{"floor":9,"key":"Bronze Scales"},{"floor":10,"key":"Kunai"},{"floor":25,"key":"Omamori"},{"floor":26,"key":"Molten Egg 2"},{"floor":41,"key":"Peace Pipe"},{"floor":43,"key":"Pen Nib"},{"floor":48,"key":"Bag of Preparation"}],"event_choices":[{"damage_healed":0,"gold_gain":0,"player_choice":"2 cards matched","damage_taken":0,"max_hp_gain":0,"max_hp_loss":0,"event_name":"Match and Keep!","floor":4,"gold_loss":0,"cards_obtained":["Barrage","Buffer"]},{"damage_healed":0,"gold_gain":0,"player_choice":"Success","damage_taken":18,"relics_obtained":["Orichalcum"],"max_hp_gain":0,"max_hp_loss":0,"event_name":"Scrap Ooze","floor":5,"gold_loss":0},{"damage_healed":0,"gold_gain":0,"player_choice":"Became a Ghost","damage_taken":0,"max_hp_gain":0,"max_hp_loss":36,"event_name":"Ghosts","floor":19,"gold_loss":0,"cards_obtained":["Ghostly","Ghostly","Ghostly","Ghostly","Ghostly"]},{"cards_removed":["Strike_B"],"damage_healed":0,"gold_gain":0,"player_choice":"Single Remove","damage_taken":0,"max_hp_gain":0,"max_hp_loss":0,"event_name":"Designer","floor":20,"gold_loss":75},{"damage_healed":0,"gold_gain":0,"player_choice":"Fight","damage_taken":0,"max_hp_gain":0,"max_hp_loss":0,"event_name":"Colosseum","floor":21,"gold_loss":0},{"damage_healed":0,"gold_gain":0,"player_choice":"Fled From Nobs","damage_taken":0,"max_hp_gain":0,"max_hp_loss":0,"event_name":"Colosseum","floor":21,"gold_loss":0},{"damage_healed":5,"gold_gain":0,"player_choice":"Full Heal","damage_taken":0,"max_hp_gain":0,"max_hp_loss":0,"event_name":"Wheel of Change","floor":39,"gold_loss":0},{"damage_healed":0,"gold_gain":0,"player_choice":"Fight","damage_taken":0,"max_hp_gain":0,"max_hp_loss":0,"event_name":"MindBloom","floor":41,"gold_loss":0},{"damage_healed":0,"gold_gain":0,"player_choice":"Ignored","damage_taken":0,"max_hp_gain":0,"max_hp_loss":0,"event_name":"SecretPortal","floor":42,"gold_loss":0}],"is_beta":false,"boss_relics":[{"not_picked":["Tiny House","Black Star"],"picked":"Ectoplasm"},{"not_picked":["Orrery","Coffee Dripper"],"picked":"Cursed Key"}],"items_purged_floors":[8],"is_endless":false,"potions_floor_spawned":[2,3,7,13,25,33,35,41,46],"ascension_level":18}