{"gold_per_floor":[210,225,15,28,28,62,81,81,81,81,100,110,110,140,140,243,243,259,275,35,45,65,100,115,128,128,141,141,172,195,227,239,356,368,400,412,440,18,43,69,69,104,104,124,45,0,0,19,19,19],"floor_reached":51,"playtime":7666,"items_purged":[],"score":912,"play_id":"4fcb05df-b5a1-4bdf-8a84-bfbcf3f73746","local_time":"20181010004629","is_ascension_mode":true,"campfire_choices":[{"data":"Pommel Strike","floor":8,"key":"SMITH"},{"floor":15,"key":"REST"},{"floor":28,"key":"REST"},{"data":"1","floor":32,"key":"LIFT"},{"data":"2","floor":41,"key":"LIFT"},{"data":"3","floor":49,"key":"LIFT"}],"neow_cost":"NONE","seed_source_timestamp":551174365094139,"circlet_count":0,"master_deck":["Strike_R","Strike_R","Strike_R","Strike_R","Defend_R","Defend_R","Defend_R+1","Defend_R+1","Bash","Havoc","Shockwave+1","Metallicize","Flash of Steel","Power Through","Offering","Pommel Strike+1","Seeing Red","Body Slam","Pommel Strike","Shrug It Off","Reaper","Metallicize+1","Iron Wave","Metallicize+1","Discovery","Clothesline","Armaments","Shrug It Off","Headbutt+1","Feed","Body Slam+1","Pommel Strike+1","Sword Boomerang","Entrench","Shrug It Off+1","Ghostly Armor+1","Demon Form+1","Shrug It Off+1","Disarm","Body Slam","Iron Wave","Body Slam","Trip","Blood for Blood+1","Whirlwind","Spot Weakness","Uppercut","Shockwave+1"],"relics":["Burning Blood","Anchor","Frozen Egg 2","Girya","Snecko Eye","Blue Candle","Pear","MawBank","Fusion Hammer","Du-Vu Doll","Kunai","PreservedInsect","Ancient Tea Set","Gambling Chip","Bottled Flame","Red Mask"],"potions_floor_usage":[16,16,23,23,33,33,33],"damage_taken":[{"damage":6,"enemies":"Cultist","floor":1,"turns":3},{"damage":7,"enemies":"2 Louse","floor":2,"turns":2},{"damage":11,"enemies":"Small Slimes","floor":4,"turns":4},{"damage":25,"enemies":"3 Sentries","floor":6,"turns":9},{"damage":7,"enemies":"Looter","floor":7,"turns":3},{"damage":6,"enemies":"Lots of Slimes","floor":11,"turns":3},{"damage":9,"enemies":"Exordium Wildlife","floor":12,"turns":3},{"damage":33,"enemies":"Gremlin Nob","floor":14,"turns":5},{"damage":41,"enemies":"Hexaghost","floor":16,"turns":12},{"damage":22,"enemies":"3 Byrds","floor":18,"turns":7},{"damage":10,"enemies":"Spheric Guardian","floor":19,"turns":4},{"damage":7,"enemies":"Cultist and Chosen","floor":21,"turns":6},{"damage":5,"enemies":"Snake Plant","floor":22,"turns":5},{"damage":82,"enemies":"Gremlin Leader","floor":23,"turns":8},{"damage":6,"enemies":"Snecko","floor":24,"turns":5},{"damage":14,"enemies":"Centurion and Healer","floor":25,"turns":9},{"damage":15,"enemies":"Snake Plant","floor":27,"turns":5},{"damage":28,"enemies":"Book of Stabbing","floor":29,"turns":8},{"damage":14,"enemies":"Chosen and Byrds","floor":30,"turns":6},{"damage":14,"enemies":"Snecko","floor":31,"turns":5},{"damage":56,"enemies":"Collector","floor":33,"turns":19},{"damage":0,"enemies":"3 Shapes","floor":35,"turns":4},{"damage":12,"enemies":"Mind Bloom Boss Battle","floor":36,"turns":6},{"damage":24,"enemies":"3 Darklings","floor":37,"turns":5},{"damage":19,"enemies":"Nemesis","floor":40,"turns":7},{"damage":0,"enemies":"2 Orb Walkers","floor":42,"turns":3},{"damage":6,"enemies":"Maw","floor":44,"turns":7},{"damage":7,"enemies":"Transient","floor":48,"turns":5},{"damage":53,"enemies":"Time Eater","floor":50,"turns":10}],"seed_played":"4264153515092859123","potions_obtained":[{"floor":1,"key":"BloodPotion"},{"floor":6,"key":"GamblersBrew"},{"floor":7,"key":"Swift Potion"},{"floor":12,"key":"Swift Potion"},{"floor":14,"key":"SpeedPotion"},{"floor":19,"key":"Fire Potion"},{"floor":21,"key":"EssenceOfSteel"},{"floor":23,"key":"BloodPotion"},{"floor":29,"key":"Regen Potion"},{"floor":35,"key":"LiquidBronze"},{"floor":36,"key":"Explosive Potion"},{"floor":48,"key":"Weak Potion"}],"is_trial":false,"path_per_floor":["M","M","$","M","?","E","M","R","T","?","M","M","?","E","R","B",null,"M","M","$","M","M","E","M","M","T","M","R","E","M","M","R","B",null,"M","?","M","$","T","E","R","E","T","M","$","?","?","M","R","B"],"character_chosen":"IRONCLAD","items_purchased":["Metallicize","Flash of Steel","Power Through","Metallicize+1","Discovery","Clothesline","Armaments","Kunai","Iron Wave","Body Slam","Trip","Uppercut"],"campfire_rested":2,"item_purchase_floors":[3,3,3,20,20,20,20,38,38,38,38,45],"current_hp_per_floor":[80,79,79,74,58,39,38,38,38,64,64,61,61,34,58,23,80,70,66,66,77,78,12,18,22,32,27,54,38,45,37,37,25,93,96,96,93,93,93,83,83,92,92,99,99,99,99,98,98,75],"gold":19,"neow_bonus":"HUNDRED_GOLD","is_prod":false,"is_daily":false,"chose_seed":false,"campfire_upgraded":1,"win_rate":0,"timestamp":1539146789,"path_taken":["M","M","$","M","?","E","?","R","T","?","?","M","?","E","R","BOSS","M","M","$","?","M","E","M","M","T","M","R","E","M","M","R","BOSS","M","?","?","$","?","E","R","E","T","?","?","?","?","M","R","BOSS"],"build_version":"2018-09-06","purchased_purges":0,"victory":true,"max_hp_per_floor":[80,80,80,80,80,80,80,80,80,80,80,80,80,80,80,80,80,80,80,80,80,80,80,80,80,90,90,90,90,93,93,93,93,93,96,96,96,96,96,96,96,99,99,99,99,99,99,99,99,99],"card_choices":[{"not_picked":["Iron Wave","Anger"],"picked":"Havoc","floor":1},{"not_picked":["Cleave","Bloodletting"],"picked":"Shockwave","floor":2},{"not_picked":["Carnage","Entrench"],"picked":"Offering","floor":4},{"not_picked":["Burning Pact","Headbutt"],"picked":"Pommel Strike","floor":6},{"not_picked":["Heavy Blade","Second Wind"],"picked":"Seeing Red","floor":7},{"not_picked":["Flex","Sword Boomerang"],"picked":"Body Slam","floor":11},{"not_picked":["Entrench","Cleave"],"picked":"Pommel Strike","floor":12},{"not_picked":["Dropkick","Warcry"],"picked":"Shrug It Off","floor":14},{"not_picked":["Exhume","Fiend Fire"],"picked":"Reaper","floor":16},{"not_picked":["Heavy Blade","Intimidate"],"picked":"Metallicize+1","floor":18},{"not_picked":["Thunderclap","Cleave"],"picked":"Iron Wave","floor":19},{"not_picked":["True Grit","Clothesline+1"],"picked":"Shrug It Off","floor":21},{"not_picked":["Anger","Pommel Strike"],"picked":"Headbutt+1","floor":22},{"not_picked":["Fire Breathing+1","Cleave"],"picked":"Feed","floor":23},{"not_picked":["Searing Blow+1","Wild Strike+1"],"picked":"Body Slam+1","floor":24},{"not_picked":["Entrench","Twin Strike+1"],"picked":"Pommel Strike+1","floor":25},{"not_picked":["Flex","Twin Strike"],"picked":"Sword Boomerang","floor":27},{"not_picked":["Perfected Strike","Sword Boomerang+1"],"picked":"Entrench","floor":29},{"not_picked":["Heavy Blade","Clash"],"picked":"Shrug It Off+1","floor":30},{"not_picked":["Searing Blow","Sword Boomerang+1"],"picked":"Ghostly Armor+1","floor":31},{"not_picked":["Feed","Double Tap"],"picked":"Demon Form+1","floor":33},{"not_picked":["Thunderclap+1","Body Slam+1"],"picked":"Shrug It Off+1","floor":35},{"not_picked":["Thunderclap+1","Twin Strike"],"picked":"Disarm","floor":36},{"not_picked":["Cleave+1","True Grit"],"picked":"Body Slam","floor":37},{"not_picked":["Thunderclap+1","Flex+1"],"picked":"Blood for Blood+1","floor":40},{"not_picked":["Infernal Blade","Heavy Blade+1"],"picked":"Whirlwind","floor":42},{"not_picked":["Feed","Wild Strike"],"picked":"Spot Weakness","floor":44},{"not_picked":["Armaments","Dropkick+1"],"picked":"Shockwave+1","floor":48}],"player_experience":86328,"relics_obtained":[{"floor":6,"key":"Anchor"},{"floor":9,"key":"Frozen Egg 2"},{"floor":14,"key":"Girya"},{"floor":23,"key":"Blue Candle"},{"floor":26,"key":"Pear"},{"floor":29,"key":"MawBank"},{"floor":36,"key":"Du-Vu Doll"},{"floor":39,"key":"PreservedInsect"},{"floor":40,"key":"Ancient Tea Set"},{"floor":42,"key":"Gambling Chip"},{"floor":43,"key":"Bottled Flame"}],"event_choices":[{"event_name":"Shining Light","player_choice":"Entered Light","floor":5,"damage_taken":0},{"event_name":"Big Fish","player_choice":"Banana","floor":10,"damage_taken":0},{"event_name":"Accursed Blacksmith","player_choice":"Forge","floor":13,"damage_taken":0},{"event_name":"MindBloom","player_choice":"Fight","floor":36,"damage_taken":0},{"event_name":"Tomb of Lord Red Mask","player_choice":"Paid","floor":46,"damage_taken":0},{"event_name":"Falling","player_choice":"Removed Attack","floor":47,"damage_taken":0}],"is_beta":false,"boss_relics":[{"not_picked":["Sozu","White Beast Statue"],"picked":"Snecko Eye"},{"not_picked":["Velvet Choker","Coffee Dripper"],"picked":"Fusion Hammer"}],"items_purged_floors":[],"is_endless":false,"potions_floor_spawned":[1,6,7,12,14,19,21,23,29,30,35,36,48],"ascension_level":2}