{"gold_per_floor":[116,130,145,165,181,181,194,220,266,285,311,311,323,339,339,339],"floor_reached":16,"playtime":1741,"items_purged":[],"score":118,"play_id":"22146116-cc3a-48a7-928d-cb97e4da9c78","local_time":"20190531164406","is_ascension_mode":false,"campfire_choices":[{"data":"Neutralize","floor":6,"key":"SMITH"},{"data":"PiercingWail","floor":12,"key":"SMITH"},{"data":"Well Laid Plans","floor":15,"key":"SMITH"}],"neow_cost":"NONE","seed_source_timestamp":0,"circlet_count":0,"master_deck":["Defend_G","Defend_G","Defend_G","Defend_G","Defend_G","Strike_G","Strike_G","Strike_G","Strike_G","Strike_G","Survivor","Neutralize+1","Dagger Throw","Cloak And Dagger","PiercingWail+1","Acrobatics","Backflip","Deadly Poison","Cloak And Dagger","Well Laid Plans+1","Blur"],"special_seed":0,"relics":["Ring of the Snake","NeowsBlessing","Pear","Smiling Mask","Nunchaku"],"potions_floor_usage":[8,11,16],"damage_taken":[{"damage":0,"enemies":"Cultist","floor":1,"turns":1},{"damage":0,"enemies":"2 Louse","floor":2,"turns":1},{"damage":0,"enemies":"Small Slimes","floor":3,"turns":1},{"damage":0,"enemies":"Exordium Wildlife","floor":4,"turns":3},{"damage":2,"enemies":"Blue Slaver","floor":5,"turns":6},{"damage":0,"enemies":"Looter","floor":7,"turns":5},{"damage":28,"enemies":"Gremlin Nob","floor":8,"turns":5},{"damage":0,"enemies":"Large Slime","floor":10,"turns":6},{"damage":11,"enemies":"3 Sentries","floor":11,"turns":15},{"damage":0,"enemies":"Exordium Wildlife","floor":13,"turns":5},{"damage":0,"enemies":"Lots of Slimes","floor":14,"turns":5},{"damage":42,"enemies":"Hexaghost","floor":16,"turns":17}],"seed_played":"186320835953879945","potions_obtained":[{"floor":3,"key":"Dexterity Potion"},{"floor":7,"key":"Explosive Potion"},{"floor":11,"key":"SteroidPotion"}],"is_trial":false,"path_per_floor":["M","M","M","M","M","R","M","E","T","M","E","R","M","M","R","B"],"character_chosen":"THE_SILENT","items_purchased":[],"campfire_rested":0,"item_purchase_floors":[],"current_hp_per_floor":[70,70,70,70,68,68,68,50,50,50,39,39,39,39,39,0],"gold":339,"neow_bonus":"THREE_ENEMY_KILL","is_prod":false,"is_daily":false,"chose_seed":false,"campfire_upgraded":3,"win_rate":0.0,"timestamp":1559342646,"path_taken":["M","?","M","M","M","R","M","E","T","M","E","R","M","M","R","BOSS"],"build_version":"2019-01-23","purchased_purges":0,"victory":false,"max_hp_per_floor":[70,70,70,70,70,70,70,80,80,80,80,80,80,80,80,80],"card_choices":[{"not_picked":["Endless Agony","Masterful Stab"],"picked":"Dagger Throw","floor":1},{"not_picked":["Escape Plan","Deflect"],"picked":"Cloak And Dagger","floor":2},{"not_picked":["Dagger Spray","Endless Agony"],"picked":"PiercingWail","floor":3},{"not_picked":["Calculated Gamble","Catalyst"],"picked":"Acrobatics","floor":4},{"not_picked":["Riddle With Holes","Storm of Steel"],"picked":"Backflip","floor":5},{"not_picked":["Reflex","Dagger Spray","Prepared"],"picked":"SKIP","floor":7},{"not_picked":["Dash","Caltrops"],"picked":"Deadly Poison","floor":8},{"not_picked":["Infinite Blades","Deflect"],"picked":"Cloak And Dagger","floor":10},{"not_picked":["Riddle With Holes","Cloak And Dagger"],"picked":"Well Laid Plans","floor":11},{"not_picked":["Dodge and Roll","Crippling Poison"],"picked":"Blur","floor":13},{"not_picked":["Sucker Punch","Bouncing Flask","Deadly Poison"],"picked":"SKIP","floor":14}],"player_experience":36999,"relics_obtained":[{"floor":8,"key":"Pear"},{"floor":9,"key":"Smiling Mask"},{"floor":11,"key":"Nunchaku"}],"event_choices":[],"is_beta":false,"boss_relics":[],"items_purged_floors":[],"is_endless":false,"potions_floor_spawned":[3,7,11],"killed_by":"Hexaghost","ascension_level":0}