{"gold_per_floor":[113,113,113,132,97,97,127,141,219,233,233,308,308,12,12,105,105,89,104,104],"floor_reached":20,"playtime":1267,"items_purged":[],"score":292,"play_id":"b5ecd2ee-fa6b-4e5a-9fd8-4b40aac59ffc","local_time":"20190519140257","is_ascension_mode":true,"campfire_choices":[{"data":"Clothesline","floor":6,"key":"SMITH"},{"floor":15,"key":"REST"}],"neow_cost":"PERCENT_DAMAGE","seed_source_timestamp":31279703561642,"circlet_count":0,"master_deck":["AscendersBane","Strike_R","Strike_R","Strike_R","Strike_R","Defend_R","Defend_R","Defend_R","Defend_R","Bash","Juggernaut","Clothesline+1","Body Slam","True Grit","Pummel","Pummel","Infernal Blade","Injury","Shrug It Off","Feel No Pain","Fiend Fire","Demon Form","Burning Pact","Spot Weakness"],"relics":["Burning Blood","Potion Belt","Pantograph","Golden Idol","Blue Candle","Philosopher\u0027s Stone"],"potions_floor_usage":[16,16,20],"damage_taken":[{"damage":12,"enemies":"Jaw Worm","floor":1,"turns":6},{"damage":2,"enemies":"Cultist","floor":4,"turns":4},{"damage":51,"enemies":"Gremlin Nob","floor":7,"turns":6},{"damage":3,"enemies":"Small Slimes","floor":8,"turns":5},{"damage":3,"enemies":"3 Louse","floor":10,"turns":4},{"damage":68,"enemies":"Slime Boss","floor":16,"turns":14},{"damage":38,"enemies":"2 Thieves","floor":18,"turns":4},{"damage":14,"enemies":"Chosen","floor":19,"turns":4},{"damage":26,"enemies":"Sentry and Sphere","floor":20,"turns":3}],"seed_played":"-4734212516061963156","potions_obtained":[{"floor":7,"key":"BloodPotion"},{"floor":16,"key":"Explosive Potion"}],"is_trial":false,"path_per_floor":["?","?","M","?","?","?","T"],"character_chosen":"IRONCLAD","items_purchased":["Shrug It Off","Feel No Pain","Fiend Fire","AttackPotion"],"campfire_rested":1,"item_purchase_floors":[14,14,14,14],"current_hp_per_floor":[44,44,44,48,66,66,21,24,24,27,27,16,16,16,38,8,58,26,18,0],"gold":104,"neow_bonus":"THREE_RARE_CARDS","is_prod":false,"is_daily":false,"chose_seed":false,"campfire_upgraded":1,"win_rate":0,"timestamp":1558288977,"path_taken":["M","?","?","?","?","R","E","M","T","M","?","?","?","$","R","BOSS","M","M","M"],"build_version":"2019-01-23","purchased_purges":0,"victory":false,"max_hp_per_floor":[75,75,75,75,75,75,75,75,75,75,75,75,75,75,75,75,75,75,75,75],"card_choices":[{"not_picked":["Exhume","Barricade"],"picked":"Juggernaut","floor":0},{"not_picked":["Power Through","Body Slam"],"picked":"Clothesline","floor":1},{"not_picked":["Pommel Strike","Evolve"],"picked":"True Grit","floor":4},{"not_picked":["Heavy Blade","Limit Break"],"picked":"Pummel","floor":7},{"not_picked":["Reckless Charge","Warcry"],"picked":"Pummel","floor":8},{"not_picked":["Clash","Hemokinesis"],"picked":"Infernal Blade","floor":10},{"not_picked":["Feed","Double Tap"],"picked":"Demon Form","floor":16},{"not_picked":["Thunderclap","Clash"],"picked":"Burning Pact","floor":18},{"not_picked":["Warcry","Heavy Blade"],"picked":"Spot Weakness","floor":19}],"player_experience":568055,"relics_obtained":[{"floor":7,"key":"Potion Belt"},{"floor":9,"key":"Pantograph"},{"floor":13,"key":"Blue Candle"}],"event_choices":[{"damage_healed":0,"gold_gain":0,"player_choice":"Ignored","damage_taken":0,"max_hp_gain":0,"max_hp_loss":0,"event_name":"Shining Light","floor":2,"gold_loss":0},{"damage_healed":0,"gold_gain":0,"cards_transformed":["Strike_R"],"player_choice":"Transformed","damage_taken":0,"max_hp_gain":0,"max_hp_loss":0,"event_name":"Transmorgrifier","floor":3,"gold_loss":0,"cards_obtained":["Body Slam"]},{"damage_healed":18,"gold_gain":0,"player_choice":"Healed","damage_taken":0,"max_hp_gain":0,"max_hp_loss":0,"event_name":"The Cleric","floor":5,"gold_loss":35},{"damage_healed":0,"gold_gain":0,"player_choice":"Take Wound","damage_taken":0,"relics_obtained":["Golden Idol"],"max_hp_gain":0,"max_hp_loss":0,"event_name":"Golden Idol","floor":11,"gold_loss":0,"cards_obtained":["Injury"]},{"damage_healed":0,"gold_gain":75,"player_choice":"Gather Gold","damage_taken":11,"max_hp_gain":0,"max_hp_loss":0,"event_name":"World of Goop","floor":12,"gold_loss":0}],"is_beta":false,"boss_relics":[{"not_picked":["Ectoplasm","Astrolabe"],"picked":"Philosopher\u0027s Stone"}],"items_purged_floors":[],"is_endless":false,"potions_floor_spawned":[7,16],"killed_by":"Sentry and Sphere","ascension_level":14}