{"gold_per_floor":[111,13,13,33,51,80,80,113,136,154,154,154,154,201,201,326,326,351,370,68,93,113,113,136,136,160,173,173,186,12,26,26,155,155,171,190,190,204,228,228,228,228],"floor_reached":42,"playtime":3658,"items_purged":["Strike_G"],"score":499,"play_id":"7deeabf4-0be6-48d3-85c5-65b69732244f","local_time":"20190501193245","is_ascension_mode":true,"campfire_choices":[{"floor":7,"key":"REST"},{"floor":13,"key":"REST"},{"floor":15,"key":"REST"},{"floor":23,"key":"REST"},{"floor":25,"key":"REST"},{"floor":28,"key":"REST"},{"floor":32,"key":"REST"},{"floor":40,"key":"REST"}],"neow_cost":"NONE","seed_source_timestamp":3730987995192894,"circlet_count":0,"master_deck":["Defend_G","Defend_G","Defend_G","Defend_G","Defend_G","Strike_G","Strike_G","Strike_G","Strike_G","Survivor","Neutralize+1","Deadly Poison","Footwork+1","Poisoned Stab","Deadly Poison","Well Laid Plans","Backflip","Adrenaline","Backflip","Envenom","Deadly Poison+1","Night Terror","Infinite Blades","Tactician+1","Dash","Bane+1","PiercingWail+1","Outmaneuver","Apotheosis","Infinite Blades+1","Burst","Dagger Spray","Escape Plan","Footwork+1","Dodge and Roll"],"relics":["Ring of the Snake","Centennial Puzzle","Boot","Oddly Smooth Stone","Golden Idol","Snake Skull","Philosopher\u0027s Stone","Omamori","Vajra","Fusion Hammer","NlothsMask"],"potions_floor_usage":[16,33,33,39,39],"damage_taken":[{"damage":1,"enemies":"Cultist","floor":1,"turns":5},{"damage":3,"enemies":"Small Slimes","floor":4,"turns":4},{"damage":11,"enemies":"2 Louse","floor":5,"turns":4},{"damage":33,"enemies":"Gremlin Nob","floor":6,"turns":5},{"damage":34,"enemies":"3 Sentries","floor":8,"turns":12},{"damage":0,"enemies":"Looter","floor":10,"turns":3},{"damage":17,"enemies":"Slime Boss","floor":16,"turns":12},{"damage":12,"enemies":"Spheric Guardian","floor":18,"turns":5},{"damage":1,"enemies":"Shell Parasite","floor":19,"turns":4},{"damage":13,"enemies":"Cultist and Chosen","floor":21,"turns":6},{"damage":36,"enemies":"Sentry and Sphere","floor":22,"turns":7},{"damage":17,"enemies":"Chosen and Byrds","floor":24,"turns":5},{"damage":5,"enemies":"Shelled Parasite and Fungi","floor":27,"turns":6},{"damage":5,"enemies":"Snecko","floor":29,"turns":3},{"damage":8,"enemies":"Cultist and Chosen","floor":31,"turns":5},{"damage":35,"enemies":"Collector","floor":33,"turns":7},{"damage":4,"enemies":"3 Shapes","floor":35,"turns":8},{"damage":14,"enemies":"Orb Walker","floor":36,"turns":4},{"damage":22,"enemies":"4 Shapes","floor":38,"turns":4},{"damage":24,"enemies":"Transient","floor":39,"turns":5},{"damage":31,"enemies":"Sphere and 2 Shapes","floor":42,"turns":3}],"seed_played":"-4665256434185109207","potions_obtained":[{"floor":5,"key":"SpeedPotion"},{"floor":8,"key":"Strength Potion"},{"floor":10,"key":"Strength Potion"},{"floor":16,"key":"Explosive Potion"},{"floor":29,"key":"Dexterity Potion"},{"floor":38,"key":"SpeedPotion"}],"is_trial":false,"path_per_floor":["M","$","?","M","M","E","R","E","T","M","?","?","R","T","R","B",null,"M","M","$","M","M","R","M","R","T","M","R","M","$","M","R","B",null,"M","M","$","M","M","R","?","M"],"character_chosen":"THE_SILENT","items_purchased":["Footwork","Poisoned Stab","Omamori","Infinite Blades","Apotheosis"],"campfire_rested":8,"item_purchase_floors":[2,2,20,20,30],"current_hp_per_floor":[76,76,76,73,62,29,52,18,18,18,18,18,39,39,60,43,71,59,58,58,45,9,30,13,34,34,29,50,45,45,37,58,23,71,67,53,53,31,7,28,28,0],"gold":228,"neow_bonus":"TEN_PERCENT_HP_BONUS","is_prod":false,"is_daily":false,"chose_seed":false,"campfire_upgraded":0,"win_rate":0,"timestamp":1556753565,"path_taken":["M","?","?","?","M","E","R","E","T","M","?","?","R","?","R","BOSS","M","?","$","?","M","R","M","R","T","M","R","M","$","M","R","BOSS","M","M","$","M","M","R","?","?"],"build_version":"2018-11-15","purchased_purges":1,"victory":false,"max_hp_per_floor":[77,77,77,77,77,77,77,77,77,77,71,71,71,71,71,71,71,71,71,71,71,71,71,71,71,71,71,71,71,71,71,71,71,71,71,71,71,71,71,71,71,71],"card_choices":[{"not_picked":["Blade Dance","Flechettes"],"picked":"Deadly Poison","floor":1},{"not_picked":["Masterful Stab","Sucker Punch"],"picked":"Deadly Poison","floor":4},{"not_picked":["Deadly Poison","Slice"],"picked":"Well Laid Plans","floor":5},{"not_picked":["Setup","Dodge and Roll"],"picked":"Backflip","floor":6},{"not_picked":["Reflex","Dagger Spray"],"picked":"Adrenaline","floor":8},{"not_picked":["Dodge and Roll","Finisher"],"picked":"Backflip","floor":10},{"not_picked":["Doppelganger","Grand Finale"],"picked":"Envenom","floor":16},{"not_picked":["Dodge and Roll","Quick Slash"],"picked":"Deadly Poison+1","floor":18},{"not_picked":["Quick Slash+1","Deadly Poison"],"picked":"Night Terror","floor":19},{"not_picked":["Bane","Backflip"],"picked":"Tactician+1","floor":21},{"not_picked":["Well Laid Plans","Infinite Blades"],"picked":"Dash","floor":22},{"not_picked":["Underhanded Strike","Poisoned Stab"],"picked":"Bane+1","floor":24},{"not_picked":["Tactician","Dagger Throw"],"picked":"PiercingWail+1","floor":27},{"not_picked":["Masterful Stab","Eviscerate"],"picked":"Outmaneuver","floor":29},{"not_picked":["Blade Dance","Slice"],"picked":"Infinite Blades+1","floor":31},{"not_picked":["Tools of the Trade","Doppelganger"],"picked":"Burst","floor":33},{"not_picked":["Prepared","Slice+1"],"picked":"Dagger Spray","floor":35},{"not_picked":["Flechettes","Dagger Spray+1"],"picked":"Escape Plan","floor":36},{"not_picked":["Noxious Fumes+1","Dash+1"],"picked":"Footwork+1","floor":38},{"not_picked":["Bane+1","Slice+1"],"picked":"Dodge and Roll","floor":39}],"player_experience":185375,"relics_obtained":[{"floor":6,"key":"Centennial Puzzle"},{"floor":8,"key":"Boot"},{"floor":9,"key":"Oddly Smooth Stone"},{"floor":14,"key":"Snake Skull"},{"floor":26,"key":"Vajra"}],"event_choices":[{"damage_healed":0,"gold_gain":0,"player_choice":"Upgraded","damage_taken":0,"max_hp_gain":0,"max_hp_loss":0,"event_name":"Upgrade Shrine","floor":3,"gold_loss":0,"cards_upgraded":["Footwork"]},{"damage_healed":0,"gold_gain":0,"player_choice":"Lose Max HP","damage_taken":0,"relics_obtained":["Golden Idol"],"max_hp_gain":0,"max_hp_loss":6,"event_name":"Golden Idol","floor":11,"gold_loss":0},{"damage_healed":0,"gold_gain":0,"player_choice":"Grow","damage_taken":0,"max_hp_gain":0,"max_hp_loss":0,"event_name":"Living Wall","floor":12,"gold_loss":0,"cards_upgraded":["Neutralize"]},{"damage_healed":0,"gold_gain":0,"player_choice":"Trade","damage_taken":0,"relics_obtained":["NlothsMask"],"max_hp_gain":0,"max_hp_loss":0,"event_name":"FaceTrader","floor":41,"gold_loss":0}],"is_beta":false,"boss_relics":[{"not_picked":["Busted Crown","Empty Cage"],"picked":"Philosopher\u0027s Stone"},{"not_picked":["Calling Bell","Black Star"],"picked":"Fusion Hammer"}],"items_purged_floors":[20],"is_endless":false,"potions_floor_spawned":[5,8,10,16,19,22,27,29,38],"killed_by":"Sphere and 2 Shapes","ascension_level":3}