{"gold_per_floor":[20,32,32,51,51,51,85,85,137,0,18,48,78,96,96,170,170,181,131,146,163,178,178,203,219,219,219,231,264,264,276,276,353,353,370,370,370,385,26,26,0,0,0,30,56,76,76,94,94,94],"floor_reached":51,"playtime":3805,"items_purged":["Strike_G","Strike_G"],"score":1297,"play_id":"d9354ee2-55ae-4efe-8122-33ef0147b9bf","local_time":"20180821173258","is_ascension_mode":true,"campfire_choices":[{"data":"Neutralize","floor":6,"key":"SMITH"},{"data":"Leg Sweep","floor":8,"key":"SMITH"},{"data":"Flechettes","floor":15,"key":"SMITH"},{"floor":23,"key":"REST"},{"floor":27,"key":"REST"},{"data":"Burst","floor":30,"key":"SMITH"},{"floor":32,"key":"REST"},{"floor":40,"key":"DIG"},{"floor":42,"key":"DIG"},{"floor":47,"key":"DIG"},{"floor":49,"key":"REST"}],"neow_cost":"NO_GOLD","seed_source_timestamp":286730463229637,"circlet_count":0,"master_deck":["Defend_G","Defend_G+1","Defend_G","Defend_G","Defend_G","Strike_G","Strike_G","Survivor","Neutralize+1","AscendersBane","Quick Slash","Leg Sweep+1","Heel Hook","Backflip","Blur","Noxious Fumes","Flash of Steel","Noxious Fumes","Flechettes+1","Backflip","Burst+1","PiercingWail+1","Escape Plan","Backflip","Backflip+1","Backflip","Slice","Madness","Madness","Quick Slash+1"],"relics":["Ring of the Snake","Pen Nib","Bag of Marbles","Smiling Mask","Mercury Hourglass","Sozu","Frozen Egg 2","Bottled Flame","Snake Skull","Busted Crown","Dead Branch","Shovel","Paper Crane","Red Mask","War Paint","Molten Egg 2","Incense Burner","Bag of Preparation","Shuriken"],"potions_floor_usage":[7,16,33],"damage_taken":[{"damage":4,"enemies":"2 Louse","floor":1,"turns":7},{"damage":4,"enemies":"Small Slimes","floor":2,"turns":5},{"damage":0,"enemies":"Cultist","floor":4,"turns":4},{"damage":35,"enemies":"3 Sentries","floor":7,"turns":15},{"damage":1,"enemies":"Exordium Wildlife","floor":11,"turns":7},{"damage":1,"enemies":"Lagavulin","floor":13,"turns":9},{"damage":0,"enemies":"Large Slime","floor":14,"turns":5},{"damage":38,"enemies":"Slime Boss","floor":16,"turns":8},{"damage":0,"enemies":"3 Byrds","floor":18,"turns":4},{"damage":17,"enemies":"2 Thieves","floor":20,"turns":4},{"damage":0,"enemies":"Shelled Parasite and Fungi","floor":21,"turns":7},{"damage":10,"enemies":"3 Cultists","floor":22,"turns":5},{"damage":31,"enemies":"Book of Stabbing","floor":24,"turns":9},{"damage":18,"enemies":"Snake Plant","floor":25,"turns":5},{"damage":5,"enemies":"Snecko","floor":28,"turns":5},{"damage":4,"enemies":"Gremlin Leader","floor":29,"turns":8},{"damage":1,"enemies":"Centurion and Healer","floor":31,"turns":6},{"damage":23,"enemies":"Champ","floor":33,"turns":11},{"damage":6,"enemies":"3 Shapes","floor":35,"turns":4},{"damage":0,"floor":37,"turns":9},{"damage":0,"enemies":"Orb Walker","floor":38,"turns":1},{"damage":12,"enemies":"Nemesis","floor":44,"turns":9},{"damage":3,"enemies":"Maw","floor":46,"turns":7},{"damage":0,"enemies":"4 Shapes","floor":48,"turns":4},{"damage":0,"enemies":"Awakened One","floor":50,"turns":15}],"seed_played":"-4550541905538848677","potions_obtained":[{"floor":2,"key":"Regen Potion"},{"floor":7,"key":"EssenceOfSteel"},{"floor":14,"key":"Dexterity Potion"}],"is_trial":false,"path_per_floor":["M","M","?","M","?","R","E","R","T","$","M","?","E","M","R","B",null,"M","$","M","M","M","R","E","M","T","R","M","E","R","M","R","B",null,"M","?","?","M","$","R","?","R","T","E","T","M","R","M","R","B"],"character_chosen":"THE_SILENT","items_purchased":["Noxious Fumes","Flash of Steel","Shovel"],"campfire_rested":4,"item_purchase_floors":[10,10,39],"current_hp_per_floor":[67,63,63,63,68,68,48,48,48,48,47,47,46,46,46,8,64,64,64,47,47,37,61,30,12,12,36,31,27,27,26,50,27,69,63,48,48,48,48,48,48,48,48,36,36,33,33,33,57,57],"gold":94,"neow_bonus":"TWENTY_PERCENT_HP_BONUS","is_prod":false,"is_daily":false,"chose_seed":false,"campfire_upgraded":4,"win_rate":0,"timestamp":1534865578,"path_taken":["M","M","?","?","?","R","E","R","T","$","?","?","E","M","R","BOSS","M","$","M","M","M","R","E","M","T","R","M","E","R","M","R","BOSS","M","?","?","M","$","R","?","R","T","E","?","M","R","M","R","BOSS"],"build_version":"2018-08-16","purchased_purges":2,"victory":true,"max_hp_per_floor":[78,78,78,78,83,83,83,83,83,83,83,83,83,83,83,83,83,83,83,83,83,83,83,83,83,83,83,83,83,83,83,83,83,83,83,83,83,83,83,83,83,83,83,83,83,83,83,83,83,83],"card_choices":[{"not_picked":["Acrobatics","Prepared"],"picked":"Quick Slash","floor":1},{"not_picked":["Wraith Form v2","Blade Dance"],"picked":"Leg Sweep","floor":2},{"not_picked":["Slice","Terror"],"picked":"Backflip","floor":4},{"not_picked":["Prepared","Quick Slash"],"picked":"Blur","floor":7},{"not_picked":["Dagger Throw","Leg Sweep"],"picked":"Noxious Fumes","floor":11},{"not_picked":["Expertise","Slice"],"picked":"Flechettes","floor":13},{"not_picked":["PiercingWail","Skewer"],"picked":"Backflip","floor":14},{"not_picked":["Grand Finale","Die Die Die"],"picked":"Burst","floor":16},{"not_picked":["Dodge and Roll","Deflect"],"picked":"PiercingWail","floor":18},{"not_picked":["Dagger Spray","Blade Dance"],"picked":"Escape Plan","floor":24},{"not_picked":["Outmaneuver","Blade Dance"],"picked":"Backflip","floor":25},{"not_picked":["Underhanded Strike","Grand Finale"],"picked":"Backflip+1","floor":28},{"not_picked":["Tactician+1","Deflect"],"picked":"Backflip","floor":29},{"not_picked":["Quick Slash","Distraction"],"picked":"Slice","floor":31},{"not_picked":[],"picked":"Quick Slash+1","floor":46}],"player_experience":1002839,"relics_obtained":[{"floor":7,"key":"Pen Nib"},{"floor":9,"key":"Bag of Marbles"},{"floor":13,"key":"Mercury Hourglass"},{"floor":24,"key":"Frozen Egg 2"},{"floor":26,"key":"Bottled Flame"},{"floor":29,"key":"Snake Skull"},{"floor":37,"key":"Dead Branch"},{"floor":40,"key":"Paper Crane"},{"floor":42,"key":"War Paint"},{"floor":43,"key":"Molten Egg 2"},{"floor":44,"key":"Incense Burner"},{"floor":45,"key":"Bag of Preparation"},{"floor":47,"key":"Shuriken"}],"event_choices":[{"event_name":"Living Wall","player_choice":"Change","floor":3,"damage_taken":0},{"event_name":"Big Fish","player_choice":"Donut","floor":5,"damage_taken":0},{"event_name":"Dead Adventurer","player_choice":"Searched \u00272\u0027 times","floor":12,"damage_taken":0},{"event_name":"Dead Adventurer","player_choice":"Searched \u00272\u0027 times","floor":12,"damage_taken":0},{"event_name":"Winding Halls","player_choice":"Embrace Madness","floor":36,"damage_taken":0},{"event_name":"MindBloom","player_choice":"Fight","floor":37,"damage_taken":0},{"event_name":"Tomb of Lord Red Mask","player_choice":"Paid","floor":41,"damage_taken":0}],"is_beta":false,"boss_relics":[{"not_picked":["Orrery","WristBlade"],"picked":"Sozu"},{"not_picked":["White Beast Statue","HoveringKite"],"picked":"Busted Crown"}],"items_purged_floors":[19,39],"is_endless":false,"potions_floor_spawned":[2,7,14,18,20,22,25,31,38,44,46],"ascension_level":15}