{"gold_per_floor":[110,120,120,132,41,71,71,81,81,91,91,91,91,102,102,178,178,188,29,79,4,23,23,23],"floor_reached":24,"playtime":490,"items_purged":["Strike_B"],"score":372,"play_id":"4c077bbe-c319-46be-9354-ca21f43bab65","local_time":"20190529061659","is_ascension_mode":true,"campfire_choices":[{"floor":11,"key":"REST"},{"data":"Zap","floor":13,"key":"SMITH"},{"data":"Consume","floor":15,"key":"SMITH"},{"data":"Hologram","floor":23,"key":"SMITH"}],"neow_cost":"NONE","seed_source_timestamp":155353151956458,"circlet_count":0,"master_deck":["AscendersBane","Strike_B","Strike_B","Defend_B","Defend_B","Defend_B","Zap+1","Dualcast","Coolheaded","Ball Lightning","Hologram+1","Panacea","Echo Form","Zap+1","Ball Lightning","Go for the Eyes","Consume+1","Buffer","Steam","Gash","Coolheaded"],"relics":["FrozenCore","Bottled Flame","Question Card"],"potions_floor_usage":[6,14,22],"damage_taken":[{"damage":5,"enemies":"2 Louse","floor":1,"turns":2},{"damage":0,"enemies":"Cultist","floor":2,"turns":3},{"damage":7,"enemies":"Jaw Worm","floor":4,"turns":2},{"damage":26,"enemies":"Lagavulin","floor":6,"turns":6},{"damage":7,"enemies":"Red Slaver","floor":8,"turns":2},{"damage":10,"enemies":"Blue Slaver","floor":10,"turns":2},{"damage":0,"enemies":"Large Slime","floor":14,"turns":3},{"damage":8,"enemies":"Hexaghost","floor":16,"turns":9},{"damage":10,"enemies":"Chosen","floor":18,"turns":6},{"damage":19,"enemies":"Spheric Guardian","floor":22,"turns":5},{"damage":35,"enemies":"Book of Stabbing","floor":24,"turns":5}],"seed_played":"2812808324581619618","potions_obtained":[{"floor":1,"key":"GamblersBrew"},{"floor":4,"key":"Block Potion"},{"floor":6,"key":"Strength Potion"},{"floor":18,"key":"Regen Potion"}],"is_trial":false,"path_per_floor":["M","M","?","M","$","E","?","M","T","M","R","?","R","M","R","B",null,"M","$","?","?","M","R","E"],"character_chosen":"DEFECT","items_purchased":["Panacea","Gash","Coolheaded"],"campfire_rested":1,"item_purchase_floors":[5,19,19],"current_hp_per_floor":[59,59,59,52,52,26,26,19,19,9,30,30,30,30,30,22,59,49,49,49,49,35,35,0],"gold":23,"neow_bonus":"UPGRADE_CARD","is_prod":false,"is_daily":false,"chose_seed":false,"campfire_upgraded":3,"win_rate":0,"timestamp":1559103419,"path_taken":["M","M","?","?","$","E","?","?","T","M","R","?","R","?","R","BOSS","M","$","?","?","M","R","E"],"build_version":"2019-01-23","purchased_purges":1,"victory":false,"max_hp_per_floor":[71,71,71,71,71,71,71,71,71,71,71,71,71,71,71,71,71,71,71,71,71,71,71,71],"card_choices":[{"not_picked":["Doom and Gloom","Barrage"],"picked":"Coolheaded","floor":1},{"not_picked":["Hologram","Coolheaded"],"picked":"Ball Lightning","floor":2},{"not_picked":["Turbo","Genetic Algorithm"],"picked":"Hologram","floor":4},{"not_picked":["Ball Lightning","Sweeping Beam"],"picked":"Echo Form","floor":6},{"not_picked":["Rebound","Barrage"],"picked":"Ball Lightning","floor":8},{"not_picked":["Tempest","Barrage","Darkness"],"picked":"Go for the Eyes","floor":10},{"not_picked":["Go for the Eyes","Blizzard","Sweeping Beam"],"picked":"Consume","floor":14},{"not_picked":["Creative AI","Amplify","Echo Form"],"picked":"Buffer","floor":16},{"not_picked":["Ball Lightning","Redo","Stack"],"picked":"Steam","floor":18},{"not_picked":["Stack+1","Heatsinks","Sweeping Beam","Ball Lightning"],"picked":"SKIP","floor":22}],"player_experience":268715,"relics_obtained":[{"floor":6,"key":"Bottled Flame"},{"floor":9,"key":"Question Card"}],"event_choices":[{"damage_healed":0,"gold_gain":0,"cards_transformed":["Strike_B"],"player_choice":"Transformed","damage_taken":0,"max_hp_gain":0,"max_hp_loss":0,"event_name":"Transmorgrifier","floor":3,"gold_loss":0,"cards_obtained":["Chaos"]},{"damage_healed":0,"gold_gain":0,"player_choice":"1 cards matched","damage_taken":0,"max_hp_gain":0,"max_hp_loss":0,"event_name":"Match and Keep!","floor":7,"gold_loss":0,"cards_obtained":["Zap"]},{"cards_removed":["Chaos"],"damage_healed":0,"gold_gain":0,"player_choice":"Purged","damage_taken":0,"max_hp_gain":0,"max_hp_loss":0,"event_name":"Purifier","floor":12,"gold_loss":0},{"damage_healed":0,"gold_gain":50,"player_choice":"Stole From Cult","damage_taken":0,"max_hp_gain":0,"max_hp_loss":0,"event_name":"Nest","floor":20,"gold_loss":0},{"cards_removed":["Defend_B"],"damage_healed":0,"gold_gain":0,"player_choice":"Gave Gold","damage_taken":0,"max_hp_gain":0,"max_hp_loss":0,"event_name":"Beggar","floor":21,"gold_loss":75}],"is_beta":false,"boss_relics":[{"not_picked":["Pandora\u0027s Box","White Beast Statue"],"picked":"FrozenCore"}],"items_purged_floors":[19],"is_endless":false,"potions_floor_spawned":[1,4,6,8,18],"killed_by":"Book of Stabbing","ascension_level":18}