{"gold_per_floor":[115,126,144,144,156,190,204,236,299,311,350,380,392,418,430,442],"floor_reached":16,"playtime":792,"items_purged":[],"score":192,"play_id":"eb30438a-67a8-4202-9413-1b1075212f3e","local_time":"20190531193234","is_ascension_mode":true,"campfire_choices":[{"floor":10,"key":"REST"},{"data":"Bash","floor":15,"key":"SMITH"}],"neow_cost":"NONE","seed_source_timestamp":453654173722660,"circlet_count":0,"master_deck":["AscendersBane","Strike_R+1","Strike_R","Strike_R+1","Strike_R","Strike_R","Defend_R","Defend_R","Defend_R","Defend_R","Bash+1","Feel No Pain","Anger+1","Rage","Immolate","Perfected Strike","Pommel Strike","Shrug It Off","Shrug It Off","Spot Weakness"],"relics":["Burning Blood","Omamori","MawBank","Whetstone","Ornamental Fan"],"potions_floor_usage":[8],"damage_taken":[{"damage":7,"enemies":"2 Louse","floor":1,"turns":3},{"damage":9,"enemies":"Jaw Worm","floor":2,"turns":5},{"damage":12,"enemies":"Small Slimes","floor":3,"turns":4},{"damage":15,"enemies":"2 Fungi Beasts","floor":5,"turns":5},{"damage":25,"enemies":"Lagavulin","floor":6,"turns":7},{"damage":30,"enemies":"Exordium Thugs","floor":7,"turns":5},{"damage":8,"enemies":"Gremlin Nob","floor":8,"turns":3},{"damage":21,"enemies":"Lagavulin","floor":11,"turns":5},{"damage":7,"enemies":"Looter","floor":12,"turns":3},{"damage":7,"enemies":"Large Slime","floor":14,"turns":3},{"damage":64,"enemies":"Slime Boss","floor":16,"turns":9}],"seed_played":"-1534901647502852370","potions_obtained":[{"floor":2,"key":"Swift Potion"},{"floor":3,"key":"Poison Potion"},{"floor":6,"key":"Dexterity Potion"}],"is_trial":false,"path_per_floor":["M","M","M","?","M","E","M","E","T","R","E","M","?","M","R","B"],"character_chosen":"IRONCLAD","items_purchased":[],"campfire_rested":1,"item_purchase_floors":[],"current_hp_per_floor":[79,76,70,70,61,42,18,16,16,42,27,26,55,54,54,0],"gold":442,"neow_bonus":"TEN_PERCENT_HP_BONUS","is_prod":false,"is_daily":false,"chose_seed":false,"campfire_upgraded":1,"win_rate":0,"timestamp":1559345554,"path_taken":["M","M","M","?","M","E","M","E","T","R","E","M","?","M","R","BOSS"],"build_version":"2019-01-23","purchased_purges":0,"victory":false,"max_hp_per_floor":[88,88,88,88,88,88,88,88,88,88,88,88,88,88,88,88],"card_choices":[{"not_picked":["Havoc","Body Slam"],"picked":"Feel No Pain","floor":1},{"not_picked":["Shrug It Off","Heavy Blade"],"picked":"Anger","floor":2},{"not_picked":["Cleave","Intimidate"],"picked":"Rage","floor":3},{"not_picked":["Evolve","Rupture","Havoc"],"picked":"SKIP","floor":5},{"not_picked":["Body Slam","Flex"],"picked":"Immolate","floor":6},{"not_picked":["Sentinel","Corruption"],"picked":"Perfected Strike","floor":7},{"not_picked":["Headbutt","Clothesline"],"picked":"Pommel Strike","floor":8},{"not_picked":["Rampage","Dropkick"],"picked":"Shrug It Off","floor":11},{"not_picked":["Anger","Ghostly Armor"],"picked":"Shrug It Off","floor":12},{"not_picked":["Headbutt","Sword Boomerang"],"picked":"Spot Weakness","floor":14}],"player_experience":319069,"relics_obtained":[{"floor":6,"key":"Omamori"},{"floor":8,"key":"MawBank"},{"floor":9,"key":"Whetstone"},{"floor":11,"key":"Ornamental Fan"}],"event_choices":[{"damage_healed":0,"gold_gain":0,"player_choice":"Grow","damage_taken":0,"max_hp_gain":0,"max_hp_loss":0,"event_name":"Living Wall","floor":4,"gold_loss":0,"cards_upgraded":["Anger"]},{"damage_healed":29,"gold_gain":0,"player_choice":"Banana","damage_taken":0,"max_hp_gain":0,"max_hp_loss":0,"event_name":"Big Fish","floor":13,"gold_loss":0}],"is_beta":false,"boss_relics":[],"items_purged_floors":[],"is_endless":false,"potions_floor_spawned":[2,3,6],"killed_by":"Slime Boss","ascension_level":11}