{"gold_per_floor":[368,40,51,68,68,68,68,103,133,151,187,211,227,251,251,377,377,401,401,401,422,19,19,58,58,137,137,152,170,205,223,223,347,347,361,361,375,434,434,434,478,496,544,562,562,41,41,41,41,41],"floor_reached":51,"playtime":5440,"items_purged":["Shame","Bloodletting"],"score":1150,"play_id":"7a0d259b-49b9-475a-a0c9-e85f43a1a7c6","local_time":"20190513024221","is_ascension_mode":true,"campfire_choices":[{"data":"Seeing Red","floor":6,"key":"SMITH"},{"floor":15,"key":"REST"},{"floor":23,"key":"REST"},{"floor":27,"key":"REST"},{"floor":32,"key":"REST"},{"floor":40,"key":"REST"},{"floor":49,"key":"REST"}],"neow_cost":"CURSE","seed_source_timestamp":4705371027674042,"circlet_count":0,"master_deck":["AscendersBane","Defend_R","Defend_R","Defend_R","Defend_R","Bash","Seeing Red+1","Inflame","Shrug It Off","Juggernaut","Metallicize","Armaments+1","Warcry+1","Battle Trance+1","Reaper","Sentinel+1","Bite","Bite","Bite","Bite","Bite","Whirlwind","Apotheosis+1","Demon Form+1","Flame Barrier+1","Headbutt","Dark Embrace","Exhume+1","Havoc+1","Shrug It Off+1","True Grit+1","Entrench+1","Flame Barrier+1","Body Slam+1","Impervious+1","Disarm+1","Dropkick","Good Instincts+1","Inflame"],"relics":["Burning Blood","Matryoshka","Golden Idol","Shuriken","Tiny Chest","Toxic Egg 2","Juzu Bracelet","Boot","Philosopher\u0027s Stone","Pen Nib","Bronze Scales","Ancient Tea Set","Pear","Omamori","Sozu","Lantern","Pocketwatch","Paper Frog","Red Skull"],"potions_floor_usage":[11,11,11],"damage_taken":[{"damage":5,"enemies":"Cultist","floor":1,"turns":4},{"damage":8,"enemies":"2 Louse","floor":3,"turns":4},{"damage":1,"enemies":"Small Slimes","floor":4,"turns":4},{"damage":39,"enemies":"3 Sentries","floor":8,"turns":10},{"damage":13,"enemies":"Blue Slaver","floor":10,"turns":4},{"damage":14,"enemies":"Gremlin Nob","floor":11,"turns":5},{"damage":3,"enemies":"Large Slime","floor":12,"turns":9},{"damage":4,"enemies":"Exordium Wildlife","floor":13,"turns":5},{"damage":27,"enemies":"Hexaghost","floor":16,"turns":11},{"damage":18,"enemies":"Shell Parasite","floor":18,"turns":6},{"damage":75,"enemies":"3 Byrds","floor":21,"turns":7},{"damage":68,"enemies":"Slavers","floor":24,"turns":7},{"damage":17,"enemies":"Snecko","floor":28,"turns":5},{"damage":47,"enemies":"Chosen and Byrds","floor":29,"turns":7},{"damage":43,"enemies":"Book of Stabbing","floor":30,"turns":5},{"damage":15,"enemies":"Snake Plant","floor":31,"turns":4},{"damage":45,"enemies":"Champ","floor":33,"turns":9},{"damage":16,"enemies":"Orb Walker","floor":35,"turns":4},{"damage":3,"enemies":"3 Shapes","floor":37,"turns":6},{"damage":98,"enemies":"2 Orb Walkers","floor":38,"turns":7},{"damage":61,"enemies":"Nemesis","floor":41,"turns":7},{"damage":27,"enemies":"Sphere and 2 Shapes","floor":42,"turns":8},{"damage":30,"enemies":"Spire Growth","floor":44,"turns":7},{"damage":68,"enemies":"Awakened One","floor":50,"turns":13}],"seed_played":"3192299809581042606","potions_obtained":[{"floor":1,"key":"SteroidPotion"},{"floor":3,"key":"Weak Potion"},{"floor":4,"key":"FearPotion"},{"floor":11,"key":"GamblersBrew"},{"floor":21,"key":"GamblersBrew"}],"is_trial":false,"path_per_floor":["M","?","?","T","?","T","$","?","?","?","?","?","$"],"character_chosen":"IRONCLAD","items_purchased":["Matryoshka","Inflame","Apotheosis+1","Bronze Scales","Impervious+1","Disarm+1","Dropkick","Good Instincts+1","Inflame"],"campfire_rested":6,"item_purchase_floors":[2,2,22,22,46,46,46,46,46],"current_hp_per_floor":[73,73,71,76,81,81,60,27,27,20,12,17,21,21,46,27,71,71,71,71,45,45,70,48,48,58,86,95,72,47,50,78,78,91,88,88,95,39,39,67,43,66,66,65,65,65,65,65,93,77],"gold":41,"neow_bonus":"TWO_FIFTY_GOLD","is_prod":false,"is_daily":false,"chose_seed":false,"campfire_upgraded":1,"win_rate":0,"timestamp":1557729741,"path_taken":["M","$","?","M","?","R","?","E","T","M","E","M","M","?","R","BOSS","M","?","?","M","$","R","E","?","T","R","M","M","E","M","R","BOSS","M","?","M","?","?","R","E","M","T","M","?","$","?","?","R","BOSS"],"build_version":"2019-01-23","purchased_purges":2,"victory":true,"max_hp_per_floor":[80,80,80,80,85,85,85,85,85,85,85,85,85,85,85,85,85,85,85,85,85,85,85,85,85,95,95,95,95,95,95,95,95,95,95,95,95,95,95,95,95,95,95,95,95,95,95,95,95,95],"card_choices":[{"not_picked":["Warcry","Havoc"],"picked":"Seeing Red","floor":1},{"not_picked":["Infernal Blade","Clothesline"],"picked":"Shrug It Off","floor":3},{"not_picked":["Reckless Charge","Hemokinesis"],"picked":"Bloodletting","floor":4},{"not_picked":["Iron Wave","Clash"],"picked":"Juggernaut","floor":8},{"not_picked":["Clothesline","Pommel Strike"],"picked":"Metallicize","floor":10},{"not_picked":["Iron Wave","Reckless Charge"],"picked":"Armaments+1","floor":11},{"not_picked":["Dropkick","Rupture"],"picked":"Warcry+1","floor":12},{"not_picked":["True Grit+1","Anger"],"picked":"Battle Trance+1","floor":13},{"not_picked":["Brutality","Immolate"],"picked":"Reaper","floor":16},{"not_picked":["Cleave","Sever Soul"],"picked":"Sentinel+1","floor":18},{"not_picked":["Wild Strike+1","Thunderclap"],"picked":"Whirlwind","floor":21},{"not_picked":["Dark Embrace","Evolve+1"],"picked":"Demon Form","floor":24},{"not_picked":["Armaments+1","Sever Soul"],"picked":"Flame Barrier+1","floor":28},{"not_picked":["Pommel Strike","Flex+1"],"picked":"Headbutt","floor":29},{"not_picked":["Combust","Anger"],"picked":"Dark Embrace","floor":30},{"not_picked":["Cleave","Perfected Strike+1","Hemokinesis"],"picked":"SKIP","floor":31},{"not_picked":["Reaper","Bludgeon"],"picked":"Exhume+1","floor":33},{"not_picked":["Headbutt","Sever Soul+1"],"picked":"Havoc+1","floor":35},{"not_picked":["Sword Boomerang","Armaments+1"],"picked":"Shrug It Off+1","floor":37},{"not_picked":["Clash+1","Sever Soul+1"],"picked":"True Grit+1","floor":38},{"not_picked":["Feed","Corruption+1"],"picked":"Entrench+1","floor":41},{"not_picked":["Bloodletting+1","Power Through+1"],"picked":"Flame Barrier+1","floor":42},{"not_picked":["Reckless Charge","Wild Strike+1"],"picked":"Body Slam+1","floor":44}],"player_experience":440985,"relics_obtained":[{"floor":8,"key":"Shuriken"},{"floor":9,"key":"Tiny Chest"},{"floor":9,"key":"Toxic Egg 2"},{"floor":11,"key":"Blood Vial"},{"floor":14,"key":"Juzu Bracelet"},{"floor":14,"key":"Boot"},{"floor":20,"key":"Pen Nib"},{"floor":24,"key":"Ancient Tea Set"},{"floor":26,"key":"Pear"},{"floor":30,"key":"Omamori"},{"floor":38,"key":"Pocketwatch"},{"floor":41,"key":"Paper Frog"},{"floor":43,"key":"Red Skull"}],"event_choices":[{"damage_healed":0,"gold_gain":0,"player_choice":"Donut","damage_taken":0,"max_hp_gain":5,"max_hp_loss":0,"event_name":"Big Fish","floor":5,"gold_loss":0},{"damage_healed":0,"gold_gain":0,"player_choice":"Take Damage","damage_taken":21,"relics_obtained":["Golden Idol"],"max_hp_gain":0,"max_hp_loss":0,"event_name":"Golden Idol","floor":7,"gold_loss":0},{"damage_healed":0,"gold_gain":0,"player_choice":"Became a vampire (Vial)","damage_taken":0,"max_hp_gain":0,"max_hp_loss":0,"event_name":"Vampires","floor":19,"relics_lost":["Blood Vial"],"gold_loss":0,"cards_obtained":["Bite","Bite","Bite","Bite","Bite"]},{"damage_healed":0,"gold_gain":0,"player_choice":"Gave Potion","damage_taken":0,"relics_obtained":["Lantern"],"max_hp_gain":0,"max_hp_loss":0,"event_name":"WeMeetAgain","floor":36,"gold_loss":0},{"damage_healed":0,"gold_gain":0,"player_choice":"Fight","damage_taken":0,"max_hp_gain":0,"max_hp_loss":0,"event_name":"Mysterious Sphere","floor":38,"gold_loss":0},{"damage_healed":0,"gold_gain":0,"player_choice":"Upgraded","damage_taken":0,"max_hp_gain":0,"max_hp_loss":0,"event_name":"Upgrade Shrine","floor":39,"gold_loss":0,"cards_upgraded":["Demon Form"]},{"damage_healed":0,"gold_gain":0,"player_choice":"Ignored","damage_taken":0,"max_hp_gain":0,"max_hp_loss":0,"event_name":"Tomb of Lord Red Mask","floor":45,"gold_loss":0},{"damage_healed":0,"gold_gain":0,"player_choice":"Got Potions","damage_taken":0,"max_hp_gain":0,"max_hp_loss":0,"event_name":"Lab","floor":47,"gold_loss":0}],"is_beta":false,"boss_relics":[{"not_picked":["Black Star","Velvet Choker"],"picked":"Philosopher\u0027s Stone"},{"not_picked":["Empty Cage","Coffee Dripper"],"picked":"Sozu"}],"items_purged_floors":[22,46],"is_endless":false,"potions_floor_spawned":[1,3,4,11,21,35,38,41],"ascension_level":10}