{"gold_per_floor":[216,216,141,7,21,21,55,55,101,121,121,155,51,78,78,155,155,170,188,202,215,215,215,215],"floor_reached":24,"playtime":1097,"items_purged":["Strike_R"],"score":478,"play_id":"4e0b5e62-c30e-414f-9b5d-9d83de2046f6","local_time":"20190514223606","is_ascension_mode":true,"campfire_choices":[{"data":"Uppercut","floor":6.0,"key":"SMITH"},{"data":"Sword Boomerang","floor":8.0,"key":"SMITH"},{"data":"Armaments","floor":11.0,"key":"SMITH"},{"data":"Cleave","floor":15.0,"key":"SMITH"},{"data":"Shrug It Off","floor":23.0,"key":"SMITH"}],"neow_cost":"NONE","seed_source_timestamp":2299100905849060,"circlet_count":0,"master_deck":["AscendersBane","Strike_R","Strike_R","Defend_R","Defend_R","Defend_R","Defend_R","Bash","Uppercut+1","Sword Boomerang+1","Armaments+1","Cleave+1","Barricade","Shrug It Off+1","Spot Weakness+1","Flame Barrier+1","Shrug It Off"],"special_seed":0,"relics":["Burning Blood","PreservedInsect","Gremlin Horn","Orichalcum","Regal Pillow","WingedGreaves","Self Forming Clay","Black Star"],"potions_floor_usage":[24],"damage_taken":[{"damage":10.0,"enemies":"Small Slimes","floor":1.0,"turns":6.0},{"damage":1.0,"enemies":"Cultist","floor":5.0,"turns":4.0},{"damage":6.0,"enemies":"Gremlin Nob","floor":7.0,"turns":3.0},{"damage":6.0,"enemies":"2 Louse","floor":10.0,"turns":2.0},{"damage":16.0,"enemies":"3 Sentries","floor":12.0,"turns":6.0},{"damage":0.0,"enemies":"Gremlin Nob","floor":14.0,"turns":3.0},{"damage":31.0,"enemies":"The Guardian","floor":16.0,"turns":12.0},{"damage":5.0,"enemies":"Chosen","floor":18.0,"turns":5.0},{"damage":24.0,"enemies":"3 Byrds","floor":19.0,"turns":7.0},{"damage":12.0,"enemies":"Snecko","floor":20.0,"turns":9.0},{"damage":27.0,"enemies":"Shelled Parasite and Fungi","floor":21.0,"turns":7.0},{"damage":26,"enemies":"Chosen and Byrds","floor":24,"turns":7}],"seed_played":"-5480992252820333263","potions_obtained":[{"floor":7.0,"key":"Poison Potion"},{"floor":10.0,"key":"Dexterity Potion"},{"floor":14.0,"key":"FearPotion"}],"is_trial":false,"path_per_floor":["M","?","?","?","M","R","E","R","T","M","R","E","$","E","R","B",null,"M","M","M","M","?","R","M"],"character_chosen":"IRONCLAD","items_purchased":["Cleave"],"campfire_rested":0,"item_purchase_floors":[13],"current_hp_per_floor":[64,53,53,53,58,58,58,58,58,58,58,48,48,54,54,29,64,65,47,41,20,20,20,0],"gold":215,"neow_bonus":"HUNDRED_GOLD","is_prod":false,"is_daily":false,"chose_seed":false,"campfire_upgraded":5,"win_rate":0,"timestamp":1557866166,"path_taken":["M","?","?","?","M","R","E","R","T","M","R","E","$","E","R","BOSS","M","M","M","?","?","R","M"],"build_version":"2019-01-23","purchased_purges":1,"victory":false,"max_hp_per_floor":[75,75,75,75,75,75,75,75,75,75,75,75,75,75,75,75,75,75,75,75,75,75,75,75],"card_choices":[{"not_picked":["Sword Boomerang","Heavy Blade"],"picked":"Uppercut","floor":1.0},{"not_picked":["Perfected Strike","Bloodletting"],"picked":"Sword Boomerang","floor":5.0},{"not_picked":["Twin Strike","Wild Strike"],"picked":"Armaments","floor":10.0},{"not_picked":["Dark Embrace","Berserk"],"picked":"Barricade","floor":16.0},{"not_picked":["Rupture","Wild Strike"],"picked":"Shrug It Off","floor":19.0},{"not_picked":["Pommel Strike","Reckless Charge"],"picked":"Spot Weakness+1","floor":20.0},{"not_picked":["Headbutt","Heavy Blade"],"picked":"Flame Barrier+1","floor":21.0}],"player_experience":1337432,"relics_obtained":[{"floor":7.0,"key":"Orichalcum"},{"floor":9.0,"key":"Regal Pillow"},{"floor":12.0,"key":"WingedGreaves"},{"floor":14.0,"key":"Self Forming Clay"}],"event_choices":[{"damage_healed":0.0,"max_hp_gain":0.0,"max_hp_loss":0.0,"gold_gain":0.0,"event_name":"Scrap Ooze","player_choice":"Success","floor":2.0,"gold_loss":0.0,"damage_taken":11.0,"relics_obtained":["PreservedInsect"]},{"cards_removed":["Strike_R"],"damage_healed":0.0,"max_hp_gain":0.0,"max_hp_loss":0.0,"gold_gain":0.0,"event_name":"The Cleric","player_choice":"Card Removal","floor":3.0,"gold_loss":75.0,"damage_taken":0.0},{"damage_healed":0.0,"max_hp_gain":0.0,"max_hp_loss":0.0,"gold_gain":0.0,"event_name":"WeMeetAgain","player_choice":"Paid Gold","floor":4.0,"gold_loss":134.0,"damage_taken":0.0,"relics_obtained":["Gremlin Horn"]},{"damage_healed":0.0,"max_hp_gain":0.0,"max_hp_loss":0.0,"gold_gain":0.0,"cards_transformed":["Strike_R"],"event_name":"Transmorgrifier","player_choice":"Transformed","floor":22.0,"gold_loss":0.0,"damage_taken":0.0,"cards_obtained":["Shrug It Off"]}],"is_beta":false,"boss_relics":[{"not_picked":["Eternal Feather","Runic Dome"],"picked":"Black Star"}],"items_purged_floors":[13],"is_endless":false,"potions_floor_spawned":[7,10,14],"killed_by":"Chosen and Byrds","ascension_level":20}