{"gold_per_floor":[114,129,144,159,174,174,204,204,204,204,234,249,264,279,279,379,379,394,15,30,30,45,45,7,7,7,7,7,37,52,67,67,67],"floor_reached":33,"playtime":2564,"items_purged":[],"score":331,"play_id":"73de36f3-635a-43bc-bac0-f9e3df0d8588","local_time":"20190530131254","daily_mods":["Heirloom","Diverse","Lethality"],"is_ascension_mode":false,"campfire_choices":[{"data":"Well Laid Plans","floor":6,"key":"SMITH"},{"data":"Chaos","floor":8,"key":"SMITH"},{"data":"Dagger Spray","floor":10,"key":"SMITH"},{"data":"Fiend Fire","floor":15,"key":"SMITH"},{"data":"White Noise","floor":23,"key":"SMITH"},{"data":"Inflame","floor":25,"key":"SMITH"},{"floor":27,"key":"DIG"},{"floor":28,"key":"DIG"},{"floor":32,"key":"REST"}],"neow_cost":"","seed_source_timestamp":0,"circlet_count":0,"master_deck":["Strike_R","Strike_R","Strike_R","Strike_R","Strike_R","Defend_R","Defend_R","Defend_R","Defend_R","Bash","Anger","Well Laid Plans+1","White Noise+1","Dagger Spray+1","Chaos+1","Fiend Fire+1","Cloak And Dagger","Shockwave","Malaise","Apotheosis","Fiend Fire+1","Inflame+1","Die Die Die","Steam Power"],"special_seed":18046,"relics":["Black Blood","Charon\u0027s Ashes","WingedGreaves","Smiling Mask","Nunchaku","DollysMirror","Shovel","PreservedInsect","Magic Flower","Question Card"],"potions_floor_usage":[11,16,31,31,33],"damage_taken":[{"damage":13,"enemies":"Small Slimes","floor":1,"turns":3},{"damage":0,"enemies":"Jaw Worm","floor":2,"turns":3},{"damage":5,"enemies":"2 Louse","floor":3,"turns":2},{"damage":7,"enemies":"Red Slaver","floor":4,"turns":4},{"damage":17,"enemies":"Large Slime","floor":5,"turns":6},{"damage":19,"enemies":"3 Sentries","floor":7,"turns":4},{"damage":13,"enemies":"Gremlin Nob","floor":11,"turns":3},{"damage":10,"enemies":"Blue Slaver","floor":12,"turns":3},{"damage":0,"enemies":"Red Slaver","floor":13,"turns":2},{"damage":0,"enemies":"Looter","floor":14,"turns":1},{"damage":0,"enemies":"Slime Boss","floor":16,"turns":4},{"damage":6,"enemies":"Shell Parasite","floor":18,"turns":2},{"damage":30,"enemies":"3 Byrds","floor":20,"turns":3},{"damage":11,"enemies":"Centurion and Healer","floor":22,"turns":3},{"damage":31,"enemies":"Book of Stabbing","floor":29,"turns":4},{"damage":16,"enemies":"Cultist and Chosen","floor":30,"turns":3},{"damage":19,"enemies":"Snake Plant","floor":31,"turns":2},{"damage":66,"enemies":"Collector","floor":33,"turns":3}],"seed_played":"7249540024689942860","potions_obtained":[{"floor":1,"key":"Strength Potion"},{"floor":7,"key":"EssenceOfSteel"},{"floor":11,"key":"PowerPotion"},{"floor":12,"key":"FearPotion"},{"floor":29,"key":"LiquidBronze"}],"is_trial":false,"path_per_floor":["M","M","M","M","M","R","E","R","T","R","E","M","M","M","R","B",null,"M","$","M","?","M","R","$","R","T","R","R","E","M","M","R","B"],"character_chosen":"IRONCLAD","items_purchased":["Apotheosis","DollysMirror","Inflame"],"campfire_rested":1,"item_purchase_floors":[19,19,24],"current_hp_per_floor":[73,79,80,79,68,68,55,55,55,55,48,44,50,56,56,62,80,80,80,60,45,44,44,44,44,44,44,44,28,27,23,48,0],"gold":67,"neow_bonus":"","is_prod":false,"is_daily":true,"chose_seed":false,"campfire_upgraded":6,"win_rate":0,"timestamp":1559236374,"path_taken":["M","M","M","M","M","R","E","R","T","R","E","M","M","M","R","BOSS","M","$","M","?","M","R","$","R","T","R","R","E","M","M","R","BOSS"],"build_version":"2019-01-23","purchased_purges":0,"victory":false,"max_hp_per_floor":[80,80,80,80,80,80,80,80,80,80,80,80,80,80,80,80,80,80,80,80,85,85,85,85,85,85,85,85,85,85,85,85,85],"card_choices":[{"not_picked":["Tactician","Dagger Throw"],"picked":"Anger","floor":1},{"not_picked":["Slice","Barrage"],"picked":"Well Laid Plans","floor":2},{"not_picked":["Deadly Poison","Caltrops","Force Field"],"picked":"SKIP","floor":3},{"not_picked":["Gash","Wild Strike"],"picked":"White Noise","floor":4},{"not_picked":["Warcry","Streamline"],"picked":"Dagger Spray","floor":5},{"not_picked":["Prepared","Dropkick"],"picked":"Chaos","floor":7},{"not_picked":["Dagger Spray","Iron Wave"],"picked":"Fiend Fire","floor":11},{"not_picked":["Conserve Battery","Accuracy"],"picked":"Cloak And Dagger","floor":12},{"not_picked":["Power Through","Stack","Steam"],"picked":"SKIP","floor":13},{"not_picked":["Defragment","Chill"],"picked":"Shockwave","floor":14},{"not_picked":["Bullet Time","Doppelganger"],"picked":"Malaise","floor":16},{"not_picked":["Rebound+1","Thunderclap+1","Dagger Throw"],"picked":"SKIP","floor":18},{"not_picked":["Go for the Eyes","Underhanded Strike","Gash"],"picked":"SKIP","floor":20},{"not_picked":["Go for the Eyes","Underhanded Strike","Gash"],"picked":"SKIP","floor":20},{"not_picked":["Stack+1","Accuracy","Flying Knee"],"picked":"SKIP","floor":22},{"not_picked":["Stack+1","Accuracy","Flying Knee"],"picked":"SKIP","floor":22},{"not_picked":["Expertise+1","Terror","Sweeping Beam"],"picked":"SKIP","floor":29},{"not_picked":["Twin Strike+1","Dagger Throw","Prepared"],"picked":"Die Die Die","floor":30},{"not_picked":["Dual Wield","Clash","Poisoned Stab"],"picked":"Steam Power","floor":31}],"player_experience":54352,"relics_obtained":[{"floor":7,"key":"WingedGreaves"},{"floor":9,"key":"Smiling Mask"},{"floor":11,"key":"Nunchaku"},{"floor":26,"key":"Shovel"},{"floor":27,"key":"PreservedInsect"},{"floor":28,"key":"Magic Flower"},{"floor":29,"key":"Question Card"}],"event_choices":[{"damage_healed":0,"gold_gain":0,"player_choice":"Shed Blood","damage_taken":20,"max_hp_gain":5,"max_hp_loss":0,"event_name":"Forgotten Altar","floor":21,"gold_loss":0}],"is_beta":false,"boss_relics":[{"not_picked":["Astrolabe","Velvet Choker"],"picked":"Black Blood"}],"items_purged_floors":[],"is_endless":false,"potions_floor_spawned":[1,7,11,12,13,29,30],"killed_by":"Collector","ascension_level":0}