{"gold_per_floor":[215,226,241,94,110,110,140,155,155,155,135,20,36,54,54,154,154,165,165,65,65,65,65,97,97,149,149,174,189,202,221,221,221],"floor_reached":33,"playtime":753,"items_purged":["Strike_R","Bash"],"score":387,"play_id":"3b1ad0d5-c526-4586-bc9d-9024117b8df5","local_time":"20190319142227","is_ascension_mode":true,"campfire_choices":[{"data":"Heavy Blade","floor":6.0,"key":"SMITH"},{"data":"Heavy Blade","floor":15.0,"key":"SMITH"},{"data":"Inflame","floor":23.0,"key":"SMITH"},{"floor":25.0,"key":"REST"},{"data":"Metallicize","floor":27.0,"key":"SMITH"},{"floor":32,"key":"REST"}],"neow_cost":"NONE","seed_source_timestamp":331048383017397,"circlet_count":0,"master_deck":["Strike_R","Strike_R","Strike_R","Defend_R","Defend_R","Defend_R","Inflame+1","Heavy Blade+1","Inflame","Metallicize+1","Metallicize","Shrug It Off","Shrug It Off","Heavy Blade+1","Feed","Heavy Blade+1"],"special_seed":0,"relics":["Burning Blood","Pen Nib","Bird Faced Urn","Bronze Scales","Empty Cage","Champion Belt","Smiling Mask","Charon\u0027s Ashes"],"potions_floor_usage":[30,33],"damage_taken":[{"damage":6.0,"enemies":"Cultist","floor":1.0,"turns":4.0},{"damage":12.0,"enemies":"Jaw Worm","floor":2.0,"turns":3.0},{"damage":4.0,"enemies":"2 Louse","floor":3.0,"turns":3.0},{"damage":10.0,"enemies":"2 Fungi Beasts","floor":5.0,"turns":3.0},{"damage":32.0,"enemies":"Gremlin Nob","floor":7.0,"turns":4.0},{"damage":16.0,"enemies":"Blue Slaver","floor":8.0,"turns":3.0},{"damage":1.0,"enemies":"Exordium Thugs","floor":13.0,"turns":5.0},{"damage":0.0,"enemies":"Large Slime","floor":14.0,"turns":7.0},{"damage":44.0,"enemies":"Slime Boss","floor":16.0,"turns":9.0},{"damage":18.0,"enemies":"Spheric Guardian","floor":18.0,"turns":5.0},{"damage":59.0,"enemies":"Slavers","floor":24.0,"turns":6.0},{"damage":40,"enemies":"Book of Stabbing","floor":28,"turns":5},{"damage":4,"enemies":"Chosen","floor":29,"turns":6},{"damage":17,"enemies":"Centurion and Healer","floor":30,"turns":6},{"damage":26,"enemies":"Snake Plant","floor":31,"turns":5},{"damage":77,"enemies":"Collector","floor":33,"turns":7}],"seed_played":"-8254947061395286384","potions_obtained":[{"floor":1.0,"key":"EssenceOfSteel"},{"floor":5.0,"key":"Poison Potion"},{"floor":16.0,"key":"Poison Potion"},{"floor":29,"key":"Block Potion"},{"floor":31,"key":"Fire Potion"}],"is_trial":false,"path_per_floor":["M","M","M","$","M","R","E","M","T","T","?","$","M","M","R","B",null,"M","?","$","?","?","R","E","R","T","R","E","M","M","M","R","B"],"character_chosen":"IRONCLAD","items_purchased":["Inflame","Metallicize","Shrug It Off"],"campfire_rested":2,"item_purchase_floors":[4,12,12],"current_hp_per_floor":[72,66,68,68,64,64,38,28,28,28,28,28,41,55,55,25,66,62,62,62,62,62,62,18,42,42,42,16,26,26,14,39,0],"gold":221,"neow_bonus":"HUNDRED_GOLD","is_prod":false,"is_daily":false,"chose_seed":false,"campfire_upgraded":4,"win_rate":0,"timestamp":1553001747,"path_taken":["M","?","M","$","M","R","E","?","T","?","?","?","M","M","R","BOSS","M","?","$","?","?","R","E","R","T","R","E","?","M","M","R","BOSS"],"build_version":"2019-01-23","purchased_purges":2,"victory":false,"max_hp_per_floor":[80,80,80,80,80,80,80,80,80,80,80,80,80,80,80,80,80,80,80,80,80,80,80,83,83,83,83,83,83,86,86,86,86],"card_choices":[{"not_picked":["Shrug It Off","Wild Strike"],"picked":"Inflame","floor":1.0},{"not_picked":["Thunderclap","Fire Breathing"],"picked":"Heavy Blade","floor":2.0},{"not_picked":["Warcry","Searing Blow","Flex"],"picked":"SKIP","floor":3.0},{"not_picked":["Pommel Strike","Clothesline","Twin Strike"],"picked":"SKIP","floor":5.0},{"not_picked":["Infernal Blade","Carnage","Searing Blow"],"picked":"SKIP","floor":7.0},{"not_picked":["Flex","Headbutt"],"picked":"Metallicize","floor":8.0},{"not_picked":["Second Wind","Demon Form"],"picked":"Shrug It Off","floor":13.0},{"not_picked":["Second Wind","Warcry"],"picked":"Heavy Blade","floor":14.0},{"not_picked":["Fiend Fire","Reaper"],"picked":"Feed","floor":16.0},{"not_picked":["Heavy Blade","Bloodletting","Clothesline+1"],"picked":"SKIP","floor":18.0},{"not_picked":["Pummel","Body Slam+1"],"picked":"Heavy Blade+1","floor":24.0},{"not_picked":["Havoc+1","Impervious","Clash"],"picked":"SKIP","floor":28},{"not_picked":["Pommel Strike","Thunderclap","Dropkick+1"],"picked":"SKIP","floor":29},{"not_picked":["Pommel Strike","Twin Strike","Cleave+1"],"picked":"SKIP","floor":30},{"not_picked":["Warcry","Heavy Blade","Shockwave"],"picked":"SKIP","floor":31}],"player_experience":104263,"relics_obtained":[{"floor":7.0,"key":"Pen Nib"},{"floor":9.0,"key":"Bird Faced Urn"},{"floor":10.0,"key":"Bronze Scales"},{"floor":24.0,"key":"Champion Belt"},{"floor":26.0,"key":"Smiling Mask"},{"floor":28,"key":"Charon\u0027s Ashes"}],"event_choices":[{"damage_healed":0.0,"max_hp_gain":0.0,"max_hp_loss":0.0,"gold_gain":0.0,"event_name":"World of Goop","player_choice":"Left Gold","floor":11.0,"gold_loss":20.0,"damage_taken":0.0},{"damage_healed":0.0,"max_hp_gain":0.0,"max_hp_loss":0.0,"gold_gain":0.0,"event_name":"Beggar","player_choice":"Ignored","floor":21.0,"gold_loss":0.0,"damage_taken":0.0},{"damage_healed":0.0,"max_hp_gain":0.0,"max_hp_loss":0.0,"gold_gain":0.0,"event_name":"N\u0027loth","player_choice":"Ignored","floor":22.0,"gold_loss":0.0,"damage_taken":0.0}],"is_beta":false,"boss_relics":[{"not_picked":["Snecko Eye","Orrery"],"picked":"Empty Cage"}],"items_purged_floors":[4,20],"is_endless":false,"potions_floor_spawned":[1,5,16,29,31],"killed_by":"Collector","ascension_level":7}