{"gold_per_floor":[112,112,37,57,74,74,374,374,449,77,88,88,118,137,137,239,239,259,51,63,12,12,12,12,28,51,78,78,0,0,17,17,122,122,133,148,161,11,31,31,49,49,49,49,49,64,64,92,92,92],"floor_reached":51,"playtime":2067,"items_purged":["Decay","Regret","Heatsinks","Biased Cognition"],"score":1172,"play_id":"853c9863-d107-4c7c-9930-609737b356dc","local_time":"20190513183225","is_ascension_mode":true,"campfire_choices":[{"data":"Zap","floor":6.0,"key":"SMITH"},{"data":"Dualcast","floor":8.0,"key":"SMITH"},{"data":"Coolheaded","floor":15.0,"key":"SMITH"},{"data":"Loop","floor":23.0,"key":"SMITH"},{"data":"Capacitor","floor":30,"key":"SMITH"},{"data":"Consume","floor":32,"key":"SMITH"},{"data":"Seek","floor":40,"key":"SMITH"},{"data":"Double Energy","floor":45,"key":"SMITH"},{"floor":47,"key":"REST"},{"data":"Defragment","floor":49,"key":"SMITH"}],"neow_cost":"NONE","seed_source_timestamp":2842027505766256,"circlet_count":0,"master_deck":["AscendersBane","Zap+1","Dualcast+1","Coolheaded+1","Cold Snap","FTL","Streamline","Cold Snap","Gash","Double Energy+1","Steam Power","Self Repair","FTL","Darkness","Capacitor+1","Defragment+1","Loop+1","Go for the Eyes","Barrage","Cold Snap","Consume+1","Seek+1","Madness","Madness"],"special_seed":0,"relics":["Cracked Core","Old Coin","Singing Bowl","MealTicket","Unceasing Top","Prayer Wheel","Pandora\u0027s Box","Bag of Preparation","Bottled Flame","Busted Crown","Pear","Bronze Scales"],"potions_floor_usage":[33,37,50,50],"damage_taken":[{"damage":2.0,"enemies":"2 Louse","floor":1.0,"turns":2.0},{"damage":0.0,"enemies":"Cultist","floor":4.0,"turns":4.0},{"damage":0.0,"enemies":"Jaw Worm","floor":5.0,"turns":4.0},{"damage":8.0,"enemies":"2 Fungi Beasts","floor":11.0,"turns":3.0},{"damage":16.0,"enemies":"3 Sentries","floor":13.0,"turns":8.0},{"damage":6.0,"enemies":"3 Louse","floor":14.0,"turns":2.0},{"damage":30.0,"enemies":"Hexaghost","floor":16.0,"turns":11.0},{"damage":6.0,"enemies":"Chosen","floor":18.0,"turns":2.0},{"damage":9.0,"enemies":"3 Byrds","floor":20.0,"turns":4.0},{"damage":7,"enemies":"Cultist and Chosen","floor":25,"turns":5},{"damage":26,"enemies":"Slavers","floor":27,"turns":6},{"damage":10,"enemies":"Snake Plant","floor":31,"turns":4},{"damage":14,"enemies":"Automaton","floor":33,"turns":11},{"damage":36,"enemies":"3 Darklings","floor":35,"turns":4},{"damage":4,"enemies":"Orb Walker","floor":36,"turns":5},{"damage":3,"enemies":"Spire Growth","floor":37,"turns":5},{"damage":0,"enemies":"Maw","floor":39,"turns":7},{"damage":30,"enemies":"3 Darklings","floor":41,"turns":6},{"damage":20,"enemies":"Sphere and 2 Shapes","floor":46,"turns":5},{"damage":3,"enemies":"Giant Head","floor":48,"turns":9},{"damage":42,"enemies":"Donu and Deca","floor":50,"turns":9}],"seed_played":"-6124215352045495302","potions_obtained":[{"floor":4.0,"key":"SpeedPotion"},{"floor":5.0,"key":"SneckoOil"},{"floor":14.0,"key":"FearPotion"},{"floor":25,"key":"EssenceOfSteel"},{"floor":27,"key":"Block Potion"},{"floor":36,"key":"GamblersBrew"},{"floor":41,"key":"AttackPotion"},{"floor":48,"key":"FocusPotion"}],"is_trial":false,"path_per_floor":["M","?","$","M","M","R","?","R","T","$","M","?","E","M","R","B",null,"M","$","M","$","?","R","?","M","T","E","$","?","R","M","R","B",null,"M","M","M","$","M","R","M","?","T","?","R","M","R","E","R","B",null],"character_chosen":"DEFECT","items_purchased":["FTL","MealTicket","Loop","Go for the Eyes","Barrage"],"campfire_rested":1,"item_purchase_floors":[10,10,19,19,21],"current_hp_per_floor":[66,66,66,66,66,66,66,66,66,66,58,55,39,35,35,5,59,53,68,63,78,78,78,78,80,80,56,56,56,56,55,55,48,77,52,59,67,82,93,93,74,74,84,69,69,60,96,102,102,67],"gold":92,"neow_bonus":"REMOVE_CARD","is_prod":false,"is_daily":false,"chose_seed":false,"campfire_upgraded":9,"win_rate":0,"timestamp":1557765145,"path_taken":["M","?","$","M","?","R","?","R","T","$","M","?","E","M","R","BOSS","M","$","M","$","?","R","?","?","T","E","?","?","R","M","R","BOSS","M","M","M","$","M","R","M","?","T","?","R","M","R","E","R","BOSS"],"build_version":"2019-01-23","purchased_purges":4,"victory":true,"max_hp_per_floor":[75,75,75,75,75,75,75,75,75,75,75,75,75,77,77,77,77,77,77,81,81,81,81,81,83,83,85,85,85,85,87,87,87,87,91,95,99,99,103,103,107,107,117,117,117,121,121,123,123,123],"card_choices":[{"not_picked":["Barrage","Storm"],"picked":"Beam Cell","floor":1.0},{"not_picked":["Static Discharge","Barrage"],"picked":"Coolheaded","floor":4.0},{"not_picked":["Steam","Consume"],"picked":"Cold Snap","floor":5.0},{"not_picked":["Ball Lightning","Rebound"],"picked":"Streamline","floor":11.0},{"not_picked":["Compile Driver","Turbo"],"picked":"Cold Snap","floor":13.0},{"not_picked":["Chill","Sweeping Beam"],"picked":"Gash","floor":14.0},{"not_picked":["Fusion","Reinforced Body","Stack"],"picked":"Singing Bowl","floor":14.0},{"not_picked":["Thunder Strike","Meteor Strike"],"picked":"Biased Cognition","floor":16.0},{"not_picked":["Cold Snap","Streamline"],"picked":"Capacitor","floor":18.0},{"not_picked":["Ball Lightning","Beam Cell"],"picked":"Defragment","floor":18.0},{"not_picked":["Steam Power","Undo","Ball Lightning"],"picked":"Singing Bowl","floor":20.0},{"not_picked":["Turbo","Tempest","Thunder Strike"],"picked":"Singing Bowl","floor":20.0},{"not_picked":["Hello World","Chaos"],"picked":"Cold Snap","floor":25},{"not_picked":["Ball Lightning+1","Stack","Compile Driver"],"picked":"Singing Bowl","floor":25},{"not_picked":["Ball Lightning","Compile Driver+1","Reprogram"],"picked":"Singing Bowl","floor":27},{"not_picked":["Recycle","Ball Lightning"],"picked":"Consume","floor":31},{"not_picked":["Leap","BootSequence","Thunder Strike"],"picked":"Singing Bowl","floor":31},{"not_picked":["Reboot","Biased Cognition"],"picked":"Seek","floor":33},{"not_picked":["Reinforced Body"],"picked":"Singing Bowl","floor":35},{"not_picked":["Blizzard"],"picked":"Singing Bowl","floor":35},{"not_picked":["Storm+1"],"picked":"Singing Bowl","floor":36},{"not_picked":["Cold Snap"],"picked":"Singing Bowl","floor":36},{"not_picked":["Beam Cell"],"picked":"Singing Bowl","floor":37},{"not_picked":["Defragment"],"picked":"Singing Bowl","floor":37},{"not_picked":["Rebound"],"picked":"Singing Bowl","floor":39},{"not_picked":["Conserve Battery"],"picked":"Singing Bowl","floor":39},{"not_picked":["Compile Driver"],"picked":"Singing Bowl","floor":41},{"not_picked":["Reinforced Body"],"picked":"Singing Bowl","floor":41},{"not_picked":["Rebound"],"picked":"Singing Bowl","floor":46},{"not_picked":["Beam Cell+1"],"picked":"Singing Bowl","floor":46},{"not_picked":["Steam"],"picked":"Singing Bowl","floor":48}],"player_experience":210129,"relics_obtained":[{"floor":9.0,"key":"Singing Bowl"},{"floor":13.0,"key":"Prayer Wheel"},{"floor":26,"key":"Bag of Preparation"},{"floor":27,"key":"Bottled Flame"},{"floor":43,"key":"Pear"},{"floor":48,"key":"Bronze Scales"}],"event_choices":[{"damage_healed":0.0,"max_hp_gain":0.0,"max_hp_loss":0.0,"gold_gain":0.0,"event_name":"Wheel of Change","player_choice":"Cursed","floor":2.0,"gold_loss":0.0,"damage_taken":0.0,"cards_obtained":["Decay"]},{"damage_healed":0.0,"max_hp_gain":0.0,"max_hp_loss":0.0,"gold_gain":0.0,"event_name":"Big Fish","player_choice":"Box","floor":7.0,"gold_loss":0.0,"damage_taken":0.0,"relics_obtained":["Old Coin"],"cards_obtained":["Regret"]},{"damage_healed":0.0,"max_hp_gain":0.0,"max_hp_loss":0.0,"gold_gain":0.0,"event_name":"Scrap Ooze","player_choice":"Success","floor":12.0,"gold_loss":0.0,"damage_taken":3.0,"relics_obtained":["Unceasing Top"]},{"damage_healed":0.0,"max_hp_gain":0.0,"max_hp_loss":0.0,"gold_gain":0.0,"event_name":"Beggar","player_choice":"Ignored","floor":22.0,"gold_loss":0.0,"damage_taken":0.0},{"cards_removed":["Compile Driver"],"damage_healed":0.0,"max_hp_gain":0.0,"max_hp_loss":0.0,"gold_gain":0.0,"event_name":"Purifier","player_choice":"Purged","floor":24.0,"gold_loss":0.0,"damage_taken":0.0},{"damage_healed":0,"gold_gain":0,"player_choice":"Paid Fearfully","damage_taken":0,"max_hp_gain":0,"max_hp_loss":0,"event_name":"Masked Bandits","floor":29,"gold_loss":78},{"cards_removed":["Beam Cell"],"damage_healed":0,"gold_gain":0,"player_choice":"Removed Attack","damage_taken":0,"max_hp_gain":0,"max_hp_loss":0,"event_name":"Falling","floor":42,"gold_loss":0},{"damage_healed":0,"gold_gain":0,"player_choice":"Embrace Madness","damage_taken":15,"max_hp_gain":0,"max_hp_loss":0,"event_name":"Winding Halls","floor":44,"gold_loss":0,"cards_obtained":["Madness","Madness"]}],"is_beta":false,"boss_relics":[{"not_picked":["Lizard Tail","Velvet Choker"],"picked":"Pandora\u0027s Box"},{"not_picked":["Nuclear Battery","Eternal Feather"],"picked":"Busted Crown"}],"items_purged_floors":[3,10,19,38],"is_endless":false,"potions_floor_spawned":[4,5,14,25,27,36,41,48],"ascension_level":12}