{"gold_per_floor":[118,118,130,4,4,38,38,49,76,109,9,28,58,58,58,158,158,169,169,0,0,0,0,13,13],"floor_reached":25,"playtime":410,"items_purged":["Strike_B","Regret"],"score":291,"play_id":"b274e564-b39e-499c-bef4-45e20a35e583","local_time":"20190128013341","is_ascension_mode":true,"campfire_choices":[{"data":"Dualcast","floor":7.0,"key":"SMITH"},{"data":"Loop","floor":15.0,"key":"SMITH"},{"data":"Consume","floor":23,"key":"SMITH"}],"neow_cost":"NONE","seed_source_timestamp":141178222206467,"circlet_count":0,"master_deck":["Strike_B","Defend_B","Defend_B","Defend_B","Defend_B","Zap+1","Dualcast+1","Capacitor","Gash","Gash","Gash","Gash","Loop+1","Capacitor","Consume+1","Writhe","Hologram"],"special_seed":0,"relics":["Cracked Core","NeowsBlessing","Bag of Marbles","Oddly Smooth Stone","Strawberry","Art of War","Ice Cream","Empty Cage","Ancient Tea Set"],"potions_floor_usage":[25],"damage_taken":[{"damage":0.0,"enemies":"2 Louse","floor":1.0,"turns":1.0},{"damage":0.0,"enemies":"Cultist","floor":3.0,"turns":1.0},{"damage":0.0,"enemies":"Gremlin Nob","floor":6.0,"turns":1.0},{"damage":18.0,"enemies":"Jaw Worm","floor":8.0,"turns":4.0},{"damage":15.0,"enemies":"Lagavulin","floor":10.0,"turns":6.0},{"damage":12.0,"enemies":"2 Fungi Beasts","floor":12.0,"turns":3.0},{"damage":4.0,"enemies":"Gremlin Nob","floor":13.0,"turns":3.0},{"damage":24.0,"enemies":"Hexaghost","floor":16.0,"turns":8.0},{"damage":6.0,"enemies":"Chosen","floor":18.0,"turns":4.0},{"damage":23,"enemies":"Spheric Guardian","floor":24,"turns":4},{"damage":53,"enemies":"Gremlin Leader","floor":25,"turns":4}],"seed_played":"2683618774834370837","potions_obtained":[{"floor":8.0,"key":"SkillPotion"},{"floor":10.0,"key":"PowerPotion"},{"floor":12.0,"key":"SneckoOil"},{"floor":24,"key":"Fire Potion"}],"is_trial":false,"path_per_floor":["M","?","M","$","?","E","R","M","T","E","$","M","E","$","R","B",null,"M","?","?","$","?","R","M","E"],"character_chosen":"DEFECT","items_purchased":["Gash"],"campfire_rested":0,"item_purchase_floors":[4],"current_hp_per_floor":[75,75,75,75,75,75,75,57,64,49,49,37,33,33,33,9,82,76,76,76,76,76,76,53,0],"gold":13,"neow_bonus":"THREE_ENEMY_KILL","is_prod":false,"is_daily":false,"chose_seed":false,"campfire_upgraded":3,"win_rate":0,"timestamp":1548635621,"path_taken":["M","?","M","?","?","E","R","M","T","E","$","?","E","$","R","BOSS","M","?","?","$","?","R","M","E"],"build_version":"2019-01-23","purchased_purges":2,"victory":false,"max_hp_per_floor":[75,75,75,75,75,75,75,75,82,82,82,82,82,82,82,82,82,82,82,82,82,82,82,82,82],"card_choices":[{"not_picked":["Barrage","Recycle"],"picked":"Capacitor","floor":1.0},{"not_picked":["Undo","Double Energy","Stack"],"picked":"SKIP","floor":3.0},{"not_picked":["Sweeping Beam","Leap","Tempest"],"picked":"SKIP","floor":6.0},{"not_picked":["Sweeping Beam","Leap","Tempest"],"picked":"SKIP","floor":6.0},{"not_picked":["Darkness","Barrage"],"picked":"Gash","floor":8.0},{"not_picked":["Compile Driver","Barrage"],"picked":"Gash","floor":10.0},{"not_picked":["Reboot","Leap"],"picked":"Gash","floor":12.0},{"not_picked":["Steam","Redo"],"picked":"Loop","floor":13.0},{"not_picked":["Force Field","Ball Lightning"],"picked":"Capacitor","floor":18.0},{"not_picked":["Static Discharge+1","Sunder"],"picked":"Hologram","floor":24}],"player_experience":20855,"relics_obtained":[{"floor":6.0,"key":"Oddly Smooth Stone"},{"floor":9.0,"key":"Strawberry"},{"floor":10.0,"key":"Art of War"},{"floor":13.0,"key":"Ice Cream"}],"event_choices":[{"damage_healed":0.0,"max_hp_gain":0.0,"max_hp_loss":0.0,"gold_gain":0.0,"event_name":"Upgrade Shrine","player_choice":"Upgraded","floor":2.0,"gold_loss":0.0,"damage_taken":0.0,"cards_upgraded":["Zap"]},{"damage_healed":0.0,"max_hp_gain":0.0,"max_hp_loss":0.0,"gold_gain":0.0,"event_name":"Big Fish","player_choice":"Box","floor":5.0,"gold_loss":0.0,"damage_taken":0.0,"relics_obtained":["Bag of Marbles"],"cards_obtained":["Regret"]},{"damage_healed":0.0,"max_hp_gain":0.0,"max_hp_loss":0.0,"gold_gain":0.0,"event_name":"The Library","player_choice":"Read","floor":19.0,"gold_loss":0.0,"damage_taken":0.0,"cards_obtained":["Consume"]},{"damage_healed":0,"gold_gain":0,"player_choice":"Paid Fearfully","damage_taken":0,"max_hp_gain":0,"max_hp_loss":0,"event_name":"Masked Bandits","floor":20,"gold_loss":169},{"damage_healed":0,"gold_gain":0,"player_choice":"Opened","damage_taken":0,"relics_obtained":["Ancient Tea Set"],"max_hp_gain":0,"max_hp_loss":0,"event_name":"The Mausoleum","floor":22,"gold_loss":0,"cards_obtained":["Writhe"]}],"is_beta":false,"boss_relics":[{"not_picked":["Tiny House","Orrery"],"picked":"Empty Cage"}],"items_purged_floors":[4,11],"is_endless":false,"potions_floor_spawned":[8,10,12,24],"killed_by":"Gremlin Leader","ascension_level":2}