{"gold_per_floor":[119,44,44,57,73,73,92,92,92,92,119,119,162,187,187,318,318,303,303,319,67,82,82,82],"floor_reached":24,"playtime":544,"items_purged":["Doubt","Rupture+1"],"score":206,"play_id":"ce627e4e-b0b4-4292-9954-e633601646af","local_time":"20190129170351","is_ascension_mode":true,"campfire_choices":[{"data":"Limit Break","floor":6,"key":"SMITH"},{"data":"Bash","floor":10,"key":"SMITH"},{"data":"Cleave","floor":12,"key":"SMITH"},{"data":"Rupture","floor":15,"key":"SMITH"},{"floor":23,"key":"REST"}],"neow_cost":"CURSE","seed_source_timestamp":59425305061903,"circlet_count":0,"master_deck":["Strike_R","Strike_R","Strike_R","Strike_R","Defend_R","Defend_R","Defend_R","Defend_R","Bash+1","Limit Break+1","Twin Strike","Shrug It Off","Cleave+1","Rage","Inflame+1","Armaments+1"],"relics":["Burning Blood","Golden Idol","Bottled Lightning","Red Skull","Pear","Fusion Hammer","Regal Pillow"],"potions_floor_usage":[20,20,20,20,22],"damage_taken":[{"damage":6,"enemies":"2 Louse","floor":1,"turns":3},{"damage":1,"enemies":"Jaw Worm","floor":4,"turns":3},{"damage":7,"enemies":"Small Slimes","floor":5,"turns":4},{"damage":10,"enemies":"Gremlin Gang","floor":7,"turns":3},{"damage":33,"enemies":"Gremlin Nob","floor":13,"turns":5},{"damage":0,"enemies":"Large Slime","floor":14,"turns":4},{"damage":15,"enemies":"The Guardian","floor":16,"turns":7},{"damage":32,"enemies":"2 Thieves","floor":18,"turns":4},{"damage":11,"enemies":"Spheric Guardian","floor":20,"turns":5},{"damage":29,"enemies":"3 Cultists","floor":22,"turns":6},{"damage":87,"enemies":"Book of Stabbing","floor":24,"turns":7}],"seed_played":"3863804297506659335","potions_obtained":[{"floor":1,"key":"GamblersBrew"},{"floor":7,"key":"Dexterity Potion"},{"floor":13,"key":"Dexterity Potion"},{"floor":14,"key":"Regen Potion"},{"floor":19,"key":"EntropicBrew"}],"is_trial":false,"path_per_floor":["M","$","?","M","M","R","M","?","T","R","T","R","E","M","R","B",null,"M","?","M","$","M","R","E"],"character_chosen":"IRONCLAD","items_purchased":["Regal Pillow"],"campfire_rested":1,"item_purchase_floors":[21],"current_hp_per_floor":[80,80,80,80,79,79,75,55,55,55,55,55,38,44,44,35,90,64,64,68,68,45,87,0],"gold":82,"neow_bonus":"THREE_RARE_CARDS","is_prod":false,"is_daily":false,"chose_seed":false,"campfire_upgraded":4,"win_rate":0,"timestamp":1548777831,"path_taken":["M","$","?","M","M","R","M","?","T","R","?","R","E","M","R","BOSS","M","?","M","$","?","R","E"],"build_version":"2019-01-23","purchased_purges":2,"victory":false,"max_hp_per_floor":[80,80,80,80,80,80,80,80,80,80,80,80,90,90,90,90,90,90,90,90,90,90,90,90],"card_choices":[{"not_picked":["Immolate","Reaper"],"picked":"Limit Break","floor":0},{"not_picked":["Pommel Strike","Anger"],"picked":"Twin Strike","floor":1},{"not_picked":["Sword Boomerang","Entrench"],"picked":"Shrug It Off","floor":4},{"not_picked":["Twin Strike","Heavy Blade"],"picked":"Cleave","floor":5},{"not_picked":["Pummel","Sword Boomerang","Anger"],"picked":"SKIP","floor":7},{"not_picked":["Wild Strike","Cleave"],"picked":"Rage","floor":13},{"not_picked":["Shrug It Off","Twin Strike"],"picked":"Rupture","floor":14},{"not_picked":["Pommel Strike","Shrug It Off+1"],"picked":"Inflame+1","floor":18},{"not_picked":["True Grit","Rampage+1"],"picked":"Armaments+1","floor":20},{"not_picked":["Rupture","Blood for Blood","Feel No Pain"],"picked":"SKIP","floor":22}],"player_experience":36606,"relics_obtained":[{"floor":9,"key":"Bottled Lightning"},{"floor":11,"key":"Red Skull"},{"floor":13,"key":"Pear"}],"event_choices":[{"cards_removed":["Strike_R"],"damage_healed":0,"gold_gain":0,"player_choice":"Forget","damage_taken":0,"max_hp_gain":0,"max_hp_loss":0,"event_name":"Living Wall","floor":3,"gold_loss":0},{"damage_healed":0,"gold_gain":0,"player_choice":"Take Damage","damage_taken":20,"relics_obtained":["Golden Idol"],"max_hp_gain":0,"max_hp_loss":0,"event_name":"Golden Idol","floor":8,"gold_loss":0},{"damage_healed":0,"gold_gain":0,"player_choice":"Got Potions","damage_taken":0,"max_hp_gain":0,"max_hp_loss":0,"event_name":"Lab","floor":19,"gold_loss":0}],"is_beta":false,"boss_relics":[{"not_picked":["Black Blood","Calling Bell"],"picked":"Fusion Hammer"}],"items_purged_floors":[2,21],"is_endless":false,"potions_floor_spawned":[1,7,13,14],"killed_by":"Book of Stabbing","ascension_level":1}