{"gold_per_floor":[119,95,105,105,118,150,150,167,167,167,185,199,233,233,233,233],"floor_reached":16,"playtime":2600,"items_purged":[],"score":102,"play_id":"583bca05-85b5-4b52-97fd-a11cfdd90a92","local_time":"20190512215623","is_ascension_mode":false,"campfire_choices":[{"floor":7.0,"key":"REST"},{"floor":15,"key":"REST"}],"neow_cost":"","seed_source_timestamp":0,"circlet_count":0,"master_deck":["Strike_R","Strike_R","Strike_R","Strike_R","Strike_R","Defend_R","Defend_R","Defend_R","Defend_R","Bash","Rage","Thunderclap","Clothesline","Twin Strike","Sword Boomerang","Shrug It Off","Perfected Strike","Rampage","Dual Wield"],"special_seed":0,"relics":["Burning Blood","Sundial","Frozen Egg 2","Golden Idol","Odd Mushroom","Ornamental Fan"],"potions_floor_usage":[],"damage_taken":[{"damage":16.0,"enemies":"Jaw Worm","floor":1.0,"turns":5.0},{"damage":22.0,"enemies":"Small Slimes","floor":3.0,"turns":3.0},{"damage":3.0,"enemies":"2 Louse","floor":5.0,"turns":4.0},{"damage":37.0,"enemies":"3 Sentries","floor":6.0,"turns":9.0},{"damage":9.0,"enemies":"Blue Slaver","floor":8.0,"turns":3.0},{"damage":18,"enemies":"Gremlin Gang","floor":11,"turns":5},{"damage":9,"enemies":"2 Fungi Beasts","floor":12,"turns":2},{"damage":25,"enemies":"The Mushroom Lair","floor":13,"turns":4},{"damage":27,"enemies":"The Guardian","floor":16,"turns":5}],"seed_played":"6251212425471872758","potions_obtained":[{"floor":6.0,"key":"Regen Potion"},{"floor":11,"key":"BloodPotion"},{"floor":12,"key":"Fire Potion"}],"is_trial":false,"path_per_floor":["M","$","M","?","M","E","R","M","T","?","M","M","?","?","R","B"],"character_chosen":"IRONCLAD","items_purchased":["Thunderclap"],"campfire_rested":2,"item_purchase_floors":[2],"current_hp_per_floor":[70,70,54,54,57,26,50,47,47,47,35,32,13,1,23,0],"gold":233,"neow_bonus":"","is_prod":false,"is_daily":false,"chose_seed":false,"campfire_upgraded":0,"win_rate":0.0,"timestamp":1557708983,"path_taken":["M","$","M","?","M","E","R","M","T","?","M","M","?","?","R","BOSS"],"build_version":"2019-01-23","purchased_purges":0,"victory":false,"max_hp_per_floor":[80,80,80,80,80,80,80,80,80,74,74,74,74,74,74,74],"card_choices":[{"not_picked":["Sword Boomerang","Iron Wave"],"picked":"Rage","floor":1.0},{"not_picked":["Clash","Anger"],"picked":"Clothesline","floor":3.0},{"not_picked":["Second Wind","Blood for Blood"],"picked":"Twin Strike","floor":5.0},{"not_picked":["Fire Breathing","Warcry"],"picked":"Sword Boomerang","floor":6.0},{"not_picked":["Pommel Strike","Rage"],"picked":"Shrug It Off","floor":8.0},{"not_picked":["Ghostly Armor","Barricade+1"],"picked":"Perfected Strike","floor":11},{"not_picked":["Iron Wave","Blood for Blood"],"picked":"Rampage","floor":12},{"not_picked":["Pummel","Whirlwind"],"picked":"Dual Wield","floor":13}],"player_experience":0,"relics_obtained":[{"floor":6.0,"key":"Sundial"},{"floor":9.0,"key":"Frozen Egg 2"},{"floor":13,"key":"Odd Mushroom"}],"event_choices":[{"damage_healed":0.0,"max_hp_gain":0.0,"max_hp_loss":0.0,"gold_gain":0.0,"event_name":"Liars Game","player_choice":"Ignored","floor":4.0,"gold_loss":0.0,"damage_taken":0.0},{"damage_healed":0.0,"max_hp_gain":0.0,"max_hp_loss":6.0,"gold_gain":0.0,"event_name":"Golden Idol","player_choice":"Lose Max HP","floor":10.0,"gold_loss":0.0,"damage_taken":0.0,"relics_obtained":["Golden Idol"]},{"damage_healed":0,"gold_gain":0,"player_choice":"Fought Mushrooms","damage_taken":0,"max_hp_gain":0,"max_hp_loss":0,"event_name":"Mushrooms","floor":13,"gold_loss":0},{"damage_healed":0,"gold_gain":0,"player_choice":"Success","damage_taken":12,"relics_obtained":["Ornamental Fan"],"max_hp_gain":0,"max_hp_loss":0,"event_name":"Scrap Ooze","floor":14,"gold_loss":0}],"is_beta":false,"boss_relics":[],"items_purged_floors":[],"is_endless":false,"potions_floor_spawned":[6,11,12],"killed_by":"The Guardian","ascension_level":0}