{"gold_per_floor":[361,361,8,22,22,22,47,47,47,76,86,96,96,171,171,276,276,289,26,26,26,42,77,77,177,177,52,52,70,102,102,102,206,206,223,323,101,117,142,177,177,177,177,206,217,234,254,354,354,354],"floor_reached":51,"playtime":2164,"items_purged":["Strike_G","Defend_G","Shame","Strike_G"],"score":1127,"play_id":"6f1d4380-1c06-4e03-945f-0fc6c7a23ac3","local_time":"20190411232631","is_ascension_mode":true,"campfire_choices":[{"data":"Poisoned Stab","floor":6.0,"key":"SMITH"},{"floor":8.0,"key":"REST"},{"data":"Bouncing Flask","floor":13.0,"key":"SMITH"},{"data":"Neutralize","floor":15.0,"key":"SMITH"},{"data":"Leg Sweep","floor":24.0,"key":"SMITH"},{"data":"After Image","floor":28,"key":"SMITH"},{"data":"Poisoned Stab","floor":32,"key":"SMITH"},{"data":"Infinite Blades","floor":42,"key":"SMITH"},{"data":"Burst","floor":49,"key":"SMITH"}],"neow_cost":"CURSE","seed_source_timestamp":94721020437657,"circlet_count":0,"master_deck":["AscendersBane","Defend_G","Defend_G","Defend_G","Strike_G+1","Strike_G","Strike_G","Survivor","Neutralize+1","Poisoned Stab+1","Footwork","Bouncing Flask+1","Leg Sweep+1","Leg Sweep","Malaise","After Image+1","Infinite Blades+1","Poisoned Stab+1","Poisoned Stab+1","Accuracy+1","Burst+1","Deadly Poison+1","Infinite Blades+1","Deadly Poison+1","Crippling Poison","Noxious Fumes+1"],"special_seed":0,"relics":["Ring of the Serpent","Mummified Hand","Meat on the Bone","Pantograph","Ninja Scroll","Shuriken","Bottled Lightning","FossilizedHelix","Bottled Flame","Strawberry","Frozen Egg 2","Sozu","Omamori","Dream Catcher","The Courier","Whetstone","Turnip"],"potions_floor_usage":[30,31,40,50],"damage_taken":[{"damage":4.0,"enemies":"Jaw Worm","floor":1.0,"turns":5.0},{"damage":0.0,"enemies":"2 Louse","floor":4.0,"turns":2.0},{"damage":25.0,"enemies":"3 Sentries","floor":7.0,"turns":12.0},{"damage":10.0,"enemies":"Lagavulin","floor":10.0,"turns":7.0},{"damage":0.0,"enemies":"Small Slimes","floor":11.0,"turns":2.0},{"damage":7.0,"enemies":"3 Louse","floor":12.0,"turns":3.0},{"damage":10.0,"enemies":"Hexaghost","floor":16.0,"turns":7.0},{"damage":20.0,"enemies":"Shell Parasite","floor":18.0,"turns":5.0},{"damage":7.0,"enemies":"Chosen","floor":22.0,"turns":4.0},{"damage":13.0,"enemies":"Book of Stabbing","floor":23.0,"turns":7.0},{"damage":7.0,"enemies":"Colosseum Slavers","floor":25.0,"turns":7.0},{"damage":23.0,"enemies":"Colosseum Nobs","floor":25.0,"turns":7.0},{"damage":8,"enemies":"Snecko","floor":29,"turns":7},{"damage":11,"enemies":"Slavers","floor":30,"turns":6},{"damage":3,"enemies":"3 Cultists","floor":31,"turns":4},{"damage":43,"enemies":"Collector","floor":33,"turns":11},{"damage":0,"enemies":"3 Shapes","floor":35,"turns":6},{"damage":0,"enemies":"Orb Walker","floor":38,"turns":3},{"damage":13,"enemies":"Reptomancer","floor":40,"turns":6},{"damage":20,"enemies":"Giant Head","floor":44,"turns":8},{"damage":0,"enemies":"Transient","floor":45,"turns":5},{"damage":18,"enemies":"Sphere and 2 Shapes","floor":46,"turns":5},{"damage":10,"enemies":"Jaw Worm Horde","floor":47,"turns":4},{"damage":0,"enemies":"Mind Bloom Boss Battle","floor":48,"turns":6},{"damage":53,"enemies":"Awakened One","floor":50,"turns":13}],"seed_played":"-8518810322502076282","potions_obtained":[{"floor":1.0,"key":"GamblersBrew"},{"floor":4.0,"key":"Swift Potion"},{"floor":10.0,"key":"Poison Potion"},{"floor":16.0,"key":"SmokeBomb"},{"floor":23.0,"key":"FearPotion"},{"floor":30,"key":"FearPotion"},{"floor":33,"key":"Fire Potion"}],"is_trial":false,"path_per_floor":["M","?","$","M","?","R","E","R","T","E","M","M","R","?","R","B",null,"M","$","?","?","M","E","R","?","T","$","R","M","E","M","R","B",null,"M","?","$","M","T","E","?","R","T","E","M","M","M","?","R","B",null],"character_chosen":"THE_SILENT","items_purchased":["Footwork","Mummified Hand","After Image","Infinite Blades+1"],"campfire_rested":1,"item_purchase_floors":[3,3,19,37],"current_hp_per_floor":[59,52,52,52,52,52,27,48,48,38,38,43,43,32,32,47,64,44,44,44,44,37,36,36,30,37,37,37,41,42,39,39,33,66,66,66,66,66,66,53,53,53,53,45,45,39,41,66,66,36],"gold":354,"neow_bonus":"TWO_FIFTY_GOLD","is_prod":false,"is_daily":false,"chose_seed":false,"campfire_upgraded":8,"win_rate":0,"timestamp":1555017991,"path_taken":["M","?","$","M","?","R","E","R","T","E","M","M","R","?","R","BOSS","M","$","?","?","?","E","R","?","T","?","R","?","E","M","R","BOSS","M","?","$","?","?","E","?","R","T","E","M","M","M","?","R","BOSS"],"build_version":"2019-01-23","purchased_purges":4,"victory":true,"max_hp_per_floor":[70,70,70,70,70,70,70,70,70,70,70,70,70,70,70,70,70,70,70,70,70,70,70,70,70,77,77,77,77,77,77,77,77,77,77,77,77,77,77,77,77,77,77,77,77,77,77,77,77,77],"card_choices":[{"not_picked":["Acrobatics","Slice"],"picked":"Poisoned Stab","floor":1.0},{"not_picked":["Expertise","Quick Slash","PiercingWail"],"picked":"SKIP","floor":4.0},{"not_picked":["Dagger Throw","Endless Agony"],"picked":"Bouncing Flask","floor":7.0},{"not_picked":["Backflip","Flying Knee"],"picked":"Leg Sweep","floor":10.0},{"not_picked":["Sucker Punch","Wraith Form v2","Underhanded Strike"],"picked":"SKIP","floor":11.0},{"not_picked":["Calculated Gamble","Choke"],"picked":"Leg Sweep","floor":12.0},{"not_picked":["Glass Knife","Night Terror"],"picked":"Malaise","floor":16.0},{"not_picked":["Dash","Setup"],"picked":"Dodge and Roll","floor":18.0},{"not_picked":["Escape Plan","Cloak And Dagger+1"],"picked":"Infinite Blades","floor":22.0},{"not_picked":["Doppelganger","Dash","Dodge and Roll"],"picked":"SKIP","floor":23.0},{"not_picked":["Quick Slash+1","Underhanded Strike"],"picked":"Poisoned Stab","floor":25},{"not_picked":["Eviscerate","Slice"],"picked":"Poisoned Stab","floor":29},{"not_picked":["Cloak And Dagger","Well Laid Plans"],"picked":"Accuracy","floor":30},{"not_picked":["Storm of Steel","Bullet Time"],"picked":"Burst","floor":33},{"not_picked":["Backflip+1","Blade Dance"],"picked":"Deadly Poison+1","floor":35},{"not_picked":["Dagger Throw+1","Expertise+1"],"picked":"Deadly Poison+1","floor":38},{"not_picked":["Finisher+1","Dagger Spray"],"picked":"Crippling Poison","floor":40},{"not_picked":["Blade Dance","Bane","Setup+1"],"picked":"SKIP","floor":44},{"not_picked":["Eviscerate+1","PiercingWail+1","Cloak And Dagger"],"picked":"SKIP","floor":45},{"not_picked":["Backflip","Expertise+1"],"picked":"Noxious Fumes+1","floor":46},{"not_picked":["Quick Slash+1","Concentrate+1","Skewer"],"picked":"SKIP","floor":47}],"player_experience":167102,"relics_obtained":[{"floor":7.0,"key":"Meat on the Bone"},{"floor":9.0,"key":"Pantograph"},{"floor":10.0,"key":"Ninja Scroll"},{"floor":23.0,"key":"Bottled Lightning"},{"floor":25,"key":"FossilizedHelix"},{"floor":25,"key":"Bottled Flame"},{"floor":26,"key":"Strawberry"},{"floor":30,"key":"Frozen Egg 2"},{"floor":39,"key":"Omamori"},{"floor":40,"key":"Dream Catcher"},{"floor":43,"key":"The Courier"},{"floor":44,"key":"Whetstone"},{"floor":48,"key":"Turnip"}],"event_choices":[{"cards_removed":["Shame"],"damage_healed":0.0,"max_hp_gain":0.0,"max_hp_loss":0.0,"gold_gain":0.0,"event_name":"Golden Wing","player_choice":"Card Removal","floor":2.0,"gold_loss":0.0,"damage_taken":7.0},{"cards_removed":["Defend_G"],"damage_healed":0.0,"max_hp_gain":0.0,"max_hp_loss":0.0,"gold_gain":0.0,"event_name":"Living Wall","player_choice":"Forget","floor":5.0,"gold_loss":0.0,"damage_taken":0.0},{"damage_healed":0.0,"max_hp_gain":0.0,"max_hp_loss":0.0,"gold_gain":75.0,"event_name":"World of Goop","player_choice":"Gather Gold","floor":14.0,"gold_loss":0.0,"damage_taken":11.0},{"damage_healed":0.0,"max_hp_gain":0.0,"max_hp_loss":0.0,"gold_gain":0.0,"event_name":"Addict","player_choice":"Stole Relic","floor":20.0,"gold_loss":0.0,"damage_taken":0.0,"relics_obtained":["Shuriken"],"cards_obtained":["Shame"]},{"damage_healed":0.0,"max_hp_gain":0.0,"max_hp_loss":0.0,"gold_gain":0.0,"event_name":"Match and Keep!","player_choice":"0 cards matched","floor":21.0,"gold_loss":0.0,"damage_taken":0.0,"cards_obtained":[]},{"damage_healed":0.0,"max_hp_gain":0.0,"max_hp_loss":0.0,"gold_gain":0.0,"event_name":"Colosseum","player_choice":"Fight","floor":25.0,"gold_loss":0.0,"damage_taken":0.0},{"damage_healed":0.0,"max_hp_gain":0.0,"max_hp_loss":0.0,"gold_gain":0.0,"event_name":"Colosseum","player_choice":"Fought Nobs","floor":25.0,"gold_loss":0.0,"damage_taken":0.0},{"damage_healed":0,"gold_gain":100,"player_choice":"Pray","damage_taken":0,"max_hp_gain":0,"max_hp_loss":0,"event_name":"Golden Shrine","floor":36,"gold_loss":0},{"cards_removed":["Dodge and Roll"],"damage_healed":0,"gold_gain":0,"player_choice":"Removed Skill","damage_taken":0,"max_hp_gain":0,"max_hp_loss":0,"event_name":"Falling","floor":41,"gold_loss":0},{"damage_healed":0,"gold_gain":0,"player_choice":"Fight","damage_taken":0,"max_hp_gain":0,"max_hp_loss":0,"event_name":"MindBloom","floor":48,"gold_loss":0}],"is_beta":false,"boss_relics":[{"not_picked":["Astrolabe","Lizard Tail"],"picked":"Ring of the Serpent"},{"not_picked":["Velvet Choker","WristBlade"],"picked":"Sozu"}],"items_purged_floors":[3,19,27,37],"is_endless":false,"potions_floor_spawned":[1,4,10,16,23,25,30,33,35,44,48],"ascension_level":10}