{"gold_per_floor":[113,21,38,38,38,38,61,61,61,95,95,130,55,76,76,206,206,231,231,231,53,77,116,116,150,150,163,163],"floor_reached":28,"playtime":764,"items_purged":["Strike_G","Strike_G"],"score":409,"play_id":"41a5b042-0a2a-496a-98b1-b1dc34a9daf7","local_time":"20190505095746","is_ascension_mode":true,"campfire_choices":[{"data":"Noxious Fumes","floor":6,"key":"SMITH"},{"data":"Neutralize","floor":8,"key":"SMITH"},{"floor":11,"key":"REST"},{"data":"Poisoned Stab","floor":15,"key":"SMITH"},{"data":"Corpse Explosion","floor":24,"key":"SMITH"}],"neow_cost":"TEN_PERCENT_HP_LOSS","seed_source_timestamp":2121270639508633,"circlet_count":0,"master_deck":["AscendersBane","Defend_G","Defend_G","Defend_G","Defend_G","Strike_G","Survivor","Neutralize+1","Caltrops","Noxious Fumes+1","Poisoned Stab+1","Deadly Poison","Heel Hook","Caltrops+1","Footwork+1","Corpse Explosion+1"],"relics":["Ring of the Snake","Oddly Smooth Stone","Golden Idol","Dream Catcher","PreservedInsect","Frozen Egg 2","Eternal Feather","Bronze Scales","Matryoshka","Lantern","Sundial"],"potions_floor_usage":[16,16,23,27,27],"damage_taken":[{"damage":1,"enemies":"2 Louse","floor":1,"turns":3},{"damage":3,"enemies":"Jaw Worm","floor":3,"turns":4},{"damage":1,"enemies":"Cultist","floor":7,"turns":3},{"damage":19,"enemies":"Gremlin Nob","floor":10,"turns":4},{"damage":16,"enemies":"3 Sentries","floor":12,"turns":6},{"damage":11,"enemies":"3 Louse","floor":14,"turns":4},{"damage":1,"enemies":"The Guardian","floor":16,"turns":8},{"damage":10,"enemies":"Spheric Guardian","floor":18,"turns":5},{"damage":3,"enemies":"Chosen","floor":22,"turns":5},{"damage":21,"enemies":"Gremlin Leader","floor":23,"turns":5},{"damage":26,"enemies":"Book of Stabbing","floor":25,"turns":4},{"damage":6,"enemies":"Snake Plant","floor":27,"turns":2},{"damage":13,"enemies":"Snecko","floor":28,"turns":3}],"seed_played":"7107842756162893169","potions_obtained":[{"floor":7,"key":"Strength Potion"},{"floor":14,"key":"Block Potion"},{"floor":16,"key":"SteroidPotion"},{"floor":18,"key":"GamblersBrew"},{"floor":25,"key":"FearPotion"}],"is_trial":false,"path_per_floor":["M","$","M","?","?","R","M","R","T","E","R","E","$","M","R","B",null,"M","?","?","$","M","E","R","E","T","M","M"],"character_chosen":"THE_SILENT","items_purchased":["Noxious Fumes","Poisoned Stab","Regen Potion"],"campfire_rested":1,"item_purchase_floors":[2,2,21],"current_hp_per_floor":[62,62,59,47,32,32,31,31,31,12,30,14,14,3,3,2,48,38,38,38,38,35,29,38,12,12,6,0],"gold":163,"neow_bonus":"REMOVE_TWO","is_prod":false,"is_daily":false,"chose_seed":false,"campfire_upgraded":4,"win_rate":0,"timestamp":1557043066,"path_taken":["M","$","M","?","?","R","M","R","T","E","R","E","$","M","R","BOSS","M","?","?","$","M","E","R","E","T","?","M"],"build_version":"2019-01-23","purchased_purges":2,"victory":false,"max_hp_per_floor":[63,63,63,63,63,63,63,63,63,63,63,63,63,63,63,63,63,63,63,63,63,63,63,63,63,63,63,63],"card_choices":[{"not_picked":["Bane","PiercingWail"],"picked":"Caltrops","floor":1},{"not_picked":["Accuracy","PiercingWail","Riddle With Holes"],"picked":"SKIP","floor":3},{"not_picked":["All Out Attack","PiercingWail"],"picked":"Deadly Poison","floor":7},{"not_picked":["Outmaneuver","Accuracy","Acrobatics"],"picked":"SKIP","floor":10},{"not_picked":["Deflect","Blade Dance"],"picked":"Heel Hook","floor":11},{"not_picked":["Grand Finale","Leg Sweep"],"picked":"Caltrops","floor":12},{"not_picked":["Tactician","Cloak And Dagger"],"picked":"Footwork+1","floor":14},{"not_picked":["Envenom+1","Bullet Time"],"picked":"Corpse Explosion","floor":16},{"not_picked":["Deflect","Masterful Stab","Prepared"],"picked":"SKIP","floor":18},{"not_picked":["Dagger Throw","Blade Dance","Choke"],"picked":"SKIP","floor":22},{"not_picked":["Masterful Stab+1","Eviscerate","Poisoned Stab"],"picked":"SKIP","floor":23},{"not_picked":["Cloak And Dagger","Riddle With Holes+1","Masterful Stab"],"picked":"SKIP","floor":25},{"not_picked":["Outmaneuver+1","All Out Attack+1","Sucker Punch"],"picked":"SKIP","floor":27}],"player_experience":189136,"relics_obtained":[{"floor":9,"key":"Dream Catcher"},{"floor":10,"key":"PreservedInsect"},{"floor":12,"key":"Frozen Egg 2"},{"floor":23,"key":"Bronze Scales"},{"floor":25,"key":"Matryoshka"},{"floor":26,"key":"Lantern"},{"floor":26,"key":"Sundial"}],"event_choices":[{"damage_healed":0,"gold_gain":0,"player_choice":"Success","damage_taken":12,"relics_obtained":["Oddly Smooth Stone"],"max_hp_gain":0,"max_hp_loss":0,"event_name":"Scrap Ooze","floor":4,"gold_loss":0},{"damage_healed":0,"gold_gain":0,"player_choice":"Take Damage","damage_taken":15,"relics_obtained":["Golden Idol"],"max_hp_gain":0,"max_hp_loss":0,"event_name":"Golden Idol","floor":5,"gold_loss":0},{"damage_healed":0,"gold_gain":0,"player_choice":"Ignored","damage_taken":0,"max_hp_gain":0,"max_hp_loss":0,"event_name":"Ghosts","floor":19,"gold_loss":0},{"cards_removed":["Strike_G"],"damage_healed":0,"gold_gain":0,"player_choice":"Purged","damage_taken":0,"max_hp_gain":0,"max_hp_loss":0,"event_name":"Purifier","floor":20,"gold_loss":0}],"is_beta":false,"boss_relics":[{"not_picked":["Lizard Tail","Orrery"],"picked":"Eternal Feather"}],"items_purged_floors":[13,21],"is_endless":false,"potions_floor_spawned":[7,14,16,18,25],"killed_by":"Snecko","ascension_level":11}