{"gold_per_floor":[113,126,144,33,47,47,47,80,130,141,173,193,222,241,241,346,346,358,378,161,175,274,303,153,153,180,196,226,226],"floor_reached":29,"playtime":2561,"items_purged":[],"score":321,"play_id":"8f54fe60-8f28-4833-beeb-2cc13626cefe","local_time":"20181119170425","is_ascension_mode":true,"campfire_choices":[{"data":"Dash","floor":6,"key":"SMITH"},{"data":"Malaise","floor":15,"key":"SMITH"},{"data":"Crippling Poison","floor":25,"key":"SMITH"}],"neow_cost":"NONE","seed_source_timestamp":439742370149384,"circlet_count":0,"master_deck":["Defend_G","Defend_G","Defend_G","Defend_G","Defend_G+1","Strike_G","Strike_G","Strike_G","Strike_G","Strike_G","Survivor+1","Neutralize+1","Finisher","Cloak And Dagger+1","Dash+1","Well Laid Plans","Backstab+1","Backflip","Footwork","Footwork","Crippling Poison+1","Backflip","Backflip","Malaise+1","Glass Knife","Catalyst+1","Dagger Spray","Poisoned Stab","Flying Knee","Backstab+1","Bouncing Flask","Noxious Fumes","Choke"],"relics":["Ring of the Snake","Kunai","Strawberry","Snake Skull","Bottled Flame","Snecko Eye","War Paint","Question Card","Bronze Scales","Whetstone","Red Mask"],"potions_floor_usage":[16,28,29],"damage_taken":[{"damage":4,"enemies":"Cultist","floor":1,"turns":5},{"damage":0,"enemies":"2 Louse","floor":2,"turns":2},{"damage":7,"enemies":"Jaw Worm","floor":3,"turns":4},{"damage":0,"enemies":"Looter","floor":5,"turns":2},{"damage":1,"enemies":"3 Sentries","floor":8,"turns":8},{"damage":0,"enemies":"Blue Slaver","floor":10,"turns":2},{"damage":3,"enemies":"Lagavulin","floor":11,"turns":7},{"damage":0,"enemies":"Exordium Thugs","floor":12,"turns":5},{"damage":0,"enemies":"3 Sentries","floor":13,"turns":9},{"damage":0,"enemies":"Red Slaver","floor":14,"turns":2},{"damage":7,"enemies":"The Guardian","floor":16,"turns":13},{"damage":1,"enemies":"Spheric Guardian","floor":18,"turns":10},{"damage":0,"enemies":"Shell Parasite","floor":19,"turns":4},{"damage":10,"enemies":"Centurion and Healer","floor":21,"turns":8},{"damage":33,"enemies":"Book of Stabbing","floor":23,"turns":8},{"damage":0,"enemies":"Cultist and Chosen","floor":27,"turns":4},{"damage":9,"enemies":"Masked Bandits","floor":28,"turns":4},{"damage":32,"enemies":"Slavers","floor":29,"turns":4}],"seed_played":"-3136154693880402026","potions_obtained":[{"floor":1,"key":"Swift Potion"},{"floor":8,"key":"LiquidBronze"},{"floor":10,"key":"Swift Potion"},{"floor":11,"key":"Poison Potion"},{"floor":18,"key":"Fire Potion"},{"floor":23,"key":"GhostInAJar"},{"floor":28,"key":"EssenceOfSteel"}],"is_trial":false,"path_per_floor":["M","M","M","$","M","R","?","E","T","M","E","M","E","M","R","B",null,"M","M","$","M","?","E","$","R","T","M","?","E"],"character_chosen":"THE_SILENT","items_purchased":["Well Laid Plans","Backstab","War Paint","Poisoned Stab","Flying Knee","Bronze Scales"],"campfire_rested":0,"item_purchase_floors":[4,4,20,20,20,24],"current_hp_per_floor":[73,73,66,66,66,66,66,65,72,72,69,69,69,69,69,62,84,83,83,83,73,73,40,40,40,40,40,31,0],"gold":226,"neow_bonus":"TEN_PERCENT_HP_BONUS","is_prod":false,"is_daily":false,"chose_seed":false,"campfire_upgraded":3,"win_rate":0,"timestamp":1542665065,"path_taken":["M","?","M","$","M","R","?","E","T","?","E","?","E","M","R","BOSS","M","M","$","?","?","E","$","R","T","M","?","E"],"build_version":"2018-11-15","purchased_purges":0,"victory":false,"max_hp_per_floor":[77,77,77,77,77,77,77,77,84,84,84,84,84,84,84,84,84,84,84,84,84,84,84,84,84,84,84,84,84],"card_choices":[{"not_picked":["Poisoned Stab","Dodge and Roll"],"picked":"Finisher","floor":1},{"not_picked":["Dodge and Roll","Riddle With Holes"],"picked":"Cloak And Dagger","floor":2},{"not_picked":["Distraction","Expertise"],"picked":"Dash","floor":3},{"not_picked":["Infinite Blades","Dagger Throw"],"picked":"Backflip","floor":5},{"not_picked":["Catalyst","Underhanded Strike"],"picked":"Footwork","floor":8},{"not_picked":["Backflip","Finisher"],"picked":"Footwork","floor":10},{"not_picked":["Malaise","Sucker Punch"],"picked":"Crippling Poison","floor":11},{"not_picked":["Acrobatics","Dagger Throw"],"picked":"Backflip","floor":12},{"not_picked":["Dagger Throw","Prepared"],"picked":"Backflip","floor":13},{"not_picked":["Cloak And Dagger","PiercingWail"],"picked":"Malaise","floor":14},{"not_picked":["Night Terror","Tools of the Trade"],"picked":"Glass Knife","floor":16},{"not_picked":["Deadly Poison","Prepared"],"picked":"Catalyst+1","floor":18},{"not_picked":["Heel Hook+1","Escape Plan"],"picked":"Dagger Spray","floor":19},{"not_picked":["Blade Dance","Flying Knee+1"],"picked":"Backstab+1","floor":21},{"not_picked":["Deadly Poison","Tactician+1"],"picked":"Bouncing Flask","floor":23},{"not_picked":["Bane","Phantasmal Killer","Deflect"],"picked":"Noxious Fumes","floor":27},{"not_picked":["Acrobatics","Catalyst","Footwork"],"picked":"Choke","floor":28}],"player_experience":111680,"relics_obtained":[{"floor":8,"key":"Kunai"},{"floor":9,"key":"Strawberry"},{"floor":11,"key":"Snake Skull"},{"floor":13,"key":"Bottled Flame"},{"floor":23,"key":"Question Card"},{"floor":26,"key":"Whetstone"},{"floor":28,"key":"Red Mask"}],"event_choices":[{"damage_healed":0,"gold_gain":0,"player_choice":"Upgraded","damage_taken":0,"max_hp_gain":0,"max_hp_loss":0,"event_name":"Upgrade Shrine","floor":7,"gold_loss":0,"cards_upgraded":["Cloak And Dagger"]},{"damage_healed":0,"gold_gain":99,"player_choice":"Stole From Cult","damage_taken":0,"max_hp_gain":0,"max_hp_loss":0,"event_name":"Nest","floor":22,"gold_loss":0},{"damage_healed":0,"gold_gain":0,"player_choice":"Fought Bandits","damage_taken":0,"max_hp_gain":0,"max_hp_loss":0,"event_name":"Masked Bandits","floor":28,"gold_loss":0}],"is_beta":false,"boss_relics":[{"not_picked":["Lizard Tail","Runic Pyramid"],"picked":"Snecko Eye"}],"items_purged_floors":[],"is_endless":false,"potions_floor_spawned":[1,8,10,11,18,23,28],"killed_by":"Slavers","ascension_level":2}