{"gold_per_floor":[117,128,128,143,143,170,170,183,183,210,210,210,222,4,4,107,107,119,44,44,47,119,119],"floor_reached":23,"playtime":710,"items_purged":[],"score":299,"play_id":"66a7006f-44c2-4927-844d-d6d87724c97c","local_time":"20190523203850","is_ascension_mode":false,"campfire_choices":[{"data":"Rage","floor":7,"key":"SMITH"},{"data":"Strike_R","floor":12,"key":"PURGE"},{"data":"Body Slam","floor":15,"key":"SMITH"}],"neow_cost":"","seed_source_timestamp":0,"circlet_count":0,"master_deck":["Strike_R","Strike_R","Strike_R","Defend_R","Defend_R","Defend_R","Defend_R","Bash","Rage+1","Body Slam+1","Burning Pact","Flame Barrier","Rampage","Body Slam+1","Berserk+1","Injury","Clumsy","Shrug It Off","True Grit"],"relics":["Burning Blood","Matryoshka","Oddly Smooth Stone","Ornamental Fan","Peace Pipe","Medical Kit","Calling Bell","Omamori","Gremlin Horn","Pocketwatch","Dream Catcher","Sundial"],"potions_floor_usage":[6,6,8,16,21,23],"damage_taken":[{"damage":1,"enemies":"Cultist","floor":1,"turns":3},{"damage":11,"enemies":"Jaw Worm","floor":2,"turns":3},{"damage":1,"enemies":"2 Louse","floor":4,"turns":3},{"damage":26,"enemies":"3 Sentries","floor":6,"turns":9},{"damage":3,"enemies":"Exordium Thugs","floor":8,"turns":6},{"damage":14,"enemies":"Gremlin Nob","floor":10,"turns":5},{"damage":0,"enemies":"Lots of Slimes","floor":13,"turns":4},{"damage":35,"enemies":"Slime Boss","floor":16,"turns":14},{"damage":45,"enemies":"Spheric Guardian","floor":18,"turns":6},{"damage":7,"enemies":"2 Thieves","floor":21,"turns":4},{"damage":51,"enemies":"Slavers","floor":23,"turns":2}],"seed_played":"5274085867566825951","potions_obtained":[{"floor":1,"key":"Explosive Potion"},{"floor":2,"key":"BloodPotion"},{"floor":4,"key":"Poison Potion"},{"floor":13,"key":"Block Potion"},{"floor":16,"key":"Poison Potion"},{"floor":18,"key":"Block Potion"}],"is_trial":true,"path_per_floor":["M","M","?","M","?","E","R","M","T","E","?","R","M","$","R","B",null,"M","?","?","M","T","E"],"character_chosen":"IRONCLAD","items_purchased":["Medical Kit","Body Slam"],"campfire_rested":0,"item_purchase_floors":[14,14],"current_hp_per_floor":[80,75,68,73,73,60,60,63,63,55,55,55,61,61,61,32,80,41,41,41,40,40,0],"gold":119,"neow_bonus":"","is_prod":false,"is_daily":false,"chose_seed":false,"campfire_upgraded":2,"win_rate":0,"timestamp":1558636730,"path_taken":["M","M","?","M","?","E","R","?","T","E","?","R","?","$","R","BOSS","M","?","?","?","?","E"],"build_version":"2019-01-23","purchased_purges":0,"victory":false,"max_hp_per_floor":[80,80,80,80,80,80,80,80,80,80,80,80,80,80,80,80,80,80,80,80,80,80,80],"card_choices":[{"not_picked":["Power Through","Havoc"],"picked":"Rage","floor":1},{"not_picked":["Clothesline","Clash"],"picked":"Body Slam","floor":2},{"not_picked":["Wild Strike","Cleave"],"picked":"Burning Pact","floor":4},{"not_picked":["Combust","Seeing Red","Brutality"],"picked":"SKIP","floor":6},{"not_picked":["Pommel Strike","Thunderclap"],"picked":"Flame Barrier","floor":8},{"not_picked":["Flex","Carnage"],"picked":"Rampage","floor":10},{"not_picked":["Wild Strike","Combust","Perfected Strike"],"picked":"SKIP","floor":13},{"not_picked":["Brutality","Bludgeon"],"picked":"Berserk","floor":16},{"not_picked":["Thunderclap","Combust"],"picked":"Shrug It Off","floor":18},{"not_picked":["Pummel","Body Slam"],"picked":"True Grit","floor":21}],"player_experience":238258,"relics_obtained":[{"floor":6,"key":"Matryoshka"},{"floor":9,"key":"Oddly Smooth Stone"},{"floor":9,"key":"Ornamental Fan"},{"floor":10,"key":"Peace Pipe"},{"floor":17,"key":"Omamori"},{"floor":17,"key":"Gremlin Horn"},{"floor":17,"key":"Pocketwatch"},{"floor":22,"key":"Dream Catcher"},{"floor":22,"key":"Sundial"}],"event_choices":[{"cards_removed":["Strike_R"],"damage_healed":0,"gold_gain":0,"player_choice":"Card Removal","damage_taken":7,"max_hp_gain":0,"max_hp_loss":0,"event_name":"Golden Wing","floor":3,"gold_loss":0},{"damage_healed":0,"gold_gain":0,"player_choice":"Upgraded","damage_taken":0,"max_hp_gain":0,"max_hp_loss":0,"event_name":"Upgrade Shrine","floor":5,"gold_loss":0,"cards_upgraded":["Body Slam"]},{"damage_healed":0,"gold_gain":0,"player_choice":"Ignored","damage_taken":0,"max_hp_gain":0,"max_hp_loss":0,"event_name":"WeMeetAgain","floor":11,"gold_loss":0},{"cards_removed":["Normality"],"damage_healed":0,"gold_gain":0,"player_choice":"Gave Gold","damage_taken":0,"max_hp_gain":0,"max_hp_loss":0,"event_name":"Beggar","floor":19,"gold_loss":75},{"damage_healed":0,"gold_gain":0,"player_choice":"Upgraded","damage_taken":0,"max_hp_gain":0,"max_hp_loss":0,"event_name":"Upgrade Shrine","floor":20,"gold_loss":0,"cards_upgraded":["Berserk"]}],"is_beta":false,"boss_relics":[{"not_picked":["Orrery","Velvet Choker"],"picked":"Calling Bell"}],"items_purged_floors":[],"is_endless":true,"potions_floor_spawned":[1,2,4,13,16,18],"killed_by":"Slavers","ascension_level":0}