{"gold_per_floor":[112,129,31,51,62,62,137,137,137,152,152,170,70,89,89,191,191,202,219,23,39,50,50,50,50],"floor_reached":25,"playtime":507,"items_purged":["Defend_B","Strike_B","Strike_B"],"score":305,"play_id":"7af23d25-3c98-456b-952c-0c59653d46f1","local_time":"20190416224153","is_ascension_mode":true,"campfire_choices":[{"data":"Zap","floor":6,"key":"SMITH"},{"data":"Dualcast","floor":8,"key":"SMITH"},{"data":"Streamline","floor":11,"key":"SMITH"},{"data":"Streamline","floor":15,"key":"SMITH"},{"floor":23,"key":"REST"}],"neow_cost":"NONE","seed_source_timestamp":525748748204390,"circlet_count":0,"master_deck":["AscendersBane","Strike_B","Defend_B","Defend_B","Defend_B","Zap+1","Dualcast+1","Conserve Battery","Rebound","Streamline+1","Ball Lightning","Streamline+1","Gash","All For One","Defragment"],"relics":["Cracked Core","Bottled Flame","Sozu"],"potions_floor_usage":[16,22],"damage_taken":[{"damage":5,"enemies":"Small Slimes","floor":1,"turns":4},{"damage":1,"enemies":"Cultist","floor":2,"turns":4},{"damage":6,"enemies":"Jaw Worm","floor":4,"turns":4},{"damage":9,"enemies":"2 Fungi Beasts","floor":5,"turns":3},{"damage":4,"enemies":"Looter","floor":10,"turns":2},{"damage":3,"enemies":"Large Slime","floor":12,"turns":4},{"damage":3,"enemies":"Blue Slaver","floor":14,"turns":2},{"damage":17,"enemies":"Hexaghost","floor":16,"turns":8},{"damage":20,"enemies":"3 Byrds","floor":18,"turns":4},{"damage":11,"enemies":"Spheric Guardian","floor":19,"turns":3},{"damage":10,"enemies":"Snecko","floor":21,"turns":3},{"damage":12,"enemies":"3 Cultists","floor":22,"turns":3},{"damage":37,"enemies":"Book of Stabbing","floor":25,"turns":3}],"seed_played":"7988737974278244314","potions_obtained":[{"floor":5,"key":"Fire Potion"},{"floor":10,"key":"Ancient Potion"},{"floor":12,"key":"Weak Potion"}],"is_trial":false,"path_per_floor":["M","M","$","M","M","R","?","R","T","M","R","M","$","M","R","B",null,"M","M","$","M","M","R","$","E"],"character_chosen":"DEFECT","items_purchased":["Rebound","Defragment"],"campfire_rested":1,"item_purchase_floors":[3,20],"current_hp_per_floor":[63,62,62,56,47,47,40,40,40,36,36,33,33,30,30,13,60,40,29,29,19,7,29,29,0],"gold":50,"neow_bonus":"REMOVE_CARD","is_prod":false,"is_daily":false,"chose_seed":false,"campfire_upgraded":4,"win_rate":0,"timestamp":1555447313,"path_taken":["M","M","$","M","M","R","?","R","T","M","R","M","$","?","R","BOSS","M","M","$","M","?","R","?","E"],"build_version":"2019-01-23","purchased_purges":3,"victory":false,"max_hp_per_floor":[75,75,75,75,75,75,75,75,75,75,75,75,75,75,75,75,75,75,75,75,75,75,75,75,75],"card_choices":[{"not_picked":["Go for the Eyes","Steam"],"picked":"Conserve Battery","floor":1},{"not_picked":["Leap","Turbo","Doom and Gloom"],"picked":"SKIP","floor":2},{"not_picked":["Go for the Eyes","Amplify","Turbo"],"picked":"SKIP","floor":4},{"not_picked":["Turbo","Compile Driver"],"picked":"Streamline","floor":5},{"not_picked":["Cold Snap","Leap"],"picked":"Ball Lightning","floor":10},{"not_picked":["Hologram","Beam Cell"],"picked":"Streamline","floor":12},{"not_picked":["Blizzard","Meteor Strike"],"picked":"Gash","floor":14},{"not_picked":["Buffer","Creative AI"],"picked":"All For One","floor":16},{"not_picked":["Compile Driver","Leap+1","Redo"],"picked":"SKIP","floor":18},{"not_picked":["Darkness+1","Rebound","Ball Lightning+1"],"picked":"SKIP","floor":19},{"not_picked":["Aggregate","Redo","Coolheaded+1"],"picked":"SKIP","floor":21},{"not_picked":["White Noise","Compile Driver+1","Ball Lightning+1"],"picked":"SKIP","floor":22}],"player_experience":183047,"relics_obtained":[{"floor":9,"key":"Bottled Flame"}],"event_choices":[{"damage_healed":0,"gold_gain":75,"player_choice":"Touch","damage_taken":7,"max_hp_gain":0,"max_hp_loss":0,"event_name":"FaceTrader","floor":7,"gold_loss":0}],"is_beta":false,"boss_relics":[{"not_picked":["Velvet Choker","Runic Pyramid"],"picked":"Sozu"}],"items_purged_floors":[3,13,20],"is_endless":false,"potions_floor_spawned":[5,10,12,18],"killed_by":"Book of Stabbing","ascension_level":11}