{"gold_per_floor":[118,130,80,95,95,95,112,112,112,128,163,18,18,34,34,34],"floor_reached":16,"playtime":449,"items_purged":["Strike_G"],"score":138,"play_id":"e9e66732-2d59-4599-b18e-d2b828dc9f28","local_time":"20190326231709","is_ascension_mode":true,"campfire_choices":[{"data":"Neutralize","floor":6,"key":"SMITH"},{"data":"All Out Attack","floor":8,"key":"SMITH"},{"floor":15,"key":"REST"}],"neow_cost":"NONE","seed_source_timestamp":386604085385180,"circlet_count":0,"master_deck":["Defend_G","Defend_G","Defend_G","Defend_G","Defend_G","Strike_G","Strike_G","Survivor","Neutralize+1","Outmaneuver","Sucker Punch+1","Flying Knee","All Out Attack+1","Crippling Poison","Poisoned Stab","Footwork","Deflect"],"relics":["Ring of the Snake","NeowsBlessing","Letter Opener","The Specimen"],"potions_floor_usage":[16],"damage_taken":[{"damage":0,"enemies":"Jaw Worm","floor":1,"turns":1},{"damage":0,"enemies":"2 Louse","floor":2,"turns":1},{"damage":0,"enemies":"Cultist","floor":4,"turns":1},{"damage":1,"enemies":"Blue Slaver","floor":7,"turns":4},{"damage":5,"enemies":"Exordium Thugs","floor":10,"turns":4},{"damage":40,"enemies":"Lagavulin","floor":11,"turns":7},{"damage":0,"enemies":"Looter","floor":14,"turns":4},{"damage":42,"enemies":"Slime Boss","floor":16,"turns":11}],"seed_played":"3610322975241042453","potions_obtained":[{"floor":7,"key":"Block Potion"}],"is_trial":false,"path_per_floor":["M","M","?","M","?","R","M","R","T","M","E","$","?","M","R","B"],"character_chosen":"THE_SILENT","items_purchased":["Footwork"],"campfire_rested":1,"item_purchase_floors":[12],"current_hp_per_floor":[63,63,63,63,63,63,62,62,62,57,17,17,17,17,38,0],"gold":34,"neow_bonus":"THREE_ENEMY_KILL","is_prod":false,"is_daily":false,"chose_seed":false,"campfire_upgraded":2,"win_rate":0,"timestamp":1553638629,"path_taken":["M","M","?","M","?","R","M","R","T","?","E","$","?","?","R","BOSS"],"build_version":"2019-01-23","purchased_purges":1,"victory":false,"max_hp_per_floor":[70,70,70,70,70,70,70,70,70,70,70,70,70,70,70,70],"card_choices":[{"not_picked":["Acrobatics","Deflect"],"picked":"Outmaneuver","floor":1},{"not_picked":["Slice","Setup"],"picked":"Sucker Punch","floor":2},{"not_picked":["Dagger Throw","Blade Dance"],"picked":"Flying Knee","floor":4},{"not_picked":["Dodge and Roll","Die Die Die"],"picked":"All Out Attack","floor":7},{"not_picked":["Outmaneuver","Blade Dance"],"picked":"Crippling Poison","floor":10},{"not_picked":["Adrenaline","Skewer"],"picked":"Poisoned Stab","floor":11},{"not_picked":["Predator","Caltrops"],"picked":"Deflect","floor":14}],"player_experience":113003,"relics_obtained":[{"floor":9,"key":"Letter Opener"},{"floor":11,"key":"The Specimen"}],"event_choices":[{"cards_removed":["Strike_G"],"damage_healed":0,"gold_gain":0,"player_choice":"Card Removal","damage_taken":0,"max_hp_gain":0,"max_hp_loss":0,"event_name":"The Cleric","floor":3,"gold_loss":50},{"damage_healed":0,"gold_gain":0,"player_choice":"Upgraded","damage_taken":0,"max_hp_gain":0,"max_hp_loss":0,"event_name":"Upgrade Shrine","floor":5,"gold_loss":0,"cards_upgraded":["Sucker Punch"]},{"cards_removed":["Strike_G"],"damage_healed":0,"gold_gain":0,"player_choice":"Purged","damage_taken":0,"max_hp_gain":0,"max_hp_loss":0,"event_name":"Purifier","floor":13,"gold_loss":0}],"is_beta":false,"boss_relics":[],"items_purged_floors":[12],"is_endless":false,"potions_floor_spawned":[7],"killed_by":"Slime Boss","ascension_level":7}