{"gold_per_floor":[117,129,15,15,15,41,57,57,57,57,67,67,81,116,116,212,262,273,53,323,336,67,67,41,41,92,92,92,112,139,153,153,256,256,275,275,275,294,294,294,324,343,343,343,354,354,372,372,372,372],"floor_reached":50,"playtime":2078,"items_purged":["Defend_G","Defend_G"],"score":732,"play_id":"1b24be67-999b-4b07-8881-9e24241123be","local_time":"20190401094212","is_ascension_mode":true,"campfire_choices":[{"data":"Dagger Spray","floor":8.0,"key":"SMITH"},{"floor":10.0,"key":"REST"},{"data":"Noxious Fumes","floor":12.0,"key":"SMITH"},{"data":"Acrobatics","floor":15.0,"key":"SMITH"},{"data":"Calculated Gamble","floor":23.0,"key":"SMITH"},{"floor":25.0,"key":"REST"},{"data":"Acrobatics","floor":27.0,"key":"SMITH"},{"data":"Finisher","floor":32.0,"key":"SMITH"},{"data":"Outmaneuver","floor":40.0,"key":"SMITH"},{"floor":44.0,"key":"REST"},{"floor":46.0,"key":"REST"},{"floor":49.0,"key":"RECALL"}],"neow_cost":"TEN_PERCENT_HP_LOSS","seed_source_timestamp":850814585870232,"circlet_count":0,"master_deck":["Defend_G+1","Defend_G+1","Strike_G+1","Strike_G+1","Strike_G+1","Strike_G+1","Survivor+1","Neutralize+1","Finisher+1","Bullet Time+1","Blade Dance+1","Acrobatics+1","Dagger Spray+1","Flying Knee+1","Noxious Fumes+1","Backflip+1","Acrobatics+1","Adrenaline+1","Caltrops+1","Calculated Gamble+1","Predator+1","Sucker Punch+1","Backflip+1","Quick Slash+1","Dagger Spray+1","Envenom+1","Blur+1","Madness+1","Madness+1","Outmaneuver+1","Outmaneuver+1","Cloak And Dagger+1","Reflex+1"],"special_seed":0,"relics":["Ring of the Snake","Kunai","Mummified Hand","Centennial Puzzle","Tiny House","War Paint","Whetstone","Regal Pillow","CultistMask","Shuriken","Sozu","Anchor","Molten Egg 2","Mark of the Bloom"],"potions_floor_usage":[50,50],"damage_taken":[{"damage":0.0,"enemies":"2 Louse","floor":1.0,"turns":3.0},{"damage":0.0,"enemies":"Small Slimes","floor":2.0,"turns":4.0},{"damage":15.0,"enemies":"3 Sentries","floor":6.0,"turns":10.0},{"damage":0.0,"enemies":"Cultist","floor":7.0,"turns":3.0},{"damage":2.0,"enemies":"3 Louse","floor":11.0,"turns":2.0},{"damage":3.0,"enemies":"Red Slaver","floor":13.0,"turns":3.0},{"damage":5.0,"enemies":"Lagavulin","floor":14.0,"turns":3.0},{"damage":30.0,"enemies":"The Guardian","floor":16.0,"turns":8.0},{"damage":0.0,"enemies":"3 Byrds","floor":18.0,"turns":3.0},{"damage":0.0,"enemies":"Spheric Guardian","floor":21.0,"turns":3.0},{"damage":5.0,"enemies":"Snake Plant","floor":29.0,"turns":4.0},{"damage":0.0,"enemies":"Gremlin Leader","floor":30.0,"turns":3.0},{"damage":0.0,"enemies":"Snecko","floor":31.0,"turns":2.0},{"damage":39.0,"enemies":"Collector","floor":33.0,"turns":4.0},{"damage":2.0,"enemies":"3 Shapes","floor":35.0,"turns":3.0},{"damage":0.0,"enemies":"Orb Walker","floor":38.0,"turns":3.0},{"damage":12.0,"enemies":"Nemesis","floor":41.0,"turns":7.0},{"damage":4.0,"enemies":"Sphere and 2 Shapes","floor":42.0,"turns":4.0},{"damage":24.0,"enemies":"Writhing Mass","floor":45.0,"turns":4.0},{"damage":0.0,"enemies":"Transient","floor":47.0,"turns":5.0},{"damage":88,"enemies":"Time Eater","floor":50,"turns":5}],"seed_played":"-5845094739637808189","potions_obtained":[{"floor":2.0,"key":"Block Potion"},{"floor":6.0,"key":"Weak Potion"},{"floor":7.0,"key":"LiquidBronze"},{"floor":14.0,"key":"Energy Potion"},{"floor":17.0,"key":"PowerPotion"},{"floor":18.0,"key":"Energy Potion"}],"is_trial":false,"path_per_floor":["M","M","$","?","?","E","M","R","T","R","M","R","M","E","R","B",null,"M","$","?","M","$","R","$","R","T","R","?","M","E","M","R","B",null,"M","?","?","M","?","R","E","M","T","R","M","R","M","?","R","B"],"character_chosen":"THE_SILENT","items_purchased":["Well Laid Plans","War Paint","Predator","Whetstone","Backflip","Quick Slash"],"campfire_rested":4,"item_purchase_floors":[3,19,19,22,22,24],"current_hp_per_floor":[63,63,63,63,50,35,35,35,35,53,51,51,48,43,43,13,56,56,56,32,32,32,32,32,52,52,52,52,47,47,47,47,8,53,51,42,42,42,42,42,30,26,26,61,37,68,68,68,68,0],"gold":372,"neow_bonus":"TRANSFORM_TWO_CARDS","is_prod":false,"is_daily":false,"chose_seed":false,"campfire_upgraded":7,"win_rate":0,"timestamp":1554104532,"path_taken":["M","M","$","?","?","E","M","R","T","R","M","R","M","E","R","BOSS","M","$","?","M","?","R","$","R","T","R","?","M","E","?","R","BOSS","M","?","?","?","?","R","E","M","T","R","M","R","M","?","R","BOSS"],"build_version":"2019-01-23","purchased_purges":2,"victory":false,"max_hp_per_floor":[63,63,63,63,63,63,63,63,63,63,63,63,63,63,63,63,68,68,68,68,68,68,68,68,68,68,68,68,68,68,68,68,68,68,68,68,68,68,68,68,68,68,68,68,68,68,68,68,68,68],"card_choices":[{"not_picked":["Slice","Deflect"],"picked":"Blade Dance","floor":1.0},{"not_picked":["Dagger Throw","Dodge and Roll"],"picked":"Acrobatics","floor":2.0},{"not_picked":["Finisher","Escape Plan"],"picked":"Dagger Spray","floor":6.0},{"not_picked":["Bane","Catalyst"],"picked":"Flying Knee","floor":7.0},{"not_picked":["Prepared","Dash"],"picked":"Noxious Fumes","floor":11.0},{"not_picked":["Crippling Poison","Sucker Punch"],"picked":"Backflip","floor":13.0},{"not_picked":["Well Laid Plans","Leg Sweep"],"picked":"Acrobatics","floor":14.0},{"not_picked":["Storm of Steel","Phantasmal Killer"],"picked":"Adrenaline","floor":16.0},{"not_picked":["Flying Knee","Well Laid Plans"],"picked":"Caltrops","floor":17.0},{"not_picked":["Well Laid Plans","Dagger Throw+1"],"picked":"Calculated Gamble","floor":18.0},{"not_picked":["Dagger Spray","Flechettes+1"],"picked":"Sucker Punch+1","floor":21.0},{"not_picked":["Riddle With Holes","Backflip","Bane+1"],"picked":"SKIP","floor":29.0},{"not_picked":["Prepared","Catalyst"],"picked":"Dagger Spray+1","floor":30.0},{"not_picked":["Endless Agony","Poisoned Stab","Deadly Poison"],"picked":"SKIP","floor":31.0},{"not_picked":["Doppelganger","Storm of Steel"],"picked":"Envenom","floor":33.0},{"not_picked":["Dagger Spray+1","Choke"],"picked":"Blur+1","floor":35.0},{"not_picked":["Poisoned Stab+1","Slice"],"picked":"Outmaneuver","floor":38.0},{"not_picked":["Poisoned Stab+1","Choke"],"picked":"Outmaneuver+1","floor":41.0},{"not_picked":["Blur","Flying Knee+1"],"picked":"Cloak And Dagger+1","floor":42.0},{"not_picked":["Quick Slash+1","Die Die Die+1","Poisoned Stab+1"],"picked":"SKIP","floor":45.0},{"not_picked":["Sucker Punch+1","Setup+1"],"picked":"Reflex","floor":47.0}],"player_experience":122279,"relics_obtained":[{"floor":6.0,"key":"Kunai"},{"floor":9.0,"key":"Mummified Hand"},{"floor":14.0,"key":"Centennial Puzzle"},{"floor":26.0,"key":"Regal Pillow"},{"floor":30.0,"key":"Shuriken"},{"floor":41.0,"key":"Anchor"},{"floor":43.0,"key":"Molten Egg 2"}],"event_choices":[{"damage_healed":0.0,"max_hp_gain":0.0,"max_hp_loss":0.0,"gold_gain":0.0,"event_name":"Living Wall","player_choice":"Grow","floor":4.0,"gold_loss":0.0,"damage_taken":0.0,"cards_upgraded":["Bullet Time"]},{"damage_healed":0.0,"max_hp_gain":0.0,"max_hp_loss":0.0,"gold_gain":0.0,"event_name":"Shining Light","player_choice":"Entered Light","floor":5.0,"gold_loss":0.0,"damage_taken":13.0,"cards_upgraded":["Survivor","Defend_G"]},{"damage_healed":0.0,"max_hp_gain":0.0,"max_hp_loss":0.0,"gold_gain":270.0,"event_name":"Knowing Skull","player_choice":"GOLD GOLD GOLD ","floor":20.0,"potions_obtained":[],"gold_loss":0.0,"damage_taken":24.0,"cards_obtained":[]},{"damage_healed":0.0,"max_hp_gain":0.0,"max_hp_loss":0.0,"gold_gain":0.0,"event_name":"FaceTrader","player_choice":"Trade","floor":28.0,"gold_loss":0.0,"damage_taken":0.0,"relics_obtained":["CultistMask"]},{"damage_healed":0.0,"max_hp_gain":0.0,"max_hp_loss":0.0,"gold_gain":0.0,"event_name":"Winding Halls","player_choice":"Embrace Madness","floor":36.0,"gold_loss":0.0,"damage_taken":9.0,"cards_obtained":["Madness","Madness"]},{"damage_healed":0.0,"max_hp_gain":0.0,"max_hp_loss":0.0,"gold_gain":0.0,"event_name":"The Woman in Blue","player_choice":"Bought 0 Potions","floor":37.0,"gold_loss":0.0,"damage_taken":0.0},{"cards_removed":["Well Laid Plans"],"damage_healed":0.0,"max_hp_gain":0.0,"max_hp_loss":0.0,"gold_gain":0.0,"event_name":"Falling","player_choice":"Removed Power","floor":39.0,"gold_loss":0.0,"damage_taken":0.0},{"damage_healed":0.0,"max_hp_gain":0.0,"max_hp_loss":0.0,"gold_gain":0.0,"event_name":"MindBloom","player_choice":"Upgrade","floor":48.0,"gold_loss":0.0,"damage_taken":0.0,"cards_upgraded":["Defend_G","Strike_G","Strike_G","Strike_G","Backflip","Caltrops","Predator","Backflip","Quick Slash","Envenom","Madness","Madness","Reflex"],"relics_obtained":["Mark of the Bloom"]}],"is_beta":false,"boss_relics":[{"not_picked":["Pandora\u0027s Box","White Beast Statue"],"picked":"Tiny House"},{"not_picked":["Runic Dome","WristBlade"],"picked":"Sozu"}],"items_purged_floors":[3,22],"is_endless":false,"potions_floor_spawned":[2,6,7,14,18,42,47],"killed_by":"Time Eater","ascension_level":8}