{"gold_per_floor":[109,109,123,141,141,141,176,176,222,3,3,32,52,72,72,175,175,189,204,149,169,185,213,213,243,296,296,296,296,310,310,310,408,408,422,436,8,23,48,48,83,83,162,162,162,162],"floor_reached":46,"playtime":1993,"items_purged":["Strike_G"],"score":729,"play_id":"1646b16f-926e-46af-9f69-8415be330f61","local_time":"20190330101950","is_ascension_mode":true,"campfire_choices":[{"floor":6.0,"key":"DIG"},{"floor":8.0,"key":"DIG"},{"data":"Apotheosis","floor":11.0,"key":"SMITH"},{"floor":15.0,"key":"DIG"},{"floor":24.0,"key":"REST"},{"floor":27.0,"key":"REST"},{"floor":32.0,"key":"REST"},{"floor":40,"key":"REST"},{"floor":42,"key":"REST"},{"floor":44,"key":"DIG"}],"neow_cost":"TEN_PERCENT_HP_LOSS","seed_source_timestamp":683897098278835,"circlet_count":0,"master_deck":["Defend_G","Defend_G","Defend_G","Defend_G","Defend_G","Strike_G","Strike_G","Strike_G","Survivor","Neutralize+1","Dagger Throw","Prepared","Sucker Punch","Dagger Spray","Tactician","Apotheosis+1","Acrobatics","Dash+1","Prepared","Underhanded Strike+1","Underhanded Strike+1","Dodge and Roll+1","Glass Knife+1","Predator+1","Underhanded Strike+1","Dodge and Roll","Envenom","Leg Sweep","Acrobatics","Poisoned Stab+1"],"special_seed":0,"relics":["Ring of the Snake","Shovel","Orichalcum","Art of War","Anchor","Dream Catcher","Molten Egg 2","Vajra","Sozu","Tiny Chest","Omamori","Bag of Preparation","Juzu Bracelet","Smiling Mask","Busted Crown","Lee\u0027s Waffle","Blood Vial","Snake Skull","Regal Pillow","Ornamental Fan","Thread and Needle"],"potions_floor_usage":[],"damage_taken":[{"damage":0.0,"enemies":"2 Louse","floor":1.0,"turns":3.0},{"damage":0.0,"enemies":"Cultist","floor":3.0,"turns":3.0},{"damage":2.0,"enemies":"Small Slimes","floor":4.0,"turns":3.0},{"damage":18.0,"enemies":"3 Sentries","floor":7.0,"turns":8.0},{"damage":0.0,"enemies":"Gremlin Nob","floor":12.0,"turns":4.0},{"damage":0.0,"enemies":"Gremlin Gang","floor":13.0,"turns":3.0},{"damage":0.0,"enemies":"Looter","floor":14.0,"turns":4.0},{"damage":2.0,"enemies":"Hexaghost","floor":16.0,"turns":11.0},{"damage":10.0,"enemies":"Spheric Guardian","floor":18.0,"turns":4.0},{"damage":7.0,"enemies":"2 Thieves","floor":19.0,"turns":4.0},{"damage":7.0,"enemies":"3 Cultists","floor":21.0,"turns":6.0},{"damage":0.0,"enemies":"Cultist and Chosen","floor":22.0,"turns":6.0},{"damage":8.0,"enemies":"Gremlin Leader","floor":23.0,"turns":8.0},{"damage":24.0,"enemies":"Slavers","floor":25.0,"turns":5.0},{"damage":5.0,"enemies":"Snecko","floor":30.0,"turns":3.0},{"damage":49,"enemies":"Automaton","floor":33,"turns":10},{"damage":2,"enemies":"3 Shapes","floor":35,"turns":4},{"damage":27,"enemies":"3 Darklings","floor":36,"turns":5},{"damage":32,"enemies":"Sphere and 2 Shapes","floor":38,"turns":7},{"damage":42,"enemies":"Nemesis","floor":41,"turns":9},{"damage":57,"enemies":"Time Eater","floor":46,"turns":10}],"seed_played":"-6951671239529135382","potions_obtained":[{"floor":4.0,"key":"Block Potion"},{"floor":7.0,"key":"PowerPotion"},{"floor":12.0,"key":"Block Potion"}],"is_trial":false,"path_per_floor":["M","?","M","M","?","R","E","R","T","$","R","E","M","M","R","B",null,"M","M","?","M","M","E","R","E","T","R","T","?","M","?","R","B",null,"M","M","$","M","T","R","E","R","T","R","?","B"],"character_chosen":"THE_SILENT","items_purchased":["Apotheosis","Acrobatics","Lee\u0027s Waffle","Blood Vial","Poisoned Stab+1"],"campfire_rested":5,"item_purchase_floors":[10,10,37,37,37],"current_hp_per_floor":[63,63,63,61,61,61,43,43,43,43,43,43,43,43,43,41,58,48,41,41,34,34,26,44,20,20,38,38,38,33,33,51,2,48,46,19,70,38,38,59,19,55,55,55,55,0],"gold":162,"neow_bonus":"ONE_RARE_RELIC","is_prod":false,"is_daily":false,"chose_seed":false,"campfire_upgraded":1,"win_rate":0,"timestamp":1553937590,"path_taken":["M","?","?","M","?","R","E","R","T","$","R","E","?","M","R","BOSS","M","M","?","M","M","E","R","E","T","R","?","?","M","?","R","BOSS","M","M","$","M","?","R","E","R","T","R","?","BOSS"],"build_version":"2019-01-23","purchased_purges":1,"victory":false,"max_hp_per_floor":[63,63,63,63,63,63,63,63,63,63,63,63,63,63,63,63,63,63,63,63,63,63,63,63,63,63,63,63,63,63,63,63,63,63,63,63,70,70,70,70,70,70,70,70,70,70],"card_choices":[{"not_picked":["Cloak And Dagger","Underhanded Strike"],"picked":"Dagger Throw","floor":1.0},{"not_picked":["Flechettes","Phantasmal Killer"],"picked":"Prepared","floor":3.0},{"not_picked":["Catalyst","Backflip"],"picked":"Sucker Punch","floor":4.0},{"not_picked":["Blade Dance","Grand Finale"],"picked":"Tactician","floor":7.0},{"not_picked":["Flying Knee","Bullet Time"],"picked":"Dash","floor":12.0},{"not_picked":["Backflip","Deadly Poison"],"picked":"Prepared","floor":13.0},{"not_picked":["Escape Plan","Bane+1","Well Laid Plans"],"picked":"SKIP","floor":14.0},{"not_picked":["Caltrops+1","Terror"],"picked":"Underhanded Strike+1","floor":18.0},{"not_picked":["Deadly Poison","Cloak And Dagger"],"picked":"Underhanded Strike+1","floor":19.0},{"not_picked":["Quick Slash+1","Accuracy+1"],"picked":"Dodge and Roll+1","floor":21.0},{"not_picked":["Quick Slash+1","Slice+1","Cloak And Dagger+1"],"picked":"SKIP","floor":22.0},{"not_picked":["Dash+1","Deflect+1"],"picked":"Glass Knife+1","floor":23.0},{"not_picked":["Deadly Poison+1","Noxious Fumes+1"],"picked":"Predator+1","floor":24.0},{"not_picked":["Quick Slash+1","Dodge and Roll"],"picked":"Underhanded Strike+1","floor":25.0},{"not_picked":["Underhanded Strike+1","PiercingWail","Dodge and Roll"],"picked":"SKIP","floor":30.0},{"not_picked":["Wraith Form v2","Bane+1"],"picked":"Dodge and Roll","floor":32.0},{"not_picked":["Glass Knife+1","Storm of Steel"],"picked":"Envenom","floor":33},{"not_picked":[],"picked":"Leg Sweep","floor":35},{"not_picked":[],"picked":"Acrobatics","floor":36},{"not_picked":["Blade Dance+1"],"picked":"SKIP","floor":38},{"not_picked":["Quick Slash+1"],"picked":"SKIP","floor":41}],"player_experience":116361,"relics_obtained":[{"floor":6.0,"key":"Orichalcum"},{"floor":7.0,"key":"Art of War"},{"floor":8.0,"key":"Anchor"},{"floor":9.0,"key":"Dream Catcher"},{"floor":12.0,"key":"Molten Egg 2"},{"floor":15.0,"key":"Vajra"},{"floor":23.0,"key":"Omamori"},{"floor":25.0,"key":"Bag of Preparation"},{"floor":26.0,"key":"Juzu Bracelet"},{"floor":28.0,"key":"Smiling Mask"},{"floor":39,"key":"Snake Skull"},{"floor":41,"key":"Regal Pillow"},{"floor":43,"key":"Ornamental Fan"},{"floor":44,"key":"Thread and Needle"}],"event_choices":[{"damage_healed":0.0,"max_hp_gain":0.0,"max_hp_loss":0.0,"gold_gain":0.0,"event_name":"Upgrade Shrine","player_choice":"Upgraded","floor":2.0,"gold_loss":0.0,"damage_taken":0.0,"cards_upgraded":["Neutralize"]},{"damage_healed":0.0,"max_hp_gain":0.0,"max_hp_loss":0.0,"gold_gain":0.0,"cards_transformed":["Strike_G"],"event_name":"Transmorgrifier","player_choice":"Transformed","floor":5.0,"gold_loss":0.0,"damage_taken":0.0,"cards_obtained":["Dagger Spray"]},{"damage_healed":0.0,"max_hp_gain":0.0,"max_hp_loss":0.0,"gold_gain":0.0,"event_name":"Addict","player_choice":"Obtained Relic","floor":20.0,"gold_loss":85.0,"damage_taken":0.0,"relics_obtained":["Tiny Chest"]},{"damage_healed":0.0,"max_hp_gain":0.0,"max_hp_loss":0.0,"gold_gain":0.0,"event_name":"Forgotten Altar","player_choice":"Smashed Altar","floor":29.0,"gold_loss":0.0,"damage_taken":0.0,"cards_obtained":["Decay"]},{"damage_healed":0.0,"max_hp_gain":0.0,"max_hp_loss":0.0,"gold_gain":0.0,"event_name":"The Woman in Blue","player_choice":"Bought 0 Potions","floor":31.0,"gold_loss":0.0,"damage_taken":0.0},{"damage_healed":0,"gold_gain":0,"player_choice":"Took Portal","damage_taken":0,"max_hp_gain":0,"max_hp_loss":0,"event_name":"SecretPortal","floor":45,"gold_loss":0}],"is_beta":false,"boss_relics":[{"not_picked":["Orrery","Lizard Tail"],"picked":"Sozu"},{"not_picked":["Astrolabe","HoveringKite"],"picked":"Busted Crown"}],"items_purged_floors":[37],"is_endless":false,"potions_floor_spawned":[4,7,12,19,21,25,30,33,35,38],"killed_by":"Time Eater","ascension_level":8}