{"gold_per_floor":[113,133,133,133,83,101,118,118,143,143,156,185,202,173,173,173],"floor_reached":16,"playtime":1790,"items_purged":[],"score":104,"play_id":"78ad768f-9375-4c6a-a34f-58e8a232fb89","local_time":"20190526204745","is_ascension_mode":false,"campfire_choices":[{"data":"1","floor":15,"key":"LIFT"}],"neow_cost":"NONE","seed_source_timestamp":12049082258825,"circlet_count":0,"master_deck":["Defend_G","Defend_G","Defend_G","Defend_G","Defend_G","Strike_G","Strike_G","Strike_G","Strike_G","Strike_G","Survivor","Neutralize+1","Footwork","Footwork+1","Dodge and Roll","Crippling Poison","Backflip"],"relics":["Ring of the Snake","Girya","Paper Crane","Blood Vial"],"potions_floor_usage":[12,12,16,16],"damage_taken":[{"damage":0,"enemies":"Small Slimes","floor":1,"turns":4},{"damage":0,"enemies":"2 Louse","floor":2,"turns":4},{"damage":2,"enemies":"Cultist","floor":6,"turns":5},{"damage":0,"enemies":"2 Fungi Beasts","floor":7,"turns":7},{"damage":0,"enemies":"Looter","floor":11,"turns":4},{"damage":3,"enemies":"Lagavulin","floor":12,"turns":13},{"damage":10,"enemies":"3 Louse","floor":13,"turns":5},{"damage":7,"enemies":"Exordium Thugs","floor":14,"turns":7},{"damage":60,"enemies":"Slime Boss","floor":16,"turns":21}],"seed_played":"-5432417763847644884","potions_obtained":[{"floor":6,"key":"Dexterity Potion"},{"floor":7,"key":"Weak Potion"},{"floor":11,"key":"LiquidBronze"},{"floor":14,"key":"SkillPotion"}],"is_trial":false,"path_per_floor":["M","M","?","?","?","M","M","T","T","?","M","E","M","M","R","B"],"character_chosen":"THE_SILENT","items_purchased":[],"campfire_rested":0,"item_purchase_floors":[],"current_hp_per_floor":[70,70,70,70,70,68,68,68,68,68,68,65,57,52,52,0],"gold":173,"neow_bonus":"UPGRADE_CARD","is_prod":false,"is_daily":false,"chose_seed":false,"campfire_upgraded":0,"win_rate":0,"timestamp":1558914465,"path_taken":["M","M","?","?","?","M","M","?","T","?","M","E","?","M","R","BOSS"],"build_version":"2019-01-23","purchased_purges":0,"victory":false,"max_hp_per_floor":[70,70,70,70,70,70,70,70,70,70,70,70,70,70,70,70],"card_choices":[{"not_picked":["Cloak And Dagger","Riddle With Holes"],"picked":"Footwork","floor":1},{"not_picked":["Outmaneuver","Blur"],"picked":"Footwork","floor":2},{"not_picked":["Bane","Outmaneuver","Setup"],"picked":"SKIP","floor":6},{"not_picked":["Bane","Prepared"],"picked":"Dodge and Roll","floor":7},{"not_picked":["Slice","Storm of Steel","Heel Hook"],"picked":"SKIP","floor":11},{"not_picked":["Dagger Throw","Distraction"],"picked":"Crippling Poison","floor":12},{"not_picked":["Reflex","Dodge and Roll"],"picked":"Backflip","floor":13},{"not_picked":["Heel Hook","Dagger Spray","Wraith Form v2"],"picked":"SKIP","floor":14}],"player_experience":153936,"relics_obtained":[{"floor":8,"key":"Paper Crane"},{"floor":12,"key":"Blood Vial"}],"event_choices":[{"damage_healed":0,"gold_gain":0,"player_choice":"Grow","damage_taken":0,"max_hp_gain":0,"max_hp_loss":0,"event_name":"Living Wall","floor":3,"gold_loss":0,"cards_upgraded":["Footwork"]},{"damage_healed":0,"gold_gain":0,"player_choice":"Box","damage_taken":0,"relics_obtained":["Girya"],"max_hp_gain":0,"max_hp_loss":0,"event_name":"Big Fish","floor":4,"gold_loss":0,"cards_obtained":["Regret"]},{"cards_removed":["Regret"],"damage_healed":0,"gold_gain":0,"player_choice":"Card Removal","damage_taken":0,"max_hp_gain":0,"max_hp_loss":0,"event_name":"The Cleric","floor":5,"gold_loss":50},{"damage_healed":0,"gold_gain":0,"player_choice":"Ignored","damage_taken":0,"max_hp_gain":0,"max_hp_loss":0,"event_name":"Transmorgrifier","floor":10,"gold_loss":0}],"is_beta":false,"boss_relics":[],"items_purged_floors":[],"is_endless":false,"potions_floor_spawned":[6,7,11,14],"killed_by":"Slime Boss","ascension_level":0}