{"gold_per_floor":[118,118,118,137,62,62,62,98,177,202,202,56,80,101,101,232,232,251,81,97,0,24,24,24,68,68,92,92],"floor_reached":28,"playtime":743,"items_purged":["Regret","Strike_R","Strike_R"],"score":327,"play_id":"2b4b46b4-431a-4168-a3d8-37733df862f8","local_time":"20190129123535","is_ascension_mode":true,"campfire_choices":[{"data":"Inflame","floor":6,"key":"SMITH"},{"data":"Evolve","floor":11,"key":"SMITH"},{"floor":15,"key":"REST"},{"floor":23,"key":"REST"}],"neow_cost":"TEN_PERCENT_HP_LOSS","seed_source_timestamp":43126922078463,"circlet_count":0,"master_deck":["Defend_R","Defend_R","Defend_R","Defend_R","Bash","Inflame+1","Pommel Strike","Twin Strike","Evolve+1","Shrug It Off","Iron Wave","Double Tap","Armaments+1","Anger","Iron Wave","Anger+1","Bite","Bite","Bite","Bite","Bite","Double Tap"],"relics":["Burning Blood","Gambling Chip","Kunai","Golden Idol","Question Card","Tiny Chest","Philosopher\u0027s Stone","Blue Candle","Matryoshka"],"potions_floor_usage":[16,25,27],"damage_taken":[{"damage":2,"enemies":"2 Louse","floor":1,"turns":3},{"damage":11,"enemies":"Jaw Worm","floor":4,"turns":3},{"damage":24,"enemies":"Gremlin Nob","floor":8,"turns":4},{"damage":0,"enemies":"Small Slimes","floor":10,"turns":3},{"damage":26,"enemies":"Gremlin Gang","floor":13,"turns":6},{"damage":0,"enemies":"3 Louse","floor":14,"turns":3},{"damage":0,"enemies":"Slime Boss","floor":16,"turns":7},{"damage":25,"enemies":"Shell Parasite","floor":18,"turns":5},{"damage":7,"enemies":"Chosen","floor":20,"turns":4},{"damage":30,"enemies":"Snake Plant","floor":22,"turns":6},{"damage":46,"enemies":"Book of Stabbing","floor":25,"turns":5},{"damage":18,"enemies":"Snecko","floor":27,"turns":5},{"damage":38,"enemies":"Slavers","floor":28,"turns":3}],"seed_played":"-1674809606789091456","potions_obtained":[{"floor":1,"key":"EssenceOfSteel"},{"floor":10,"key":"Weak Potion"},{"floor":14,"key":"FearPotion"},{"floor":22,"key":"Fire Potion"}],"is_trial":false,"path_per_floor":["M","?","?","M","$","R","?","E","T","M","R","$","M","M","R","B",null,"M","$","M","?","M","R","?","E","T","M","E"],"character_chosen":"IRONCLAD","items_purchased":["Shrug It Off","Anger"],"campfire_rested":2,"item_purchase_floors":[12,19],"current_hp_per_floor":[72,72,54,49,49,49,49,31,31,37,37,37,17,23,44,50,72,53,53,52,52,28,49,49,23,23,25,0],"gold":92,"neow_bonus":"ONE_RARE_RELIC","is_prod":false,"is_daily":false,"chose_seed":false,"campfire_upgraded":2,"win_rate":0,"timestamp":1548761735,"path_taken":["M","?","?","M","$","R","?","E","T","M","R","?","M","M","R","BOSS","M","$","M","?","M","R","?","E","T","?","E"],"build_version":"2019-01-23","purchased_purges":3,"victory":false,"max_hp_per_floor":[72,72,72,72,72,72,72,72,72,72,72,72,72,72,72,72,72,72,72,72,72,72,72,50,50,50,50,50],"card_choices":[{"not_picked":["Infernal Blade","Sentinel"],"picked":"Inflame","floor":1},{"not_picked":["Blood for Blood","Wild Strike"],"picked":"Pommel Strike","floor":4},{"not_picked":["Clothesline","Bludgeon"],"picked":"Twin Strike","floor":8},{"not_picked":["Clothesline","Inflame","Infernal Blade"],"picked":"Evolve","floor":10},{"not_picked":["Heavy Blade","Fire Breathing","Sword Boomerang","Warcry"],"picked":"SKIP","floor":13},{"not_picked":["Clash","Warcry","Carnage"],"picked":"Iron Wave","floor":14},{"not_picked":["Demon Form","Berserk","Bludgeon"],"picked":"Double Tap","floor":16},{"not_picked":["Perfected Strike","Inflame","Ghostly Armor"],"picked":"Armaments+1","floor":18},{"not_picked":["Warcry","Carnage","Havoc"],"picked":"Iron Wave","floor":20},{"not_picked":["Rampage","Heavy Blade+1","Inflame"],"picked":"Anger+1","floor":22},{"not_picked":["Infernal Blade","Sword Boomerang","Reckless Charge"],"picked":"Double Tap","floor":25},{"not_picked":["Intimidate+1","Clothesline+1","Evolve","Reckless Charge"],"picked":"SKIP","floor":27}],"player_experience":33173,"relics_obtained":[{"floor":8,"key":"Question Card"},{"floor":9,"key":"Tiny Chest"},{"floor":25,"key":"Blue Candle"},{"floor":26,"key":"Matryoshka"}],"event_choices":[{"damage_healed":0,"gold_gain":0,"player_choice":"Box","damage_taken":0,"relics_obtained":["Kunai"],"max_hp_gain":0,"max_hp_loss":0,"event_name":"Big Fish","floor":2,"gold_loss":0,"cards_obtained":["Regret"]},{"damage_healed":0,"gold_gain":0,"player_choice":"Take Damage","damage_taken":18,"relics_obtained":["Golden Idol"],"max_hp_gain":0,"max_hp_loss":0,"event_name":"Golden Idol","floor":3,"gold_loss":0},{"damage_healed":0,"gold_gain":0,"player_choice":"Ignored","damage_taken":0,"max_hp_gain":0,"max_hp_loss":0,"event_name":"Liars Game","floor":7,"gold_loss":0},{"damage_healed":0,"gold_gain":0,"player_choice":"Paid Fearfully","damage_taken":0,"max_hp_gain":0,"max_hp_loss":0,"event_name":"Masked Bandits","floor":21,"gold_loss":97},{"damage_healed":0,"gold_gain":0,"player_choice":"Became a vampire","damage_taken":0,"max_hp_gain":0,"max_hp_loss":22,"event_name":"Vampires","floor":24,"gold_loss":0,"cards_obtained":["Bite","Bite","Bite","Bite","Bite"]}],"is_beta":false,"boss_relics":[{"not_picked":["Runic Cube","Mark of Pain"],"picked":"Philosopher\u0027s Stone"}],"items_purged_floors":[5,12,19],"is_endless":false,"potions_floor_spawned":[1,10,14,22],"killed_by":"Slavers","ascension_level":1}