{"gold_per_floor":[109,127,139,59,75,75,107,107,162,162,172,192,220,236,236,307,307,319,319,319,331,346,346],"floor_reached":23,"playtime":1286,"items_purged":[],"score":446,"play_id":"e3891803-919f-4b1a-b943-e6f873556331","local_time":"20180906142440","is_ascension_mode":true,"campfire_choices":[{"data":"Neutralize","floor":6.0,"key":"SMITH"},{"data":"Deadly Poison","floor":8.0,"key":"SMITH"},{"data":"Bane","floor":10.0,"key":"SMITH"},{"data":"Flying Knee","floor":15.0,"key":"SMITH"}],"neow_cost":"","seed_source_timestamp":1660398133157689,"circlet_count":0,"master_deck":["Survivor","Neutralize+1","AscendersBane","Deadly Poison+1","Bane+1","Leg Sweep","Backstab","Leg Sweep","Dagger Spray+1","Infinite Blades","Flying Knee+1","Tools of the Trade","Backflip+1","Slice","Quick Slash","PiercingWail","Poisoned Stab","Dagger Throw","Flechettes","Backflip","Bouncing Flask","Dagger Spray","Leg Sweep"],"special_seed":0,"relics":["Ring of the Snake","Ninja Scroll","Ancient Tea Set","Omamori","Whetstone","Pandora\u0027s Box"],"potions_floor_usage":[20],"damage_taken":[{"damage":1.0,"enemies":"Small Slimes","floor":1.0,"turns":4.0},{"damage":1.0,"enemies":"Cultist","floor":2.0,"turns":5.0},{"damage":1.0,"enemies":"2 Louse","floor":3.0,"turns":3.0},{"damage":0.0,"enemies":"Red Slaver","floor":5.0,"turns":4.0},{"damage":21.0,"enemies":"Gremlin Nob","floor":7.0,"turns":5.0},{"damage":0.0,"enemies":"Blue Slaver","floor":11.0,"turns":2.0},{"damage":0.0,"enemies":"2 Fungi Beasts","floor":12.0,"turns":1.0},{"damage":15.0,"enemies":"Lagavulin","floor":13.0,"turns":5.0},{"damage":0.0,"enemies":"Large Slime","floor":14.0,"turns":3.0},{"damage":0.0,"enemies":"Slime Boss","floor":16.0,"turns":8.0},{"damage":0.0,"enemies":"Chosen","floor":18.0,"turns":4.0},{"damage":0,"enemies":"Colosseum Slavers","floor":20,"turns":3},{"damage":14,"enemies":"2 Thieves","floor":21,"turns":3},{"damage":13,"enemies":"Snake Plant","floor":22,"turns":4},{"damage":33,"enemies":"Slavers","floor":23,"turns":4}],"seed_played":"1834336638070006435","potions_obtained":[{"floor":5.0,"key":"Energy Potion"},{"floor":7.0,"key":"Ancient Potion"},{"floor":11.0,"key":"Strength Potion"},{"floor":16.0,"key":"Dexterity Potion"},{"floor":22,"key":"Dexterity Potion"}],"is_trial":false,"path_per_floor":["M","M","M","?","M","R","E","R","T","R","M","M","E","M","R","B",null,"M","?","?","M","M"],"character_chosen":"THE_SILENT","items_purchased":[],"campfire_rested":0,"item_purchase_floors":[],"current_hp_per_floor":[58,57,56,56,56,56,35,35,35,35,35,35,20,20,20,20,55,55,55,55,41,28,0],"gold":346,"neow_bonus":"","is_prod":false,"is_daily":false,"chose_seed":false,"campfire_upgraded":4,"win_rate":0,"timestamp":1536236680,"path_taken":["M","M","M","?","M","R","E","R","T","R","M","M","E","?","R","BOSS","M","?","?","M","M","E"],"build_version":"2018-09-04-v2","purchased_purges":0,"victory":false,"max_hp_per_floor":[66,66,66,66,66,66,66,66,66,66,66,66,66,66,66,66,66,66,66,66,66,66,66],"card_choices":[{"not_picked":["Blade Dance","Bane"],"picked":"Deadly Poison","floor":1.0},{"not_picked":["Acrobatics","Escape Plan"],"picked":"Bane","floor":2.0},{"not_picked":["Adrenaline","Backflip"],"picked":"Leg Sweep","floor":3.0},{"not_picked":["Acrobatics","Flying Knee"],"picked":"Backstab","floor":5.0},{"not_picked":["Heel Hook","Distraction"],"picked":"Leg Sweep","floor":7.0},{"not_picked":["Deflect","Deadly Poison"],"picked":"Dagger Spray","floor":11.0},{"not_picked":["Deflect","Blade Dance"],"picked":"Infinite Blades","floor":12.0},{"not_picked":["Dagger Throw","Blade Dance"],"picked":"Flying Knee","floor":14.0},{"not_picked":["Storm of Steel","Die Die Die"],"picked":"Tools of the Trade","floor":16.0},{"not_picked":["Blade Dance","Poisoned Stab"],"picked":"Leg Sweep","floor":21}],"player_experience":1141998,"relics_obtained":[{"floor":7.0,"key":"Ancient Tea Set"},{"floor":9.0,"key":"Omamori"},{"floor":13.0,"key":"Whetstone"}],"event_choices":[{"event_name":"WeMeetAgain","player_choice":"Gold","floor":4.0,"damage_taken":0.0},{"event_name":"Upgrade Shrine","player_choice":"Upgraded","floor":19.0,"damage_taken":0.0},{"event_name":"Colosseum","player_choice":"Fight","floor":20,"damage_taken":0},{"event_name":"Colosseum","player_choice":"Fled From Nobs","floor":20,"damage_taken":0}],"is_beta":true,"boss_relics":[{"not_picked":["Lizard Tail","Eternal Feather"],"picked":"Pandora\u0027s Box"}],"items_purged_floors":[],"is_endless":false,"potions_floor_spawned":[5,7,11,16,22],"killed_by":"Slavers","ascension_level":15}