{"gold_per_floor":[117,417,433,66,85,85,95,124,124,124,124,138,13,93,93,218,218,236,236,39,58,58,101,101,145,145,145,20,38,38,63,63,161,161,176,176,186,204,13,13,13,13,13,23,35,35,135,148,148,148],"floor_reached":50,"playtime":5283,"items_purged":["Pain"],"score":538,"play_id":"29fe6971-6ca5-44ac-bd5c-3add1f582bd4","local_time":"20181123222410","is_ascension_mode":false,"campfire_choices":[{"floor":6.0,"key":"REST"},{"floor":10.0,"key":"REST"},{"floor":15.0,"key":"REST"},{"floor":24.0,"key":"REST"},{"floor":27.0,"key":"REST"},{"floor":32.0,"key":"REST"},{"data":"Bandage Up","floor":40,"key":"SMITH"},{"data":"Burst","floor":42,"key":"SMITH"},{"floor":46,"key":"REST"},{"floor":49,"key":"REST"}],"neow_cost":"NONE","seed_source_timestamp":0,"circlet_count":0,"master_deck":["Defend_G","Defend_G","Defend_G","Defend_G","Defend_G","Strike_G","Strike_G","Strike_G","Strike_G","Strike_G","Survivor","Neutralize","Burst+1","Deflect","PiercingWail","Dark Shackles","Riddle With Holes","Escape Plan","Noxious Fumes","Expertise","Bouncing Flask","Infinite Blades","Poisoned Stab","Sucker Punch","Dash","Bandage Up+1","Corpse Explosion","Injury","Clumsy","Sucker Punch+1","Writhe","Dark Shackles","Crippling Poison","Distraction+1","Distraction+1","Flechettes+1","Slice","Noxious Fumes+1","Die Die Die","Dagger Throw","Corpse Explosion","Deadly Poison+1","Deflect+1","Dodge and Roll+1","Bane","Noxious Fumes+1","Deflect+1","Blur+1","Endless Agony"],"special_seed":0,"relics":["Ring of the Snake","Old Coin","Odd Mushroom","The Specimen","Bloody Idol","Calling Bell","Ice Cream","Meat on the Bone","Centennial Puzzle","Omamori","MutagenicStrength","Frozen Egg 2","Anchor","PreservedInsect","WingedGreaves","Eternal Feather","MealTicket","Sundial","Prayer Wheel"],"potions_floor_usage":[45,47],"damage_taken":[{"damage":0.0,"enemies":"Small Slimes","floor":1.0,"turns":5.0},{"damage":4.0,"enemies":"Jaw Worm","floor":3.0,"turns":11.0},{"damage":0.0,"enemies":"2 Louse","floor":5.0,"turns":3.0},{"damage":4.0,"enemies":"2 Fungi Beasts","floor":7.0,"turns":5.0},{"damage":26.0,"enemies":"The Mushroom Lair","floor":8.0,"turns":6.0},{"damage":0.0,"enemies":"Looter","floor":12.0,"turns":4.0},{"damage":47.0,"enemies":"Hexaghost","floor":16.0,"turns":10.0},{"damage":18.0,"enemies":"3 Byrds","floor":18.0,"turns":3.0},{"damage":10.0,"enemies":"2 Thieves","floor":21.0,"turns":5.0},{"damage":37.0,"enemies":"Slavers","floor":23.0,"turns":4.0},{"damage":29.0,"enemies":"Gremlin Leader","floor":25.0,"turns":8.0},{"damage":0.0,"enemies":"Centurion and Healer","floor":29.0,"turns":5.0},{"damage":27.0,"enemies":"Slavers","floor":31.0,"turns":4.0},{"damage":79.0,"enemies":"Collector","floor":33.0,"turns":9.0},{"damage":15,"enemies":"Orb Walker","floor":35,"turns":5},{"damage":25,"enemies":"3 Darklings","floor":37,"turns":4},{"damage":12,"enemies":"Writhing Mass","floor":38,"turns":7},{"damage":30,"enemies":"Sphere and 2 Shapes","floor":44,"turns":4},{"damage":50,"enemies":"Spire Growth","floor":45,"turns":6},{"damage":24,"enemies":"Mind Bloom Boss Battle","floor":47,"turns":7},{"damage":60,"enemies":"Maw","floor":48,"turns":9},{"damage":91,"enemies":"Awakened One","floor":50,"turns":8}],"seed_played":"-2189877954638345043","potions_obtained":[{"floor":3.0,"key":"SteroidPotion"},{"floor":8.0,"key":"Poison Potion"},{"floor":21.0,"key":"FairyPotion"},{"floor":25.0,"key":"GhostInAJar"},{"floor":29.0,"key":"Strength Potion"},{"floor":31.0,"key":"Poison Potion"},{"floor":35,"key":"Energy Potion"},{"floor":37,"key":"FairyPotion"},{"floor":41,"key":"Ancient Potion"},{"floor":47,"key":"GamblersBrew"}],"is_trial":false,"path_per_floor":["M","?","M","$","M","R","M","?","T","R","?","M","$","?","R","B",null,"M","?","$","M","?","E","R","E","T","R","$","M","?","E","R","B",null,"M","$","M","M","$","R","?","R","T","M","M","R","?","M","R","B"],"character_chosen":"THE_SILENT","items_purchased":["Dark Shackles","Riddle With Holes","Escape Plan","Noxious Fumes","Expertise","Dash","Bandage Up","Dark Shackles","Crippling Poison","Slice","Noxious Fumes+1","MealTicket"],"campfire_rested":8,"item_purchase_floors":[4,4,4,4,4,13,13,20,20,28,28,39],"current_hp_per_floor":[70,58,54,54,54,70,66,40,40,61,44,44,44,44,65,22,70,52,52,52,46,46,25,46,33,33,54,54,54,54,48,69,24,70,60,60,52,49,49,70,70,70,70,45,18,66,53,24,70,0],"gold":148,"neow_bonus":"ONE_RANDOM_RARE_CARD","is_prod":false,"is_daily":false,"chose_seed":false,"campfire_upgraded":2,"win_rate":0.0,"timestamp":1542992050,"path_taken":["M","?","M","$","M","R","M","?","T","R","?","M","$","?","R","BOSS","M","?","$","M","?","E","R","E","T","R","$","M","?","E","R","BOSS","M","$","M","M","$","R","?","R","T","?","?","R","?","M","R","BOSS"],"build_version":"2018-11-15","purchased_purges":1,"victory":false,"max_hp_per_floor":[70,70,70,70,70,70,70,70,70,70,70,70,70,70,70,70,70,70,70,70,70,70,70,70,70,70,70,70,70,70,70,70,70,70,70,70,70,70,70,70,70,70,70,70,70,70,70,70,70,70],"card_choices":[{"not_picked":["Blade Dance","Dagger Throw"],"picked":"Deflect","floor":1.0},{"not_picked":["Backflip","Finisher"],"picked":"PiercingWail","floor":3.0},{"not_picked":["Quick Slash","Flying Knee"],"picked":"Bouncing Flask","floor":5.0},{"not_picked":["Blade Dance","Masterful Stab"],"picked":"Infinite Blades","floor":7.0},{"not_picked":["Dagger Spray","Crippling Poison"],"picked":"Poisoned Stab","floor":8.0},{"not_picked":["Dagger Throw","Acrobatics"],"picked":"Sucker Punch","floor":12.0},{"not_picked":["Doppelganger","After Image"],"picked":"Corpse Explosion","floor":16.0},{"not_picked":["Skewer+1","Acrobatics"],"picked":"Sucker Punch+1","floor":18.0},{"not_picked":["Flying Knee","Acrobatics"],"picked":"Distraction+1","floor":21.0},{"not_picked":["Dagger Throw","PiercingWail"],"picked":"Distraction+1","floor":23.0},{"not_picked":["Reflex","Flying Knee"],"picked":"Flechettes+1","floor":25.0},{"not_picked":["Deadly Poison+1","PiercingWail"],"picked":"Die Die Die","floor":29.0},{"not_picked":["Backflip","Doppelganger"],"picked":"Dagger Throw","floor":31.0},{"not_picked":["Burst","Venomology"],"picked":"Corpse Explosion","floor":33.0},{"not_picked":["Finisher+1","Blade Dance"],"picked":"Deadly Poison+1","floor":35},{"not_picked":["Flechettes+1","Blade Dance"],"picked":"Deflect+1","floor":37},{"not_picked":["Sucker Punch","Quick Slash"],"picked":"Dodge and Roll+1","floor":38},{"not_picked":["Acrobatics+1","Malaise"],"picked":"Bane","floor":44},{"not_picked":["Tactician","Sucker Punch+1"],"picked":"Noxious Fumes+1","floor":45},{"not_picked":["Calculated Gamble+1","Quick Slash"],"picked":"Deflect+1","floor":47},{"not_picked":["Flying Knee+1","Blade Dance"],"picked":"Blur+1","floor":48},{"not_picked":["Noxious Fumes+1","Blade Dance+1"],"picked":"Endless Agony","floor":48}],"player_experience":45602,"relics_obtained":[{"floor":8.0,"key":"Odd Mushroom"},{"floor":9.0,"key":"The Specimen"},{"floor":17.0,"key":"Ice Cream"},{"floor":17.0,"key":"Meat on the Bone"},{"floor":17.0,"key":"Centennial Puzzle"},{"floor":23.0,"key":"Frozen Egg 2"},{"floor":25.0,"key":"Anchor"},{"floor":26.0,"key":"PreservedInsect"},{"floor":31.0,"key":"WingedGreaves"},{"floor":43,"key":"Sundial"},{"floor":47,"key":"Prayer Wheel"}],"event_choices":[{"damage_healed":0.0,"max_hp_gain":0.0,"max_hp_loss":0.0,"gold_gain":0.0,"event_name":"Scrap Ooze","player_choice":"Success","floor":2.0,"gold_loss":0.0,"damage_taken":12.0,"relics_obtained":["Old Coin"]},{"damage_healed":0.0,"max_hp_gain":0.0,"max_hp_loss":0.0,"gold_gain":0.0,"event_name":"Mushrooms","player_choice":"Fought Mushrooms","floor":8.0,"gold_loss":0.0,"damage_taken":0.0},{"damage_healed":0.0,"max_hp_gain":0.0,"max_hp_loss":0.0,"gold_gain":0.0,"event_name":"Golden Idol","player_choice":"Take Damage","floor":11.0,"gold_loss":0.0,"damage_taken":17.0,"relics_obtained":["Golden Idol"]},{"damage_healed":0.0,"max_hp_gain":0.0,"max_hp_loss":0.0,"gold_gain":80.0,"event_name":"Golden Wing","player_choice":"Gained Gold","floor":14.0,"gold_loss":0.0,"damage_taken":0.0},{"damage_healed":0.0,"max_hp_gain":0.0,"max_hp_loss":0.0,"gold_gain":0.0,"event_name":"The Mausoleum","player_choice":"Opened","floor":19.0,"gold_loss":0.0,"damage_taken":0.0,"relics_obtained":["Omamori"],"cards_obtained":["Writhe"]},{"damage_healed":0.0,"max_hp_gain":0.0,"max_hp_loss":0.0,"gold_gain":0.0,"event_name":"Drug Dealer","player_choice":"Inject Mutagens","floor":22.0,"gold_loss":0.0,"damage_taken":0.0,"relics_obtained":["MutagenicStrength"]},{"damage_healed":0.0,"max_hp_gain":0.0,"max_hp_loss":0.0,"gold_gain":0.0,"event_name":"Forgotten Altar","player_choice":"Gave Idol","floor":30.0,"relics_lost":["Golden Idol"],"gold_loss":0.0,"damage_taken":0.0,"relics_obtained":["Bloody Idol"]},{"damage_healed":0,"gold_gain":0,"player_choice":"Got Potions","damage_taken":0,"max_hp_gain":0,"max_hp_loss":0,"event_name":"Lab","floor":41,"gold_loss":0},{"damage_healed":0,"gold_gain":0,"player_choice":"Fight","damage_taken":0,"max_hp_gain":0,"max_hp_loss":0,"event_name":"MindBloom","floor":47,"gold_loss":0}],"is_beta":false,"boss_relics":[{"not_picked":["Empty Cage","HoveringKite"],"picked":"Calling Bell"},{"not_picked":["Orrery","Sozu"],"picked":"Eternal Feather"}],"items_purged_floors":[20],"is_endless":false,"potions_floor_spawned":[3,8,21,25,29,31,35,37,44,47],"killed_by":"Awakened One","ascension_level":0}