{"gold_per_floor":[118,137,137,22,97,97,132,148,148,148,166,66,95,95,95,95],"floor_reached":16,"playtime":1026,"items_purged":["Strike_R","Strike_R"],"score":108,"play_id":"2b35b760-0cc1-46ba-8305-8de5936fdc4d","local_time":"20190217000350","is_ascension_mode":false,"campfire_choices":[{"data":"Whirlwind","floor":6,"key":"SMITH"},{"floor":10,"key":"REST"},{"data":"Bash","floor":15,"key":"SMITH"}],"neow_cost":"NONE","seed_source_timestamp":186455057669481,"circlet_count":0,"master_deck":["Strike_R","Strike_R","Strike_R","Defend_R","Defend_R","Defend_R","Bash+1","Cleave","Cleave","Whirlwind+1","Ghostly Armor","Pommel Strike","Pommel Strike","Thunderclap"],"relics":["Burning Blood","Ornamental Fan","Potion Belt","Du-Vu Doll"],"potions_floor_usage":[7,13],"damage_taken":[{"damage":7,"enemies":"Small Slimes","floor":1,"turns":3},{"damage":7,"enemies":"Jaw Worm","floor":2,"turns":5},{"damage":41,"enemies":"Lagavulin","floor":7,"turns":8},{"damage":0,"enemies":"2 Louse","floor":8,"turns":2},{"damage":0,"enemies":"2 Fungi Beasts","floor":11,"turns":3},{"damage":13,"enemies":"3 Sentries","floor":13,"turns":4},{"damage":65,"enemies":"Hexaghost","floor":16,"turns":9}],"seed_played":"-1353456248635140853","potions_obtained":[{"floor":2,"key":"SpeedPotion"},{"floor":8,"key":"SpeedPotion"}],"is_trial":false,"path_per_floor":["M","M","?","$","?","R","E","M","T","R","M","$","E","$","R","B"],"character_chosen":"IRONCLAD","items_purchased":["Whirlwind"],"campfire_rested":1,"item_purchase_floors":[4],"current_hp_per_floor":[87,86,79,79,68,68,33,39,39,65,71,71,64,64,64,0],"gold":95,"neow_bonus":"TEN_PERCENT_HP_BONUS","is_prod":false,"is_daily":false,"chose_seed":false,"campfire_upgraded":2,"win_rate":0.0,"timestamp":1550390630,"path_taken":["M","M","?","$","?","R","E","M","T","R","M","$","E","?","R","BOSS"],"build_version":"2019-01-23","purchased_purges":2,"victory":false,"max_hp_per_floor":[88,88,88,88,88,88,88,88,88,88,88,88,88,88,88,88],"card_choices":[{"not_picked":["Entrench","Dual Wield"],"picked":"Cleave","floor":1},{"not_picked":["Wild Strike","Carnage"],"picked":"Cleave","floor":2},{"not_picked":["Clash","Perfected Strike"],"picked":"Ghostly Armor","floor":7},{"not_picked":["Armaments","Whirlwind"],"picked":"Pommel Strike","floor":8},{"not_picked":["True Grit","Wild Strike"],"picked":"Pommel Strike","floor":11},{"not_picked":["Twin Strike","Clothesline"],"picked":"Thunderclap","floor":13}],"player_experience":46124,"relics_obtained":[{"floor":7,"key":"Ornamental Fan"},{"floor":9,"key":"Potion Belt"},{"floor":13,"key":"Du-Vu Doll"}],"event_choices":[{"cards_removed":["Defend_R"],"damage_healed":0,"gold_gain":0,"player_choice":"Card Removal","damage_taken":7,"max_hp_gain":0,"max_hp_loss":0,"event_name":"Golden Wing","floor":3,"gold_loss":0},{"damage_healed":0,"gold_gain":75,"player_choice":"Gather Gold","damage_taken":11,"max_hp_gain":0,"max_hp_loss":0,"event_name":"World of Goop","floor":5,"gold_loss":0}],"is_beta":false,"boss_relics":[],"items_purged_floors":[4,12],"is_endless":false,"potions_floor_spawned":[2,8],"killed_by":"Hexaghost","ascension_level":0}