{"gold_per_floor":[209,221,221,72,72,100,119,154,154,154],"floor_reached":10,"playtime":1247,"items_purged":[],"score":84,"play_id":"a7b1c272-c9f0-4afe-96cb-d5cca0d91de0","local_time":"20181121124033","is_ascension_mode":true,"campfire_choices":[],"neow_cost":"NONE","seed_source_timestamp":598024137555303,"circlet_count":0,"master_deck":["Defend_G","Defend_G","Defend_G","Defend_G","Defend_G","Strike_G","Strike_G","Strike_G","Strike_G","Survivor","Neutralize+1","Acrobatics","Deadly Poison","Infinite Blades","Tactician","Dodge and Roll"],"relics":["Ring of the Snake","Pen Nib","Centennial Puzzle","StoneCalendar","Question Card"],"potions_floor_usage":[10],"damage_taken":[{"damage":0,"enemies":"Cultist","floor":1,"turns":4},{"damage":1,"enemies":"Small Slimes","floor":2,"turns":4},{"damage":10,"enemies":"Lagavulin","floor":6,"turns":9},{"damage":0,"enemies":"Jaw Worm","floor":7,"turns":4},{"damage":35,"enemies":"Gremlin Nob","floor":8,"turns":6},{"damage":25,"enemies":"Gremlin Gang","floor":10,"turns":3}],"seed_played":"3627308850948149901","potions_obtained":[{"floor":1,"key":"Dexterity Potion"},{"floor":6,"key":"SpeedPotion"},{"floor":7,"key":"FearPotion"}],"is_trial":false,"path_per_floor":["M","M","?","$","?","E","M","E","T","M"],"character_chosen":"THE_SILENT","items_purchased":["Pen Nib"],"campfire_rested":0,"item_purchase_floors":[4],"current_hp_per_floor":[70,69,69,69,62,52,52,17,17,0],"gold":154,"neow_bonus":"HUNDRED_GOLD","is_prod":false,"is_daily":false,"chose_seed":false,"campfire_upgraded":0,"win_rate":0,"timestamp":1542822033,"path_taken":["M","?","?","$","?","E","M","E","T","M"],"build_version":"2018-11-15","purchased_purges":0,"victory":false,"max_hp_per_floor":[70,70,70,70,70,70,70,70,70,70],"card_choices":[{"not_picked":["Catalyst","Bane"],"picked":"Acrobatics","floor":1},{"not_picked":["Bane","Poisoned Stab"],"picked":"Deadly Poison","floor":2},{"not_picked":["Bullet Time","Reflex"],"picked":"Infinite Blades","floor":6},{"not_picked":["Underhanded Strike","Heel Hook"],"picked":"Tactician","floor":7},{"not_picked":["Slice","Quick Slash"],"picked":"Dodge and Roll","floor":8}],"player_experience":127736,"relics_obtained":[{"floor":6,"key":"Centennial Puzzle"},{"floor":8,"key":"StoneCalendar"},{"floor":9,"key":"Question Card"}],"event_choices":[{"damage_healed":0,"gold_gain":0,"player_choice":"Grow","damage_taken":0,"max_hp_gain":0,"max_hp_loss":0,"event_name":"Living Wall","floor":3,"gold_loss":0,"cards_upgraded":["Neutralize"]},{"cards_removed":["Strike_G"],"damage_healed":0,"gold_gain":0,"player_choice":"Card Removal","damage_taken":7,"max_hp_gain":0,"max_hp_loss":0,"event_name":"Golden Wing","floor":5,"gold_loss":0}],"is_beta":false,"boss_relics":[],"items_purged_floors":[],"is_endless":false,"potions_floor_spawned":[1,6,7],"killed_by":"Gremlin Gang","ascension_level":2}