{"gold_per_floor":[112,112,128,140,140,172,172,26,26,26,26,36,70,84,84,189,189,199,44,44,42,58,90,107,107,107,140,153,180,191,204,204,303,303,318,335,345,16,31,31,31,31,82,194,206,247,259,287,299,311,323,335,14,47,47],"floor_reached":56,"playtime":7896,"items_purged":["Strike_G","Injury"],"score":1543,"play_id":"98ffd999-4619-4292-b34f-1f79ba8fd531","local_time":"20190505181402","is_ascension_mode":true,"campfire_choices":[{"data":"Neutralize","floor":7,"key":"SMITH"},{"data":"Footwork","floor":10,"key":"SMITH"},{"data":"Noxious Fumes","floor":15,"key":"SMITH"},{"floor":25,"key":"RECALL"},{"data":"Burst","floor":32,"key":"SMITH"},{"data":"Catalyst","floor":40,"key":"SMITH"},{"data":"Secret Technique","floor":42,"key":"SMITH"},{"data":"Leg Sweep","floor":45,"key":"SMITH"},{"data":"Accuracy","floor":49,"key":"SMITH"},{"data":"Noxious Fumes","floor":52,"key":"SMITH"}],"neow_cost":"NONE","seed_source_timestamp":4067589951898131,"circlet_count":0,"master_deck":["Defend_G+1","Defend_G+1","Defend_G+1","Defend_G+1","Defend_G+1","Strike_G+1","Strike_G+1","Strike_G+1","Survivor","Neutralize+1","Well Laid Plans","Noxious Fumes+1","Terror","Unload+1","Footwork+1","Leg Sweep+1","Escape Plan","Backstab+1","Dodge and Roll","Burst+1","Acrobatics","Backflip","Backflip","Infinite Blades+1","Cloak And Dagger","Noxious Fumes","Skewer+1","Crippling Poison","Dash+1","Dodge and Roll+1","PiercingWail+1","Caltrops","Backflip","Bullet Time","Escape Plan+1","Acrobatics+1","Backflip+1","Prepared+1","Blur+1","Infinite Blades+1","Noxious Fumes+1","Catalyst+1","Discovery","Secret Technique+1","Madness","Doubt","PiercingWail+1","Footwork+1","Accuracy+1","Infinite Blades","Footwork","Dash+1"],"relics":["Eternal Feather","Bird Faced Urn","Matryoshka","Prayer Wheel","Cursed Key","Bag of Preparation","Molten Egg 2","Juzu Bracelet","The Specimen","Mercury Hourglass","Unceasing Top","Coffee Dripper","Chemical X","MawBank","Gremlin Horn","Kunai","Whetstone"],"potions_floor_usage":[16,18,23,27,33,46,50,54,55,55],"damage_taken":[{"damage":0,"enemies":"2 Louse","floor":1,"turns":3},{"damage":1,"enemies":"Cultist","floor":3,"turns":4},{"damage":2,"enemies":"Jaw Worm","floor":4,"turns":5},{"damage":33,"enemies":"3 Sentries","floor":6,"turns":10},{"damage":0,"enemies":"Looter","floor":12,"turns":4},{"damage":2,"enemies":"Lagavulin","floor":13,"turns":9},{"damage":1,"enemies":"Exordium Wildlife","floor":14,"turns":5},{"damage":0,"enemies":"The Guardian","floor":16,"turns":11},{"damage":7,"enemies":"Shell Parasite","floor":18,"turns":7},{"damage":6,"enemies":"2 Thieves","floor":21,"turns":4},{"damage":2,"enemies":"Shelled Parasite and Fungi","floor":22,"turns":7},{"damage":15,"enemies":"Slavers","floor":23,"turns":8},{"damage":0,"enemies":"Snecko","floor":24,"turns":7},{"damage":11,"enemies":"Book of Stabbing","floor":27,"turns":6},{"damage":2,"enemies":"3 Cultists","floor":28,"turns":5},{"damage":3,"enemies":"Gremlin Leader","floor":29,"turns":6},{"damage":0,"enemies":"Cultist and Chosen","floor":30,"turns":8},{"damage":24,"enemies":"Snake Plant","floor":31,"turns":4},{"damage":8,"enemies":"Collector","floor":33,"turns":8},{"damage":12,"enemies":"Orb Walker","floor":35,"turns":4},{"damage":0,"enemies":"3 Shapes","floor":36,"turns":5},{"damage":27,"enemies":"Writhing Mass","floor":37,"turns":7},{"damage":2,"enemies":"Maw","floor":39,"turns":7},{"damage":1,"enemies":"Reptomancer","floor":46,"turns":8},{"damage":13,"enemies":"Spire Growth","floor":48,"turns":5},{"damage":41,"enemies":"Awakened One","floor":50,"turns":10},{"damage":42,"enemies":"Shield and Spear","floor":54,"turns":7},{"damage":69,"enemies":"The Heart","floor":55,"turns":13}],"seed_played":"-4917597486754884632","potions_obtained":[{"floor":1,"key":"Ancient Potion"},{"floor":3,"key":"EssenceOfSteel"},{"floor":13,"key":"LiquidBronze"},{"floor":16,"key":"AttackPotion"},{"floor":18,"key":"Fruit Juice"},{"floor":22,"key":"SkillPotion"},{"floor":24,"key":"Fire Potion"},{"floor":27,"key":"GamblersBrew"},{"floor":31,"key":"Block Potion"},{"floor":39,"key":"Strength Potion"},{"floor":46,"key":"EssenceOfSteel"},{"floor":54,"key":"Regen Potion"}],"is_trial":false,"path_per_floor":["?","M","?","$","?","?","?","?"],"character_chosen":"THE_SILENT","items_purchased":["Footwork","Bag of Preparation","Noxious Fumes","Chemical X","Kunai","Footwork"],"campfire_rested":0,"item_purchase_floors":[8,19,38,38,53,53],"current_hp_per_floor":[70,70,69,67,67,34,43,43,43,52,52,54,58,63,70,70,70,72,72,72,72,73,66,72,75,75,68,72,75,75,59,75,69,74,67,75,54,54,68,75,65,75,75,75,75,75,75,70,75,52,69,75,75,53,23],"gold":47,"neow_bonus":"BOSS_RELIC","is_prod":false,"is_daily":false,"chose_seed":false,"campfire_upgraded":9,"win_rate":0,"timestamp":1557094442,"path_taken":["M","?","M","?","?","E","R","$","T","R","?","M","E","M","R","BOSS","M","$","?","M","M","E","M","R","T","E","M","E","M","M","R","BOSS","M","M","M","$","M","R","?","R","T","?","R","E","?","M","R","BOSS","R","$","E","BOSS"],"build_version":"2019-01-23","purchased_purges":2,"victory":true,"max_hp_per_floor":[70,70,70,70,70,70,70,70,70,70,70,70,70,70,70,70,70,75,75,75,75,75,75,75,75,75,75,75,75,75,75,75,75,75,75,75,75,75,75,75,75,75,75,75,75,75,75,75,75,75,75,75,75,75,75],"card_choices":[{"not_picked":["PiercingWail","Cloak And Dagger"],"picked":"Well Laid Plans","floor":1},{"not_picked":["Cloak And Dagger","Backstab"],"picked":"Noxious Fumes","floor":3},{"not_picked":["Outmaneuver","Deflect"],"picked":"Terror","floor":4},{"not_picked":["Dagger Throw","Flechettes"],"picked":"Unload","floor":6},{"not_picked":["Underhanded Strike","Bane"],"picked":"Leg Sweep","floor":12},{"not_picked":["Heel Hook","All Out Attack"],"picked":"Escape Plan","floor":13},{"not_picked":["Riddle With Holes","Flying Knee"],"picked":"Backstab","floor":14},{"not_picked":["Masterful Stab","Calculated Gamble"],"picked":"Dodge and Roll","floor":14},{"not_picked":["Night Terror","Venomology"],"picked":"Burst","floor":16},{"not_picked":["Dagger Throw","Sucker Punch"],"picked":"Acrobatics","floor":18},{"not_picked":["Underhanded Strike+1","Dagger Throw+1","Prepared"],"picked":"SKIP","floor":18},{"not_picked":["Setup+1","Bullet Time"],"picked":"Backflip","floor":21},{"not_picked":["Slice","Riddle With Holes+1","Eviscerate+1"],"picked":"SKIP","floor":21},{"not_picked":["Cloak And Dagger","Slice"],"picked":"Backflip","floor":22},{"not_picked":["Poisoned Stab","Riddle With Holes"],"picked":"Infinite Blades+1","floor":22},{"not_picked":["Dagger Throw","Predator"],"picked":"Cloak And Dagger","floor":23},{"not_picked":["Riddle With Holes+1","Deadly Poison+1"],"picked":"Noxious Fumes","floor":24},{"not_picked":["Blade Dance","Distraction"],"picked":"Skewer+1","floor":24},{"not_picked":["Sucker Punch+1","Deadly Poison"],"picked":"Crippling Poison","floor":27},{"not_picked":["Crippling Poison","Envenom"],"picked":"Dash+1","floor":28},{"not_picked":["Sucker Punch+1","Blade Dance"],"picked":"Dodge and Roll+1","floor":28},{"not_picked":["Poisoned Stab+1","Prepared"],"picked":"PiercingWail+1","floor":29},{"not_picked":["All Out Attack+1","Flying Knee+1"],"picked":"Caltrops","floor":30},{"not_picked":["Flying Knee+1","PiercingWail","Masterful Stab+1"],"picked":"SKIP","floor":30},{"not_picked":["Deflect","Well Laid Plans"],"picked":"Backflip","floor":31},{"not_picked":["Acrobatics","Underhanded Strike+1","Quick Slash+1"],"picked":"SKIP","floor":31},{"not_picked":["Grand Finale+1","Storm of Steel"],"picked":"Bullet Time","floor":33},{"not_picked":["Backflip","Cloak And Dagger"],"picked":"Escape Plan+1","floor":35},{"not_picked":["Dagger Spray+1","Prepared"],"picked":"Acrobatics+1","floor":35},{"not_picked":["Outmaneuver","PiercingWail"],"picked":"Backflip+1","floor":36},{"not_picked":["Backflip","Flying Knee+1"],"picked":"Prepared+1","floor":36},{"not_picked":["Terror+1","Dagger Spray+1"],"picked":"Blur+1","floor":37},{"not_picked":["Bane+1","Expertise+1"],"picked":"Infinite Blades+1","floor":37},{"not_picked":["Setup","Outmaneuver+1"],"picked":"Catalyst","floor":39},{"not_picked":["Flying Knee+1","Prepared","Blade Dance"],"picked":"SKIP","floor":39},{"not_picked":["Swift Strike+1","Forethought"],"picked":"Discovery","floor":41},{"not_picked":["Bandage Up","Chrysalis"],"picked":"Secret Technique","floor":41},{"not_picked":["Jack Of All Trades","Dark Shackles"],"picked":"Madness","floor":41},{"not_picked":["Heel Hook+1","Deflect"],"picked":"PiercingWail+1","floor":46},{"not_picked":["Sucker Punch+1","Poisoned Stab+1"],"picked":"Accuracy","floor":48},{"not_picked":["Escape Plan+1","Deadly Poison+1"],"picked":"Infinite Blades","floor":48},{"not_picked":["Backstab+1","Bouncing Flask"],"picked":"Dash+1","floor":54}],"player_experience":254403,"relics_obtained":[{"floor":6,"key":"Bird Faced Urn"},{"floor":9,"key":"Matryoshka"},{"floor":13,"key":"Prayer Wheel"},{"floor":23,"key":"Molten Egg 2"},{"floor":26,"key":"Juzu Bracelet"},{"floor":26,"key":"The Specimen"},{"floor":27,"key":"Mercury Hourglass"},{"floor":29,"key":"Unceasing Top"},{"floor":43,"key":"MawBank"},{"floor":46,"key":"Gremlin Horn"},{"floor":54,"key":"Whetstone"}],"event_choices":[{"damage_healed":0,"gold_gain":0,"player_choice":"Bought 0 Potions","damage_taken":0,"max_hp_gain":0,"max_hp_loss":0,"event_name":"The Woman in Blue","floor":2,"gold_loss":0},{"cards_removed":["Strike_G"],"damage_healed":0,"gold_gain":0,"player_choice":"Offered Basic","damage_taken":0,"max_hp_gain":0,"max_hp_loss":0,"event_name":"Bonfire Elementals","floor":5,"gold_loss":0},{"damage_healed":0,"gold_gain":0,"player_choice":"Simplicity","damage_taken":0,"max_hp_gain":0,"max_hp_loss":0,"event_name":"Back to Basics","floor":20,"gold_loss":0,"cards_upgraded":["Defend_G","Defend_G","Defend_G","Defend_G","Defend_G","Strike_G","Strike_G","Strike_G"]},{"damage_healed":0,"gold_gain":0,"player_choice":"Memory 3","damage_taken":10,"max_hp_gain":0,"max_hp_loss":0,"event_name":"SensoryStone","floor":41,"gold_loss":0},{"damage_healed":0,"gold_gain":100,"player_choice":"Pray","damage_taken":0,"max_hp_gain":0,"max_hp_loss":0,"event_name":"Golden Shrine","floor":44,"gold_loss":0},{"damage_healed":0,"gold_gain":0,"player_choice":"Copied","damage_taken":0,"max_hp_gain":0,"max_hp_loss":0,"event_name":"Duplicator","floor":47,"gold_loss":0,"cards_obtained":["Footwork"]}],"is_beta":false,"boss_relics":[{"not_picked":["Pandora\u0027s Box","HoveringKite"],"picked":"Cursed Key"},{"not_picked":["Orrery","White Beast Statue"],"picked":"Coffee Dripper"}],"items_purged_floors":[8,38],"is_endless":false,"potions_floor_spawned":[1,3,13,16,18,22,24,27,30,31,39,46,54],"ascension_level":5}