{"gold_per_floor":[114,114,124,139,214,243,263,263,263,273,283,317,317,332,332,431,431,443,460,375,388,388,388,388,388],"floor_reached":25,"playtime":2674,"items_purged":[],"score":217,"play_id":"7862ae16-f676-4463-8486-12b0dd08a841","local_time":"20190517041137","is_ascension_mode":false,"campfire_choices":[{"floor":8,"key":"REST"},{"floor":13,"key":"REST"},{"data":"Demon Form","floor":15,"key":"SMITH"},{"floor":23,"key":"REST"}],"neow_cost":"NONE","seed_source_timestamp":61144824052244,"circlet_count":0,"master_deck":["Strike_R+1","Strike_R+1","Strike_R+1","Strike_R+1","Strike_R+1","Defend_R+1","Defend_R+1","Defend_R+1","Defend_R+1","Bash","Cleave","Iron Wave","Cleave","Whirlwind","Flame Barrier","Demon Form+1","Flex","Offering","Cleave","Warcry","Armaments"],"relics":["Burning Blood","Blood Vial","Mango","Ancient Tea Set","Orrery","Bird Faced Urn"],"potions_floor_usage":[6,12,12,12,16,24],"damage_taken":[{"damage":0,"enemies":"2 Louse","floor":1,"turns":2},{"damage":10,"enemies":"Small Slimes","floor":3,"turns":4},{"damage":6,"enemies":"Jaw Worm","floor":4,"turns":4},{"damage":75,"enemies":"Lagavulin","floor":6,"turns":11},{"damage":3,"enemies":"3 Louse","floor":7,"turns":3},{"damage":5,"enemies":"Looter","floor":10,"turns":3},{"damage":18,"enemies":"Large Slime","floor":11,"turns":7},{"damage":9,"enemies":"3 Sentries","floor":12,"turns":4},{"damage":0,"enemies":"2 Fungi Beasts","floor":14,"turns":2},{"damage":54,"enemies":"Hexaghost","floor":16,"turns":9},{"damage":26,"enemies":"Shell Parasite","floor":18,"turns":6},{"damage":14,"enemies":"Chosen","floor":19,"turns":5},{"damage":59,"enemies":"Snecko","floor":21,"turns":7},{"damage":8,"enemies":"Centurion and Healer","floor":24,"turns":4},{"damage":36,"enemies":"Colosseum Slavers","floor":25,"turns":5},{"damage":28,"enemies":"Colosseum Nobs","floor":25,"turns":3}],"seed_played":"2327738509328182041","potions_obtained":[{"floor":4,"key":"Regen Potion"},{"floor":7,"key":"Regen Potion"},{"floor":10,"key":"PowerPotion"},{"floor":11,"key":"LiquidBronze"},{"floor":14,"key":"EssenceOfSteel"},{"floor":18,"key":"SmokeBomb"}],"is_trial":false,"path_per_floor":["M","?","M","M","?","E","M","R","T","M","M","E","R","M","R","B",null,"M","M","?","M","?","R","M","?"],"character_chosen":"IRONCLAD","items_purchased":[],"campfire_rested":3,"item_purchase_floors":[],"current_hp_per_floor":[80,73,71,73,62,24,29,57,57,60,50,63,91,94,94,46,94,74,68,68,19,19,47,47,0],"gold":388,"neow_bonus":"UPGRADE_CARD","is_prod":false,"is_daily":false,"chose_seed":false,"campfire_upgraded":1,"win_rate":0,"timestamp":1558077097,"path_taken":["M","?","M","M","?","E","M","R","T","M","M","E","R","M","R","BOSS","M","M","?","M","?","R","M","?"],"build_version":"2019-01-23","purchased_purges":0,"victory":false,"max_hp_per_floor":[80,80,80,80,80,94,94,94,94,94,94,94,94,94,94,94,94,94,94,94,94,94,94,94,94],"card_choices":[{"not_picked":["Clothesline","Anger","Wild Strike"],"picked":"SKIP","floor":1},{"not_picked":["Twin Strike","Second Wind"],"picked":"Cleave","floor":3},{"not_picked":["Warcry","Sever Soul"],"picked":"Iron Wave","floor":4},{"not_picked":["Twin Strike","Evolve"],"picked":"Cleave","floor":6},{"not_picked":["Clothesline","Offering","Perfected Strike"],"picked":"SKIP","floor":7},{"not_picked":["Headbutt","True Grit"],"picked":"Whirlwind","floor":10},{"not_picked":["Clash","Hemokinesis"],"picked":"Flame Barrier","floor":11},{"not_picked":["Havoc","Sever Soul"],"picked":"Demon Form","floor":12},{"not_picked":["Anger","Clash"],"picked":"Flex","floor":14},{"not_picked":["Fiend Fire","Double Tap"],"picked":"Offering","floor":16},{"not_picked":["Feel No Pain","Headbutt"],"picked":"Cleave","floor":17},{"not_picked":["Iron Wave","Pommel Strike"],"picked":"Warcry","floor":18},{"not_picked":["Carnage+1","Pommel Strike"],"picked":"Armaments","floor":19},{"not_picked":["Havoc","Feel No Pain","Brutality"],"picked":"SKIP","floor":21}],"player_experience":92132,"relics_obtained":[{"floor":6,"key":"Mango"},{"floor":12,"key":"Ancient Tea Set"}],"event_choices":[{"damage_healed":0,"gold_gain":0,"player_choice":"Success","damage_taken":7,"relics_obtained":["Blood Vial"],"max_hp_gain":0,"max_hp_loss":0,"event_name":"Scrap Ooze","floor":2,"gold_loss":0},{"damage_healed":0,"gold_gain":75,"player_choice":"Gather Gold","damage_taken":11,"max_hp_gain":0,"max_hp_loss":0,"event_name":"World of Goop","floor":5,"gold_loss":0},{"damage_healed":0,"gold_gain":0,"player_choice":"Obtained Relic","damage_taken":0,"relics_obtained":["Bird Faced Urn"],"max_hp_gain":0,"max_hp_loss":0,"event_name":"Addict","floor":20,"gold_loss":85},{"damage_healed":0,"gold_gain":0,"player_choice":"Simplicity","damage_taken":0,"max_hp_gain":0,"max_hp_loss":0,"event_name":"Back to Basics","floor":22,"gold_loss":0,"cards_upgraded":["Strike_R","Strike_R","Strike_R","Strike_R","Defend_R","Defend_R","Defend_R","Defend_R"]},{"damage_healed":0,"gold_gain":0,"player_choice":"Fight","damage_taken":0,"max_hp_gain":0,"max_hp_loss":0,"event_name":"Colosseum","floor":25,"gold_loss":0},{"damage_healed":0,"gold_gain":0,"player_choice":"Fought Nobs","damage_taken":0,"max_hp_gain":0,"max_hp_loss":0,"event_name":"Colosseum","floor":25,"gold_loss":0}],"is_beta":false,"boss_relics":[{"not_picked":["Calling Bell","Cursed Key"],"picked":"Orrery"}],"items_purged_floors":[],"is_endless":false,"potions_floor_spawned":[4,7,10,11,14,18,25],"killed_by":"Colosseum Nobs","ascension_level":0}