{"gold_per_floor":[20,20,20,20,39,39,50,50,73,106,131,148,210,236,236,310,310,310,310,38,38,38,38,38,38,38,38,38,38,38,38,38,38],"floor_reached":33,"playtime":1248,"items_purged":["Strike_R"],"score":478,"play_id":"b0712b8f-e686-4931-afa0-ad4fd6488b4f","local_time":"20180821150527","is_ascension_mode":true,"campfire_choices":[{"data":"Bludgeon","floor":6,"key":"SMITH"},{"data":"True Grit","floor":15,"key":"SMITH"},{"data":"Berserk","floor":23,"key":"SMITH"},{"data":"Inflame","floor":27,"key":"SMITH"},{"data":"Shockwave","floor":30,"key":"SMITH"},{"floor":32,"key":"REST"}],"neow_cost":"NO_GOLD","seed_source_timestamp":280461408290041,"circlet_count":0,"master_deck":["Strike_R","Strike_R","Defend_R","Defend_R","Defend_R","Defend_R","Bash+1","AscendersBane","Dropkick","Bludgeon+1","True Grit+1","Sentinel","Wild Strike","Feel No Pain","Berserk+1","Shrug It Off","Inflame+1","Ghostly Armor","Shockwave+1","Evolve","Dropkick"],"relics":["Burning Blood","Strawberry","Pen Nib","Boot","Orichalcum","Potion Belt","Bronze Scales","Ectoplasm","Blood Vial","Shuriken","MawBank"],"potions_floor_usage":[10,16,16,22,25,25,25,25,28,28,33],"damage_taken":[{"damage":2,"enemies":"Jaw Worm","floor":1,"turns":3},{"damage":5,"enemies":"Small Slimes","floor":5,"turns":3},{"damage":0,"enemies":"Cultist","floor":7,"turns":3},{"damage":23,"enemies":"Lagavulin","floor":10,"turns":5},{"damage":5,"enemies":"3 Louse","floor":12,"turns":4},{"damage":2,"enemies":"Gremlin Nob","floor":13,"turns":3},{"damage":10,"enemies":"Gremlin Nob","floor":14,"turns":3},{"damage":23,"enemies":"The Guardian","floor":16,"turns":10},{"damage":6,"enemies":"Spheric Guardian","floor":18,"turns":3},{"damage":0,"enemies":"2 Thieves","floor":22,"turns":1},{"damage":46,"enemies":"Slavers","floor":25,"turns":7},{"damage":3,"enemies":"Centurion and Healer","floor":28,"turns":4},{"damage":31,"enemies":"Shelled Parasite and Fungi","floor":29,"turns":5},{"damage":14,"enemies":"Snake Plant","floor":31,"turns":4},{"damage":60,"enemies":"Collector","floor":33,"turns":7}],"seed_played":"-2565271887437641782","potions_obtained":[{"floor":5,"key":"Energy Potion"},{"floor":7,"key":"Poison Potion"},{"floor":12,"key":"Explosive Potion"},{"floor":13,"key":"EntropicBrew"},{"floor":14,"key":"Ancient Potion"},{"floor":18,"key":"SmokeBomb"},{"floor":25,"key":"Swift Potion"},{"floor":29,"key":"EssenceOfSteel"}],"is_trial":false,"path_per_floor":["M","?","?","?","M","R","M","$","T","E","T","M","?","E","R","B",null,"M","$","$","?","M","R","?","E","T","R","M","M","R","M","R"],"character_chosen":"IRONCLAD","items_purchased":["Shrug It Off","Blood Vial"],"campfire_rested":1,"item_purchase_floors":[20,20],"current_hp_per_floor":[72,72,77,84,85,85,87,87,87,70,70,71,75,71,71,54,79,79,79,79,79,87,87,87,47,47,47,52,29,29,23,49,0],"gold":38,"neow_bonus":"TRANSFORM_TWO_CARDS","is_prod":false,"is_daily":false,"chose_seed":false,"campfire_upgraded":5,"win_rate":0,"timestamp":1534856727,"path_taken":["M","?","?","?","M","R","M","$","T","E","?","?","?","E","R","BOSS","M","?","$","?","M","R","?","E","T","R","M","?","R","M","R","BOSS"],"build_version":"2018-08-16","purchased_purges":1,"victory":false,"max_hp_per_floor":[75,75,80,87,87,87,87,87,87,87,87,87,87,87,87,87,87,87,87,87,87,87,87,87,87,87,87,87,87,87,87,87,87],"card_choices":[{"not_picked":["Headbutt","Power Through"],"picked":"Bludgeon","floor":5},{"not_picked":["Pommel Strike","Flame Barrier"],"picked":"True Grit","floor":7},{"not_picked":["Dual Wield","Rupture"],"picked":"Sentinel","floor":10},{"not_picked":["Armaments","Body Slam"],"picked":"Wild Strike","floor":12},{"not_picked":["Searing Blow","Cleave"],"picked":"Feel No Pain","floor":14},{"not_picked":["Exhume","Impervious"],"picked":"Berserk","floor":16},{"not_picked":["Carnage","Twin Strike"],"picked":"Ghostly Armor","floor":25},{"not_picked":["Spot Weakness","Armaments"],"picked":"Shockwave","floor":28},{"not_picked":["Headbutt+1","Perfected Strike+1"],"picked":"Evolve","floor":29},{"not_picked":["Twin Strike","Thunderclap"],"picked":"Dropkick","floor":31}],"player_experience":1001591,"relics_obtained":[{"floor":9,"key":"Pen Nib"},{"floor":10,"key":"Boot"},{"floor":11,"key":"Orichalcum"},{"floor":13,"key":"Potion Belt"},{"floor":14,"key":"Bronze Scales"},{"floor":25,"key":"Shuriken"},{"floor":26,"key":"MawBank"}],"event_choices":[{"event_name":"Living Wall","player_choice":"Grow","floor":2,"damage_taken":0},{"event_name":"Big Fish","player_choice":"Donut","floor":3,"damage_taken":0},{"event_name":"WeMeetAgain","player_choice":"Card","floor":4,"damage_taken":0},{"event_name":"Dead Adventurer","player_choice":"Searched \u00272\u0027 times","floor":13,"damage_taken":0},{"event_name":"The Library","player_choice":"Read","floor":21,"damage_taken":0},{"event_name":"Beggar","player_choice":"Ignored","floor":24,"damage_taken":0}],"is_beta":false,"boss_relics":[{"not_picked":["White Beast Statue","Empty Cage"],"picked":"Ectoplasm"}],"items_purged_floors":[20],"is_endless":false,"potions_floor_spawned":[5,7,12,13,14,18,25,29],"killed_by":"Collector","ascension_level":15}