{"gold_per_floor":[119,294,76,86,103,138,138,168,236,294,309,340,340,350,350,448,448,466,484,500,519,534,534,553,553,553,585,585,600,600,631,631,727,727,740,938,948,178,178,211,211,222,222,222,253,253,282,282,282,282],"floor_reached":51,"playtime":18340,"items_purged":["Doubt","Escape Plan"],"score":1323,"play_id":"619d9f1b-d728-4905-919a-1f211c83b644","local_time":"20181023185036","daily_mods":["SealedDeck"],"is_ascension_mode":true,"campfire_choices":[{"data":"Cloak And Dagger","floor":7.0,"key":"SMITH"},{"data":"Eviscerate","floor":13.0,"key":"SMITH"},{"data":"Sucker Punch","floor":15.0,"key":"SMITH"},{"data":"Cloak And Dagger","floor":23.0,"key":"SMITH"},{"data":"Hidden Blade","floor":25.0,"key":"SMITH"},{"data":"Blur","floor":28.0,"key":"SMITH"},{"data":"Toxin Wave","floor":30,"key":"SMITH"},{"floor":32,"key":"DIG"},{"data":"A Thousand Cuts","floor":41,"key":"SMITH"},{"data":"ReplayTheSpireMod:Scrap Shanks","floor":44,"key":"SMITH"},{"data":"Fluid Movement","floor":46,"key":"SMITH"},{"floor":49,"key":"REST"}],"neow_cost":"","seed_source_timestamp":0,"circlet_count":0,"master_deck":["Dodge and Roll","Toxin Wave+1","Hidden Blade+1","Dagger Throw+1","Dagger Throw","ReplayTheSpireMod:Scrap Shanks+1","Blur+1","Cloak And Dagger+1","Cloak And Dagger+1","Backflip","Crippling Poison+1","Well Laid Plans","SmokeBomb+1","Tools of the Trade","Eviscerate+1","Hidden Blade+1","Sucker Punch+1","Envenom+1","Draining Mist+1","Sneak Up+1","ReplayTheSpireMod:Shiv Toss+1","Hidden Blade+1","Cloak And Dagger+1","Backflip+1","ReplayTheSpireMod:Speed Training+1","Fluid Movement+1","A Thousand Cuts+1","Blur+1"],"special_seed":0,"relics":["Ring of the Snake","StoneCalendar","Baseball","Toxic Egg 2","Whetstone","ReplayTheSpireMod:Onyx Gauntlets","WingedGreaves","War Paint","ReplayFunnel","Divine Protection","Lizard Tail","Lantern","Toy Ornithopter","Question Card","PreservedInsect","CowardCrown","Vajra","Gremlin Food"],"potions_floor_usage":[33,50,50,50],"damage_taken":[{"damage":0.0,"enemies":"2 Louse","floor":1.0,"turns":2.0},{"damage":0.0,"enemies":"Cultist","floor":4.0,"turns":4.0},{"damage":0.0,"enemies":"Jaw Worm","floor":5.0,"turns":4.0},{"damage":14.0,"enemies":"Gremlin Nob","floor":6.0,"turns":4.0},{"damage":0.0,"enemies":"3 Sentries","floor":8.0,"turns":7.0},{"damage":0.0,"enemies":"Exordium Wildlife","floor":11.0,"turns":4.0},{"damage":4.0,"enemies":"Gremlin Nob","floor":12.0,"turns":3.0},{"damage":0.0,"enemies":"Red Slaver","floor":14.0,"turns":2.0},{"damage":2.0,"enemies":"RustBeast","floor":16.0,"turns":7.0},{"damage":0.0,"enemies":"3 Byrds","floor":18.0,"turns":3.0},{"damage":0.0,"enemies":"Shell Parasite","floor":19.0,"turns":3.0},{"damage":0.0,"enemies":"3 Cultists","floor":20.0,"turns":3.0},{"damage":0.0,"enemies":"Shelled Parasite and Fungi","floor":21.0,"turns":3.0},{"damage":7.0,"enemies":"Snecko","floor":22.0,"turns":4.0},{"damage":0.0,"enemies":"Snake Plant","floor":24.0,"turns":3.0},{"damage":3.0,"enemies":"Slavers","floor":27.0,"turns":3.0},{"damage":0.0,"enemies":"Cultist and Chosen","floor":29.0,"turns":3.0},{"damage":0,"enemies":"Book of Stabbing","floor":31,"turns":4},{"damage":6,"enemies":"GremlinKing","floor":33,"turns":6},{"damage":0,"enemies":"3 Shapes","floor":35,"turns":4},{"damage":0,"enemies":"3 Darklings","floor":37,"turns":3},{"damage":0,"enemies":"Paranoia","floor":40,"turns":5},{"damage":0,"enemies":"Spire Growth","floor":42,"turns":3},{"damage":0,"enemies":"Giant Head","floor":45,"turns":4},{"damage":0,"enemies":"Reptomancer","floor":47,"turns":4},{"damage":2,"enemies":"Time Eater","floor":50,"turns":10}],"seed_played":"-5469223644763631107","potions_obtained":[{"floor":1.0,"key":"Dexterity Potion"},{"floor":11.0,"key":"Energy Potion"},{"floor":12.0,"key":"Dexterity Potion"},{"floor":16.0,"key":"Elixir"},{"floor":24.0,"key":"Milkshake"},{"floor":31,"key":"Dexterity Potion"},{"floor":35,"key":"Elixir"},{"floor":47,"key":"LiquidBronze"}],"is_trial":true,"path_per_floor":["M","?","$","M","M","E","R","E","T","?","M","E","R","M","R","B",null,"M","M","M","M","M","R","M","R","T","E","R","M","R","E","R","B",null,"M","?","M","$","?","E","R","M","T","R","E","R","E","?","R","B"],"character_chosen":"THE_SILENT","items_purchased":["Crippling Poison","Well Laid Plans","Blur+1","Lantern","Toy Ornithopter","Question Card"],"campfire_rested":1,"item_purchase_floors":[3,3,38,38,38,38],"current_hp_per_floor":[63,63,63,63,63,49,49,49,49,49,49,45,45,45,45,43,63,63,63,63,63,56,56,56,56,56,53,53,53,53,53,53,47,64,64,47,47,47,47,47,47,47,47,47,47,47,47,47,68,68],"gold":282,"neow_bonus":"","is_prod":false,"is_daily":false,"chose_seed":false,"campfire_upgraded":10,"win_rate":0,"timestamp":1540313436,"path_taken":["M","?","$","M","M","E","R","E","T","?","M","E","R","?","R","BOSS","M","?","?","M","M","R","M","R","T","E","R","M","R","E","R","BOSS","M","?","M","$","?","E","R","M","T","R","E","R","E","?","R","BOSS"],"build_version":"2018-10-18","purchased_purges":2,"victory":true,"max_hp_per_floor":[70,70,70,70,70,70,70,70,70,70,70,70,70,70,70,70,70,70,70,70,70,70,70,70,70,70,70,70,70,70,70,70,70,70,70,70,70,70,70,70,70,70,70,70,70,70,70,70,70,70],"card_choices":[{"not_picked":["Deadly Poison","Blade Dance"],"picked":"Backflip","floor":1.0},{"not_picked":["Prepared","Underhanded Strike"],"picked":"Escape Plan","floor":4.0},{"not_picked":["Slice","Flying Knee"],"picked":"SmokeBomb","floor":5.0},{"not_picked":["Endless Agony","Choke"],"picked":"Tools of the Trade","floor":6.0},{"not_picked":["Reflex","Corrode"],"picked":"Eviscerate","floor":8.0},{"not_picked":["Bane","Dodge and Roll+1"],"picked":"Hidden Blade+1","floor":12.0},{"not_picked":["Toxin Wave+1","Masterful Stab"],"picked":"Sucker Punch","floor":14.0},{"not_picked":["Bullet Time+1","Atom Bomb"],"picked":"Envenom","floor":16.0},{"not_picked":["Setup+1","Poisoned Stab"],"picked":"Draining Mist+1","floor":18.0},{"not_picked":["Deadly Poison+1","SmokeBomb+1"],"picked":"Sneak Up+1","floor":19.0},{"not_picked":["PiercingWail+1","Hidden Blade+1"],"picked":"ReplayTheSpireMod:Shiv Toss+1","floor":20.0},{"not_picked":["Corrode+1","Catalyst+1"],"picked":"Hidden Blade+1","floor":22.0},{"not_picked":["Sucker Punch","Bane"],"picked":"Cloak And Dagger+1","floor":24.0},{"not_picked":["Setup+1","Tools of the Trade"],"picked":"Backflip+1","floor":27.0},{"not_picked":["Dagger Spray","Deflect+1"],"picked":"ReplayTheSpireMod:Speed Training+1","floor":29},{"not_picked":["Well Laid Plans","Dash+1"],"picked":"Fluid Movement","floor":31},{"not_picked":["Corpse Explosion+1","Night Terror+1"],"picked":"A Thousand Cuts","floor":33}],"player_experience":1260368,"relics_obtained":[{"floor":6.0,"key":"StoneCalendar"},{"floor":8.0,"key":"Baseball"},{"floor":9.0,"key":"Toxic Egg 2"},{"floor":12.0,"key":"Whetstone"},{"floor":26.0,"key":"WingedGreaves"},{"floor":27.0,"key":"War Paint"},{"floor":31,"key":"ReplayFunnel"},{"floor":32,"key":"Divine Protection"},{"floor":40,"key":"PreservedInsect"},{"floor":43,"key":"CowardCrown"},{"floor":45,"key":"Vajra"},{"floor":47,"key":"Gremlin Food"}],"event_choices":[{"damage_healed":0.0,"max_hp_gain":0.0,"max_hp_loss":0.0,"gold_gain":175.0,"event_name":"Liars Game","player_choice":"AGREE","floor":2.0,"gold_loss":0.0,"damage_taken":0.0,"cards_obtained":["Doubt"]},{"damage_healed":0.0,"max_hp_gain":0.0,"max_hp_loss":0.0,"gold_gain":58.0,"event_name":"Golden Wing","player_choice":"Gained Gold","floor":10.0,"gold_loss":0.0,"damage_taken":0.0},{"damage_healed":0,"gold_gain":0,"player_choice":"Memory 1","damage_taken":0,"max_hp_gain":0,"max_hp_loss":0,"event_name":"SensoryStone","floor":39,"gold_loss":0},{"cards_removed":["Backstab"],"damage_healed":0,"gold_gain":0,"player_choice":"Removed Attack","damage_taken":0,"max_hp_gain":0,"max_hp_loss":0,"event_name":"Falling","floor":48,"gold_loss":0}],"is_beta":false,"boss_relics":[{"not_picked":["Snecko Eye","Velvet Choker"],"picked":"ReplayTheSpireMod:Onyx Gauntlets"},{"not_picked":["White Beast Statue","Runic Pyramid"],"picked":"Lizard Tail"}],"items_purged_floors":[3,38],"is_endless":false,"potions_floor_spawned":[1,11,12,16,20,24,27,31,35,47],"ascension_level":9}