{"gold_per_floor":[114,128,128,128,128,160,11,22,22,22,33,33,33,43,43,142,142,153,153,252,25,25,25,40,59,59,59,89,89,100,126,126,230,230,249,262,137,137,137,168,168,268,268,37,65,65,78,97,97,97],"floor_reached":51,"playtime":1313,"items_purged":["Strike_G","Defend_G","Strike_G+1","Writhe"],"score":1179,"play_id":"bf04b371-29f9-4ad4-9a3c-f3a36cbc5da4","local_time":"20190402171606","is_ascension_mode":true,"campfire_choices":[{"floor":10,"key":"REST"},{"data":"Neutralize","floor":12,"key":"SMITH"},{"data":"Accuracy","floor":15,"key":"SMITH"},{"data":"Cloak And Dagger","floor":23,"key":"SMITH"},{"data":"Cloak And Dagger","floor":27,"key":"SMITH"},{"floor":29,"key":"REST"},{"floor":32,"key":"REST"},{"data":"After Image","floor":41,"key":"SMITH"},{"data":"Adrenaline","floor":49,"key":"SMITH"}],"neow_cost":"NONE","seed_source_timestamp":14186613658601,"circlet_count":0,"master_deck":["Defend_G+1","Defend_G+1","Defend_G+1","Defend_G+1","Strike_G+1","Strike_G+1","Neutralize+1","Quick Slash+1","Flying Knee","Infinite Blades","Accuracy+1","Slice","Adrenaline+1","Slice+1","Slice+1","Deflect","Cloak And Dagger+1","Infinite Blades","Cloak And Dagger+1","Blur+1","Finisher+1","Cloak And Dagger+1","After Image+1","Slice+1","Backflip+1","Caltrops+1","Riddle With Holes+1","Blade Dance+1"],"relics":["Ring of the Snake","NeowsBlessing","Shuriken","War Paint","Molten Egg 2","Orrery","Bottled Lightning","Potion Belt","Red Mask","Busted Crown","Vajra","FossilizedHelix","Singing Bowl","Pear","Bottled Flame"],"potions_floor_usage":[11,18,25,28,31,42,50],"damage_taken":[{"damage":0,"enemies":"Jaw Worm","floor":1,"turns":1},{"damage":0,"enemies":"Small Slimes","floor":2,"turns":1},{"damage":0,"enemies":"Lagavulin","floor":6,"turns":1},{"damage":3,"enemies":"2 Louse","floor":8,"turns":4},{"damage":0,"enemies":"2 Fungi Beasts","floor":11,"turns":2},{"damage":0,"enemies":"Exordium Wildlife","floor":14,"turns":3},{"damage":17,"enemies":"Hexaghost","floor":16,"turns":9},{"damage":9,"enemies":"3 Byrds","floor":18,"turns":4},{"damage":11,"enemies":"2 Thieves","floor":24,"turns":3},{"damage":3,"enemies":"Snake Plant","floor":25,"turns":4},{"damage":22,"enemies":"Slavers","floor":28,"turns":5},{"damage":6,"enemies":"Snecko","floor":30,"turns":4},{"damage":12,"enemies":"Masked Bandits","floor":31,"turns":3},{"damage":18,"enemies":"Collector","floor":33,"turns":6},{"damage":0,"enemies":"Orb Walker","floor":35,"turns":3},{"damage":4,"enemies":"3 Shapes","floor":36,"turns":6},{"damage":29,"enemies":"Nemesis","floor":40,"turns":7},{"damage":0,"enemies":"Mind Bloom Boss Battle","floor":42,"turns":5},{"damage":0,"enemies":"Reptomancer","floor":45,"turns":6},{"damage":0,"enemies":"3 Darklings","floor":47,"turns":6},{"damage":0,"enemies":"Maw","floor":48,"turns":5},{"damage":0,"enemies":"Time Eater","floor":50,"turns":9}],"seed_played":"-4024108360104829378","potions_obtained":[{"floor":2,"key":"GamblersBrew"},{"floor":8,"key":"GhostInAJar"},{"floor":16,"key":"Explosive Potion"},{"floor":18,"key":"FairyPotion"},{"floor":25,"key":"Regen Potion"},{"floor":28,"key":"SpeedPotion"},{"floor":35,"key":"Regen Potion"},{"floor":47,"key":"PowerPotion"}],"is_trial":false,"path_per_floor":["M","M","?","?","?","E","$","M","T","R","M","R","?","M","R","B",null,"M","?","?","$","?","R","M","M","T","R","E","R","M","?","R","B",null,"M","M","$","?","?","E","R","?","T","$","E","T","M","M","R","B",null],"character_chosen":"THE_SILENT","items_purchased":["Accuracy","Infinite Blades","Cloak And Dagger","Riddle With Holes+1"],"campfire_rested":3,"item_purchase_floors":[7,21,21,44],"current_hp_per_floor":[63,63,49,42,17,17,17,14,14,35,35,35,58,58,58,41,63,54,54,54,54,54,54,43,40,40,40,32,53,47,35,56,38,62,62,58,58,58,70,41,41,55,55,55,67,67,67,69,69,69],"gold":97,"neow_bonus":"THREE_ENEMY_KILL","is_prod":false,"is_daily":false,"chose_seed":false,"campfire_upgraded":6,"win_rate":0,"timestamp":1554218166,"path_taken":["M","M","?","?","?","E","?","M","T","R","?","R","?","M","R","BOSS","M","?","?","?","?","R","?","M","T","R","E","R","M","?","R","BOSS","M","M","$","?","?","E","R","?","T","$","E","?","M","M","R","BOSS"],"build_version":"2019-01-23","purchased_purges":4,"victory":true,"max_hp_per_floor":[70,70,70,70,70,70,70,70,70,70,70,70,70,70,70,70,70,70,70,70,70,70,70,70,70,70,70,70,70,70,70,70,70,70,70,70,70,70,70,70,70,70,70,70,82,82,82,84,84,84],"card_choices":[{"not_picked":["Acrobatics","Deflect"],"picked":"Quick Slash","floor":1},{"not_picked":["Slice","Dodge and Roll"],"picked":"Flying Knee","floor":2},{"not_picked":["Venomology","Outmaneuver"],"picked":"Infinite Blades","floor":6},{"not_picked":["Poisoned Stab","Dagger Throw"],"picked":"Slice","floor":8},{"not_picked":["Heel Hook+1","Prepared","Acrobatics"],"picked":"SKIP","floor":11},{"not_picked":["Reflex","PiercingWail","Venomology"],"picked":"SKIP","floor":14},{"not_picked":["Venomology","Unload+1"],"picked":"Adrenaline","floor":16},{"not_picked":["All Out Attack+1","Deflect"],"picked":"Slice+1","floor":17},{"not_picked":["Eviscerate+1","Distraction"],"picked":"Slice+1","floor":17},{"not_picked":["Endless Agony+1","Underhanded Strike+1"],"picked":"Deflect","floor":17},{"not_picked":["Backflip","Catalyst+1","Concentrate"],"picked":"SKIP","floor":18},{"not_picked":["Outmaneuver","PiercingWail+1"],"picked":"Blur+1","floor":24},{"not_picked":["Acrobatics+1","Dash+1","Flying Knee+1"],"picked":"SKIP","floor":25},{"not_picked":["Phantasmal Killer","Deflect"],"picked":"Finisher+1","floor":28},{"not_picked":["Flying Knee+1","Quick Slash+1","Acrobatics"],"picked":"SKIP","floor":30},{"not_picked":["Doppelganger","Slice+1"],"picked":"Cloak And Dagger+1","floor":31},{"not_picked":["Envenom","Doppelganger"],"picked":"After Image","floor":33},{"not_picked":[],"picked":"Slice+1","floor":35},{"not_picked":["Prepared+1"],"picked":"SKIP","floor":36},{"not_picked":[],"picked":"Backflip+1","floor":40},{"not_picked":[],"picked":"Caltrops+1","floor":42},{"not_picked":["Slice+1"],"picked":"Singing Bowl","floor":45},{"not_picked":[],"picked":"Blade Dance+1","floor":47},{"not_picked":["Poisoned Stab+1"],"picked":"Singing Bowl","floor":48}],"player_experience":132644,"relics_obtained":[{"floor":6,"key":"War Paint"},{"floor":9,"key":"Molten Egg 2"},{"floor":26,"key":"Bottled Lightning"},{"floor":28,"key":"Potion Belt"},{"floor":31,"key":"Red Mask"},{"floor":40,"key":"Vajra"},{"floor":42,"key":"FossilizedHelix"},{"floor":43,"key":"Singing Bowl"},{"floor":45,"key":"Pear"},{"floor":46,"key":"Bottled Flame"}],"event_choices":[{"damage_healed":0,"gold_gain":0,"player_choice":"Entered Light","damage_taken":14,"max_hp_gain":0,"max_hp_loss":0,"event_name":"Shining Light","floor":3,"gold_loss":0,"cards_upgraded":["Quick Slash","Defend_G"]},{"cards_removed":["Strike_G"],"damage_healed":0,"gold_gain":0,"player_choice":"Card Removal","damage_taken":7,"max_hp_gain":0,"max_hp_loss":0,"event_name":"Golden Wing","floor":4,"gold_loss":0},{"damage_healed":0,"gold_gain":0,"player_choice":"Success","damage_taken":25,"relics_obtained":["Shuriken"],"max_hp_gain":0,"max_hp_loss":0,"event_name":"Scrap Ooze","floor":5,"gold_loss":0},{"damage_healed":23,"gold_gain":0,"player_choice":"Banana","damage_taken":0,"max_hp_gain":0,"max_hp_loss":0,"event_name":"Big Fish","floor":13,"gold_loss":0},{"damage_healed":0,"gold_gain":0,"player_choice":"Read","damage_taken":0,"max_hp_gain":0,"max_hp_loss":0,"event_name":"The Library","floor":19,"gold_loss":0,"cards_obtained":["Cloak And Dagger"]},{"damage_healed":0,"gold_gain":99,"player_choice":"Stole From Cult","damage_taken":0,"max_hp_gain":0,"max_hp_loss":0,"event_name":"Nest","floor":20,"gold_loss":0},{"damage_healed":0,"gold_gain":0,"player_choice":"Simplicity","damage_taken":0,"max_hp_gain":0,"max_hp_loss":0,"event_name":"Back to Basics","floor":22,"gold_loss":0,"cards_upgraded":["Defend_G","Strike_G","Strike_G","Strike_G"]},{"damage_healed":0,"gold_gain":0,"player_choice":"Fought Bandits","damage_taken":0,"max_hp_gain":0,"max_hp_loss":0,"event_name":"Masked Bandits","floor":31,"gold_loss":0},{"cards_removed":["Survivor"],"damage_healed":0,"gold_gain":0,"player_choice":"Removed Skill","damage_taken":0,"max_hp_gain":0,"max_hp_loss":0,"event_name":"Falling","floor":38,"gold_loss":0},{"damage_healed":18,"gold_gain":0,"player_choice":"Writhe","damage_taken":0,"max_hp_gain":0,"max_hp_loss":0,"event_name":"Winding Halls","floor":39,"gold_loss":0,"cards_obtained":["Writhe"]},{"damage_healed":0,"gold_gain":0,"player_choice":"Fight","damage_taken":0,"max_hp_gain":0,"max_hp_loss":0,"event_name":"MindBloom","floor":42,"gold_loss":0}],"is_beta":false,"boss_relics":[{"not_picked":["Tiny House","Eternal Feather"],"picked":"Orrery"},{"not_picked":["Snecko Eye","Cursed Key"],"picked":"Busted Crown"}],"items_purged_floors":[7,21,37,44],"is_endless":false,"potions_floor_spawned":[2,8,16,18,25,28,35,47],"ascension_level":8}