{"gold_per_floor":[112,112,58,76,76,101,276,307,307,270,270,288,313,21,21,117,117,134,134,154,154,154,154,154,57,57,73,101,121,133,161,161,260,260,270,223,239,339,67,67,79,79,105,105,116,116,128,156,156,156],"floor_reached":51,"playtime":4680,"items_purged":["Doubt"],"score":983,"play_id":"ea8cf2eb-230f-4539-8d29-ff9d5dc99410","local_time":"20190506174501","is_ascension_mode":true,"campfire_choices":[{"floor":11,"key":"REST"},{"floor":15,"key":"REST"},{"data":"Buffer","floor":23,"key":"SMITH"},{"data":"Rainbow","floor":32,"key":"SMITH"},{"data":"Consume","floor":40,"key":"SMITH"},{"data":"Zap","floor":42,"key":"SMITH"},{"data":"Madness","floor":46,"key":"SMITH"},{"data":"Dualcast","floor":49,"key":"SMITH"}],"neow_cost":"NONE","seed_source_timestamp":4155491338866166,"circlet_count":0,"master_deck":["Defend_B","Defend_B","Defend_B","Defend_B","Zap+1","Dualcast+1","Thunder Strike","Undo","Cold Snap","Hello World","Glacier","Self Repair","Go for the Eyes","Conserve Battery","White Noise","Buffer+1","Ball Lightning+1","Beam Cell+1","Ghostly","Ghostly","Ghostly","Ghostly","Ghostly","Bite+1","Bite+1","Bite+1","Bite+1","Bite+1","Glacier","Madness","Undo+1","Rainbow+1","Undo","Blizzard+1","Barrage+1","Echo Form","Reinforced Body+1","Cold Snap+1","Hologram","Conserve Battery","Panache","BootSequence","Consume+1","Parasite","FTL+1","Finesse","Panacea","Madness+1","Coolheaded+1","Hologram+1","Chill+1"],"relics":["Cracked Core","Symbiotic Virus","Cables","Centennial Puzzle","Molten Egg 2","Runic Dome","Calipers","Strawberry","Potion Belt","Black Star","Pocketwatch","Bag of Preparation","Torii","Shuriken"],"potions_floor_usage":[28,28,50,50,50],"damage_taken":[{"damage":2,"enemies":"Jaw Worm","floor":1,"turns":4},{"damage":1,"enemies":"Small Slimes","floor":4,"turns":4},{"damage":24,"enemies":"3 Sentries","floor":6,"turns":8},{"damage":27,"enemies":"Gremlin Nob","floor":8,"turns":4},{"damage":0,"enemies":"2 Louse","floor":12,"turns":4},{"damage":9,"enemies":"Lagavulin","floor":13,"turns":5},{"damage":22,"enemies":"The Guardian","floor":16,"turns":11},{"damage":0,"enemies":"Chosen","floor":18,"turns":5},{"damage":3,"enemies":"Shell Parasite","floor":20,"turns":3},{"damage":0,"enemies":"Snecko","floor":27,"turns":4},{"damage":0,"enemies":"Gremlin Leader","floor":28,"turns":11},{"damage":0,"enemies":"Centurion and Healer","floor":29,"turns":10},{"damage":0,"enemies":"Snake Plant","floor":30,"turns":5},{"damage":2,"enemies":"Slavers","floor":31,"turns":8},{"damage":11,"enemies":"Collector","floor":33,"turns":16},{"damage":15,"enemies":"3 Shapes","floor":35,"turns":6},{"damage":2,"enemies":"3 Darklings","floor":37,"turns":8},{"damage":14,"enemies":"Mind Bloom Boss Battle","floor":38,"turns":8},{"damage":7,"enemies":"Writhing Mass","floor":41,"turns":6},{"damage":4,"enemies":"Jaw Worm Horde","floor":45,"turns":5},{"damage":0,"enemies":"Maw","floor":47,"turns":9},{"damage":33,"enemies":"Reptomancer","floor":48,"turns":11},{"damage":30,"enemies":"Time Eater","floor":50,"turns":15}],"seed_played":"1330673664819882619","potions_obtained":[{"floor":8,"key":"Poison Potion"},{"floor":13,"key":"Strength Potion"},{"floor":16,"key":"Swift Potion"},{"floor":27,"key":"SpeedPotion"},{"floor":33,"key":"Block Potion"},{"floor":45,"key":"Block Potion"},{"floor":47,"key":"EssenceOfSteel"},{"floor":48,"key":"Block Potion"}],"is_trial":false,"path_per_floor":["?","?","?","?","$","?","?","?","?","M","?","?"],"character_chosen":"DEFECT","items_purchased":["Cold Snap","White Noise","Blood Vial","Madness","Cold Snap+1","Panache","BootSequence","Consume"],"campfire_rested":2,"item_purchase_floors":[3,14,14,25,36,39,39,39],"current_hp_per_floor":[73,73,73,72,65,41,41,14,14,14,36,43,34,34,56,36,65,74,60,66,40,40,40,40,40,40,40,47,47,47,47,47,40,45,42,42,45,47,47,47,46,46,46,36,44,44,47,36,36,21],"gold":156,"neow_bonus":"TRANSFORM_CARD","is_prod":false,"is_daily":false,"chose_seed":false,"campfire_upgraded":6,"win_rate":0,"timestamp":1557179101,"path_taken":["M","?","$","M","?","E","?","E","T","?","R","M","E","?","R","BOSS","M","?","M","?","?","R","?","$","T","?","E","M","M","E","R","BOSS","M","$","M","?","$","R","M","R","T","?","M","R","M","E","R","BOSS"],"build_version":"2019-01-23","purchased_purges":1,"victory":true,"max_hp_per_floor":[75,75,75,75,75,75,75,75,75,75,75,75,75,75,75,75,75,75,80,80,40,40,40,40,40,40,40,47,47,47,47,47,47,47,47,47,47,47,47,47,47,47,47,47,47,47,47,47,47,47],"card_choices":[{"not_picked":["Redo","Turbo"],"picked":"Undo","floor":1},{"not_picked":["Redo","Barrage"],"picked":"Hello World","floor":4},{"not_picked":["Meteor Strike","Steam"],"picked":"Glacier","floor":6},{"not_picked":["Turbo","Hologram"],"picked":"Self Repair","floor":8},{"not_picked":["Compile Driver","Leap"],"picked":"Go for the Eyes","floor":12},{"not_picked":["Melter","Stack"],"picked":"Conserve Battery","floor":13},{"not_picked":["Machine Learning","Seek"],"picked":"Buffer","floor":16},{"not_picked":["Leap","Lockon+1"],"picked":"Ball Lightning+1","floor":18},{"not_picked":["Conserve Battery","Hello World"],"picked":"Beam Cell+1","floor":20},{"not_picked":["Rebound+1","Storm+1"],"picked":"Undo+1","floor":27},{"not_picked":["Ball Lightning+1","Conserve Battery+1"],"picked":"Rainbow","floor":28},{"not_picked":["Streamline+1","Leap"],"picked":"Undo","floor":29},{"not_picked":["Compile Driver+1","Streamline+1"],"picked":"Blizzard+1","floor":30},{"not_picked":["Tempest","Thunder Strike+1"],"picked":"Barrage+1","floor":31},{"not_picked":["Electrodynamics","Meteor Strike+1"],"picked":"Echo Form","floor":33},{"not_picked":["Static Discharge","Hologram"],"picked":"Reinforced Body+1","floor":35},{"not_picked":["Scrape+1","Gash+1"],"picked":"Hologram","floor":37},{"not_picked":["Leap+1","Streamline+1"],"picked":"Conserve Battery","floor":38},{"not_picked":["Barrage+1","Tempest+1"],"picked":"FTL+1","floor":41},{"not_picked":["Trip","Dramatic Entrance+1"],"picked":"Finesse","floor":44},{"not_picked":["Secret Weapon","Swift Strike+1"],"picked":"Panacea","floor":44},{"not_picked":["Discovery","Deep Breath"],"picked":"Madness","floor":44},{"not_picked":["Hologram","Compile Driver+1"],"picked":"Coolheaded+1","floor":45},{"not_picked":["Tempest+1","Leap"],"picked":"Hologram+1","floor":47},{"not_picked":["Compile Driver+1","Stack"],"picked":"Chill+1","floor":48}],"player_experience":281538,"relics_obtained":[{"floor":6,"key":"Symbiotic Virus"},{"floor":8,"key":"Cables"},{"floor":9,"key":"Centennial Puzzle"},{"floor":13,"key":"Molten Egg 2"},{"floor":26,"key":"Calipers"},{"floor":28,"key":"Strawberry"},{"floor":31,"key":"Potion Belt"},{"floor":38,"key":"Pocketwatch"},{"floor":43,"key":"Bag of Preparation"},{"floor":48,"key":"Torii"},{"floor":48,"key":"Shuriken"}],"event_choices":[{"damage_healed":0,"gold_gain":0,"player_choice":"Leave","damage_taken":0,"max_hp_gain":0,"max_hp_loss":0,"event_name":"The Cleric","floor":2,"gold_loss":0},{"cards_removed":["Strike_B"],"damage_healed":0,"gold_gain":0,"player_choice":"Card Removal","damage_taken":7,"max_hp_gain":0,"max_hp_loss":0,"event_name":"Golden Wing","floor":5,"gold_loss":0},{"damage_healed":0,"gold_gain":175,"player_choice":"AGREE","damage_taken":0,"max_hp_gain":0,"max_hp_loss":0,"event_name":"Liars Game","floor":7,"gold_loss":0,"cards_obtained":["Doubt"]},{"damage_healed":0,"gold_gain":0,"player_choice":"Left Gold","damage_taken":0,"max_hp_gain":0,"max_hp_loss":0,"event_name":"World of Goop","floor":10,"gold_loss":37},{"damage_healed":0,"gold_gain":0,"player_choice":"Shed Blood","damage_taken":19,"max_hp_gain":5,"max_hp_loss":0,"event_name":"Forgotten Altar","floor":19,"gold_loss":0},{"damage_healed":0,"gold_gain":0,"player_choice":"Became a Ghost","damage_taken":0,"max_hp_gain":0,"max_hp_loss":40,"event_name":"Ghosts","floor":21,"gold_loss":0,"cards_obtained":["Ghostly","Ghostly","Ghostly","Ghostly","Ghostly"]},{"damage_healed":0,"gold_gain":0,"player_choice":"Became a vampire (Vial)","damage_taken":0,"max_hp_gain":0,"max_hp_loss":0,"event_name":"Vampires","floor":22,"relics_lost":["Blood Vial"],"gold_loss":0,"cards_obtained":["Bite","Bite","Bite","Bite","Bite"]},{"damage_healed":0,"gold_gain":0,"player_choice":"Read","damage_taken":0,"max_hp_gain":0,"max_hp_loss":0,"event_name":"The Library","floor":24,"gold_loss":0,"cards_obtained":["Glacier"]},{"damage_healed":0,"gold_gain":0,"player_choice":"Fight","damage_taken":0,"max_hp_gain":0,"max_hp_loss":0,"event_name":"MindBloom","floor":38,"gold_loss":0},{"damage_healed":0,"gold_gain":0,"player_choice":"Memory 3","damage_taken":10,"max_hp_gain":0,"max_hp_loss":0,"event_name":"SensoryStone","floor":44,"gold_loss":0}],"is_beta":false,"boss_relics":[{"not_picked":["Snecko Eye","Astrolabe"],"picked":"Runic Dome"},{"not_picked":["Inserter","Velvet Choker"],"picked":"Black Star"}],"items_purged_floors":[14],"is_endless":false,"potions_floor_spawned":[8,13,16,27,33,45,47,48],"ascension_level":5}