{"gold_per_floor":[117,192,10,60,60,72,100,100,100,111,127,127,142,175,175,252,252,267,267,285,184,203,203,216,247,273,72,92,106,106,133,133,133],"floor_reached":33,"playtime":4921,"items_purged":["Strike_G","Writhe","Strike_G"],"score":520,"play_id":"8711c479-0334-45d4-8e16-b04d542b681e","local_time":"20180821085040","is_ascension_mode":true,"campfire_choices":[{"data":"Neutralize","floor":8.0,"key":"SMITH"},{"floor":12.0,"key":"REST"},{"floor":15,"key":"REST"},{"data":"Leg Sweep","floor":23,"key":"SMITH"},{"floor":30,"key":"REST"},{"floor":32,"key":"REST"}],"neow_cost":"NONE","seed_source_timestamp":254263502657941,"circlet_count":0,"master_deck":["Defend_G","Defend_G","Defend_G+1","Defend_G","Defend_G","Strike_G","Strike_G","Strike_G","Survivor","Neutralize+1","AscendersBane","Deadly Poison+1","Well Laid Plans","Dagger Spray+1","Dagger Throw","Flying Knee+1","Leg Sweep+1","Bane+1","Riddle With Holes+1","Bane+1","Tools of the Trade+1","Underhanded Strike+1","Catalyst+1","A Thousand Cuts+1"],"special_seed":0,"relics":["Ring of Chaos","Molten Egg 2","Frozen Egg 2","War Paint","Busted Crown","Smiling Mask","Gambling Chip","Vajra","StoneCalendar"],"potions_floor_usage":[16,22,24,25,25,28],"damage_taken":[{"damage":4.0,"enemies":"Cultist","floor":1.0,"turns":6.0},{"damage":4.0,"enemies":"2 Louse","floor":6.0,"turns":3.0},{"damage":20.0,"enemies":"Lagavulin","floor":7.0,"turns":9.0},{"damage":4.0,"enemies":"Jaw Worm","floor":10.0,"turns":4.0},{"damage":0.0,"enemies":"Blue Slaver","floor":11.0,"turns":6.0},{"damage":1,"enemies":"Exordium Thugs","floor":13,"turns":5},{"damage":15,"enemies":"3 Sentries","floor":14,"turns":8},{"damage":11,"enemies":"Slime Boss","floor":16,"turns":5},{"damage":17,"enemies":"2 Thieves","floor":18,"turns":5},{"damage":1,"enemies":"3 Byrds","floor":20,"turns":5},{"damage":6,"enemies":"Snake Plant","floor":22,"turns":5},{"damage":18,"enemies":"Centurion and Healer","floor":24,"turns":5},{"damage":12,"enemies":"Slavers","floor":25,"turns":5},{"damage":0,"enemies":"Chosen and Byrds","floor":28,"turns":5},{"damage":0,"enemies":"Snecko","floor":29,"turns":4},{"damage":22,"enemies":"Gremlin Leader","floor":31,"turns":5},{"damage":55,"enemies":"Champ","floor":33,"turns":12}],"seed_played":"5967944193852776640","potions_obtained":[{"floor":11.0,"key":"Strength Potion"},{"floor":16,"key":"Milkshake"},{"floor":18,"key":"FearPotion"},{"floor":20,"key":"AttackPotion"},{"floor":22,"key":"FearPotion"},{"floor":24,"key":"AttackPotion"}],"is_trial":false,"path_per_floor":["M","?","$","?","?","M","E","R","T","M","M","R","M","E","R","B",null,"M","?","M","$","M","R","M","E","T","$","M","M","R","E","R"],"character_chosen":"THE_SILENT","items_purchased":["Well Laid Plans","Dagger Spray+1","Underhanded Strike+1","A Thousand Cuts+1","Regen Potion"],"campfire_rested":4,"item_purchase_floors":[3,3,21,27,27],"current_hp_per_floor":[61,50,50,50,50,46,26,26,26,22,22,43,42,27,48,37,63,46,46,45,45,39,39,21,9,9,9,23,23,44,22,43,0],"gold":133,"neow_bonus":"TEN_PERCENT_HP_BONUS","is_prod":false,"is_daily":false,"chose_seed":false,"campfire_upgraded":2,"win_rate":0,"timestamp":1534834240,"path_taken":["M","?","$","?","?","M","E","R","T","?","M","R","M","E","R","BOSS","M","?","M","$","M","R","M","E","T","$","M","?","R","E","R","BOSS"],"build_version":"2018-08-16","purchased_purges":3,"victory":false,"max_hp_per_floor":[72,72,72,72,72,72,72,72,72,72,72,72,72,72,72,72,72,72,72,72,72,72,72,72,72,72,72,72,72,72,72,72,72],"card_choices":[{"not_picked":["Blade Dance","Acrobatics"],"picked":"Deadly Poison","floor":1.0},{"not_picked":["ReplayTheSpireMod:Necrosis","Slice"],"picked":"Dagger Throw","floor":6.0},{"not_picked":["Predator","Deflect"],"picked":"Flying Knee","floor":7.0},{"not_picked":["All Out Attack+1","Slice+1"],"picked":"Leg Sweep","floor":10.0},{"not_picked":["Heel Hook+1","Deadly Poison"],"picked":"Bane+1","floor":11.0},{"not_picked":["Deadly Poison","Fluid Movement+1"],"picked":"Riddle With Holes+1","floor":13},{"not_picked":["Poisoned Stab+1","Poison Darts"],"picked":"Bane+1","floor":14},{"not_picked":["Night Terror","Grand Finale+1"],"picked":"Tools of the Trade+1","floor":16},{"not_picked":[],"picked":"Catalyst+1","floor":25}],"player_experience":990533,"relics_obtained":[{"floor":7.0,"key":"Molten Egg 2"},{"floor":9.0,"key":"Frozen Egg 2"},{"floor":14,"key":"War Paint"},{"floor":25,"key":"Gambling Chip"},{"floor":26,"key":"Vajra"},{"floor":31,"key":"StoneCalendar"}],"event_choices":[{"event_name":"World of Goop","player_choice":"Gather Gold","floor":2.0,"damage_taken":0.0},{"event_name":"Golden Shrine","player_choice":"Pray","floor":4.0,"damage_taken":0.0},{"event_name":"Liars Game","player_choice":"disagreed","floor":5.0,"damage_taken":0.0},{"event_name":"The Mausoleum","player_choice":"Yes","floor":19,"damage_taken":0}],"is_beta":false,"boss_relics":[{"not_picked":["Runic Pyramid","Ring of Chaos"],"picked":"Busted Crown"}],"items_purged_floors":[3,21,27],"is_endless":false,"potions_floor_spawned":[11,16,18,20,22,24],"killed_by":"Champ","ascension_level":15}