{"gold_per_floor":[116,116,136,136,200,200,232,457,536,536,554,554,566,599,599,696,696,709,366,352,371,37,37],"floor_reached":23,"playtime":611,"items_purged":["Strike_R"],"score":211,"play_id":"8f612847-79e4-41b7-86f1-3b907682a90b","local_time":"20190131042850","is_ascension_mode":true,"campfire_choices":[{"data":"Spot Weakness","floor":6,"key":"SMITH"},{"data":"Heavy Blade","floor":10,"key":"SMITH"},{"data":"Bash","floor":12,"key":"SMITH"},{"floor":15,"key":"REST"}],"neow_cost":"NONE","seed_source_timestamp":186863094182992,"circlet_count":0,"master_deck":["Strike_R","Strike_R","Strike_R","Defend_R","Defend_R","Defend_R","Defend_R","Bash+1","Shrug It Off","Spot Weakness+1","Heavy Blade+1","Shrug It Off","Double Tap","Cleave","Barricade+1","Iron Wave+1","Metallicize+1","Shrug It Off","Iron Wave","Armaments"],"relics":["Black Blood","Omamori","SsserpentHead","Juzu Bracelet","Frozen Egg 2","Pantograph","Art of War","Incense Burner"],"potions_floor_usage":[14,16,21,23],"damage_taken":[{"damage":1,"enemies":"Cultist","floor":1,"turns":3},{"damage":8,"enemies":"Jaw Worm","floor":3,"turns":4},{"damage":13,"enemies":"2 Louse","floor":5,"turns":4},{"damage":21,"enemies":"Gremlin Nob","floor":7,"turns":4},{"damage":14,"enemies":"Blue Slaver","floor":11,"turns":3},{"damage":14,"enemies":"3 Louse","floor":13,"turns":4},{"damage":32,"enemies":"Lagavulin","floor":14,"turns":6},{"damage":35,"enemies":"Hexaghost","floor":16,"turns":8},{"damage":37,"enemies":"3 Byrds","floor":18,"turns":7},{"damage":4,"enemies":"2 Thieves","floor":20,"turns":4},{"damage":34,"enemies":"Snake Plant","floor":21,"turns":6},{"damage":36,"enemies":"Book of Stabbing","floor":23,"turns":9}],"seed_played":"-5505088553127207047","potions_obtained":[{"floor":3,"key":"LiquidBronze"},{"floor":7,"key":"Swift Potion"},{"floor":16,"key":"Strength Potion"},{"floor":20,"key":"PowerPotion"}],"is_trial":false,"path_per_floor":["M","?","M","?","M","R","E","?","T","R","M","R","M","E","R","B",null,"M","$","M","M","$","E"],"character_chosen":"IRONCLAD","items_purchased":["Metallicize+1","Art of War","Shrug It Off","Incense Burner","Armaments"],"campfire_rested":1,"item_purchase_floors":[19,19,19,22,22],"current_hp_per_floor":[80,77,75,75,68,68,53,53,53,53,45,45,37,11,35,31,80,53,53,59,35,35,0],"gold":37,"neow_bonus":"REMOVE_CARD","is_prod":false,"is_daily":false,"chose_seed":false,"campfire_upgraded":3,"win_rate":0,"timestamp":1548905330,"path_taken":["M","?","M","?","?","R","E","?","T","R","M","R","M","E","R","BOSS","M","$","M","M","$","E"],"build_version":"2019-01-23","purchased_purges":1,"victory":false,"max_hp_per_floor":[80,80,80,80,80,80,80,80,80,80,80,80,80,80,80,80,80,80,80,80,80,80,80],"card_choices":[{"not_picked":["Wild Strike","Body Slam"],"picked":"Shrug It Off","floor":1},{"not_picked":["Havoc","Carnage"],"picked":"Spot Weakness","floor":3},{"not_picked":["Havoc","Entrench","Seeing Red"],"picked":"SKIP","floor":5},{"not_picked":["Disarm","Wild Strike"],"picked":"Heavy Blade","floor":7},{"not_picked":["Entrench","Intimidate"],"picked":"Shrug It Off","floor":11},{"not_picked":["Warcry","Anger"],"picked":"Double Tap","floor":13},{"not_picked":["Iron Wave","Power Through"],"picked":"Cleave","floor":14},{"not_picked":["Reaper","Demon Form+1"],"picked":"Barricade+1","floor":16},{"not_picked":["Entrench","Clash"],"picked":"Iron Wave+1","floor":18},{"not_picked":["Warcry+1","Flex+1"],"picked":"Iron Wave","floor":20},{"not_picked":["Perfected Strike","Clothesline","Clash"],"picked":"SKIP","floor":21}],"player_experience":39788,"relics_obtained":[{"floor":7,"key":"Juzu Bracelet"},{"floor":9,"key":"Frozen Egg 2"},{"floor":14,"key":"Pantograph"}],"event_choices":[{"damage_healed":0,"gold_gain":0,"player_choice":"Success","damage_taken":3,"relics_obtained":["Omamori"],"max_hp_gain":0,"max_hp_loss":0,"event_name":"Scrap Ooze","floor":2,"gold_loss":0},{"damage_healed":0,"gold_gain":0,"player_choice":"Trade","damage_taken":0,"relics_obtained":["SsserpentHead"],"max_hp_gain":0,"max_hp_loss":0,"event_name":"FaceTrader","floor":4,"gold_loss":0},{"damage_healed":0,"gold_gain":175,"player_choice":"AGREE","damage_taken":0,"max_hp_gain":0,"max_hp_loss":0,"event_name":"Liars Game","floor":8,"gold_loss":0,"cards_obtained":["Doubt"]}],"is_beta":false,"boss_relics":[{"not_picked":["Pandora\u0027s Box","Orrery"],"picked":"Black Blood"}],"items_purged_floors":[19],"is_endless":false,"potions_floor_spawned":[3,7,16,20],"killed_by":"Book of Stabbing","ascension_level":1}