{"gold_per_floor":[19,36,36,46,71,71,86,11,36,38,83,95,143,105,105,233,233,257,300,300,300,310,310,320,335,335,335,351,370,370,295,295,397,397,416,166,176,194,144,172,172,172,199,109,128,128,157,174,174,174],"floor_reached":51,"playtime":1569,"items_purged":["Defend_R","Strike_R","Strike_R","Parasite"],"score":839,"play_id":"4a2912e8-5a88-4437-abef-c01c276c1d76","local_time":"20190131162552","is_ascension_mode":true,"campfire_choices":[{"data":"Rampage","floor":6.0,"key":"SMITH"},{"data":"True Grit","floor":15.0,"key":"SMITH"},{"data":"Shrug It Off","floor":23.0,"key":"SMITH"},{"floor":27.0,"key":"REST"},{"data":"True Grit","floor":30.0,"key":"SMITH"},{"data":"Shrug It Off","floor":32.0,"key":"SMITH"},{"data":"Double Tap","floor":41.0,"key":"SMITH"},{"data":"Bash","floor":46,"key":"SMITH"},{"data":"Cleave","floor":49,"key":"SMITH"}],"neow_cost":"NO_GOLD","seed_source_timestamp":228838298393712,"circlet_count":0,"master_deck":["Defend_R","Defend_R+1","Defend_R","Bash+1","Cleave+1","Rampage+1","Shrug It Off+1","True Grit+1","Shrug It Off+1","Double Tap+1","True Grit+1","Metallicize+1"],"special_seed":0,"relics":["Burning Blood","Mummified Hand","Anchor","MawBank","Bottled Lightning","Bloody Idol","Smiling Mask","Runic Pyramid","Red Mask","Dodecahedron","Busted Crown","Regal Pillow","Bag of Preparation","Boot","The Courier"],"potions_floor_usage":[48,50],"damage_taken":[{"damage":0.0,"enemies":"2 Louse","floor":1.0,"turns":4.0},{"damage":7.0,"enemies":"Jaw Worm","floor":2.0,"turns":3.0},{"damage":1.0,"enemies":"Cultist","floor":4.0,"turns":3.0},{"damage":3.0,"enemies":"Blue Slaver","floor":7.0,"turns":3.0},{"damage":3.0,"enemies":"Exordium Thugs","floor":10.0,"turns":4.0},{"damage":15.0,"enemies":"Gremlin Nob","floor":11.0,"turns":4.0},{"damage":11.0,"enemies":"3 Sentries","floor":13.0,"turns":10.0},{"damage":40.0,"enemies":"Hexaghost","floor":16.0,"turns":13.0},{"damage":4.0,"enemies":"Chosen","floor":18.0,"turns":4.0},{"damage":54.0,"enemies":"Masked Bandits","floor":19.0,"turns":6.0},{"damage":8.0,"enemies":"2 Thieves","floor":22.0,"turns":5.0},{"damage":23.0,"enemies":"Shelled Parasite and Fungi","floor":24.0,"turns":7.0},{"damage":14.0,"enemies":"Chosen and Byrds","floor":25.0,"turns":6.0},{"damage":4.0,"enemies":"Snake Plant","floor":28.0,"turns":4.0},{"damage":23.0,"enemies":"3 Cultists","floor":29.0,"turns":6.0},{"damage":45.0,"enemies":"Automaton","floor":33.0,"turns":10.0},{"damage":0.0,"enemies":"Orb Walker","floor":35.0,"turns":3.0},{"damage":6.0,"enemies":"3 Shapes","floor":37.0,"turns":4.0},{"damage":0.0,"enemies":"Writhing Mass","floor":38.0,"turns":5.0},{"damage":0.0,"enemies":"Giant Head","floor":40.0,"turns":6.0},{"damage":0,"enemies":"4 Shapes","floor":45,"turns":3},{"damage":16,"enemies":"Nemesis","floor":47,"turns":7},{"damage":0,"enemies":"Transient","floor":48,"turns":5},{"damage":9,"enemies":"Awakened One","floor":50,"turns":9}],"seed_played":"5095146727500022085","potions_obtained":[{"floor":4.0,"key":"Block Potion"},{"floor":10.0,"key":"Ancient Potion"},{"floor":11.0,"key":"Block Potion"},{"floor":16.0,"key":"Ancient Potion"},{"floor":19.0,"key":"EssenceOfSteel"},{"floor":24.0,"key":"Regen Potion"},{"floor":25.0,"key":"PowerPotion"},{"floor":29.0,"key":"SkillPotion"},{"floor":35.0,"key":"Regen Potion"},{"floor":45,"key":"SteroidPotion"}],"is_trial":false,"path_per_floor":["M","M","?","M","T","R","M","$","T","M","E","?","E","$","R","B",null,"M","?","?","?","M","R","M","M","T","R","M","M","R","?","R","B",null,"M","$","M","M","$","E","R","?","T","?","M","R","E","M","R","B",null],"character_chosen":"IRONCLAD","items_purchased":["Regal Pillow","Fire Potion"],"campfire_rested":1,"item_purchase_floors":[36,36],"current_hp_per_floor":[80,79,72,77,77,77,80,80,80,80,71,51,46,46,46,12,80,80,32,32,32,40,40,28,40,40,64,71,59,59,59,59,25,80,80,80,80,80,77,77,77,77,77,77,77,77,72,77,77,74],"gold":174,"neow_bonus":"REMOVE_TWO","is_prod":false,"is_daily":false,"chose_seed":false,"campfire_upgraded":8,"win_rate":0,"timestamp":1548948352,"path_taken":["M","M","?","M","?","R","M","$","T","M","E","?","E","?","R","BOSS","M","?","?","?","M","R","?","M","T","R","M","?","R","?","R","BOSS","M","$","M","M","$","E","R","?","T","?","M","R","E","?","R","BOSS"],"build_version":"2019-01-23","purchased_purges":4,"victory":true,"max_hp_per_floor":[80,80,80,80,80,80,80,80,80,80,80,80,80,80,80,80,80,80,80,80,80,80,80,80,80,80,80,80,80,80,80,80,80,80,80,80,80,80,77,77,77,77,77,77,77,77,77,77,77,77],"card_choices":[{"not_picked":["Shrug It Off","Carnage"],"picked":"Cleave","floor":1.0},{"not_picked":["Flex","Cleave"],"picked":"Rampage","floor":2.0},{"not_picked":["Clothesline","Iron Wave"],"picked":"Shrug It Off","floor":4.0},{"not_picked":["Thunderclap","Clash"],"picked":"True Grit","floor":7.0},{"not_picked":["Body Slam","Wild Strike"],"picked":"Shrug It Off","floor":10.0},{"not_picked":["Immolate","Dual Wield","Iron Wave"],"picked":"SKIP","floor":11.0},{"not_picked":["Body Slam","Fire Breathing"],"picked":"Headbutt","floor":13.0},{"not_picked":["Exhume","Demon Form"],"picked":"Double Tap","floor":16.0},{"not_picked":["Heavy Blade","Body Slam+1","Rage"],"picked":"SKIP","floor":18.0},{"not_picked":["Perfected Strike+1","Uppercut","Whirlwind+1"],"picked":"SKIP","floor":22.0},{"not_picked":["Pommel Strike+1","Perfected Strike","Entrench"],"picked":"SKIP","floor":24.0},{"not_picked":["Warcry","Heavy Blade","Havoc"],"picked":"SKIP","floor":25.0},{"not_picked":["Clothesline+1","Brutality"],"picked":"True Grit","floor":28.0},{"not_picked":["Shockwave","Second Wind","Havoc"],"picked":"SKIP","floor":29.0},{"not_picked":["Pummel"],"picked":"SKIP","floor":35.0},{"not_picked":["Bloodletting"],"picked":"SKIP","floor":37.0},{"not_picked":["Sword Boomerang+1"],"picked":"SKIP","floor":38.0},{"not_picked":["Uppercut"],"picked":"SKIP","floor":40.0},{"not_picked":["Iron Wave"],"picked":"SKIP","floor":45},{"not_picked":[],"picked":"Metallicize+1","floor":47},{"not_picked":["Pommel Strike+1"],"picked":"SKIP","floor":48}],"player_experience":45959,"relics_obtained":[{"floor":5.0,"key":"Anchor"},{"floor":9.0,"key":"MawBank"},{"floor":11.0,"key":"Bottled Lightning"},{"floor":13.0,"key":"Smiling Mask"},{"floor":19.0,"key":"Red Mask"},{"floor":26.0,"key":"Dodecahedron"},{"floor":40.0,"key":"Bag of Preparation"},{"floor":43,"key":"Boot"},{"floor":47,"key":"The Courier"}],"event_choices":[{"damage_healed":0.0,"max_hp_gain":0.0,"max_hp_loss":0.0,"gold_gain":0.0,"event_name":"Scrap Ooze","player_choice":"Success","floor":3.0,"gold_loss":0.0,"damage_taken":7.0,"relics_obtained":["Mummified Hand"]},{"damage_healed":0.0,"max_hp_gain":0.0,"max_hp_loss":0.0,"gold_gain":0.0,"event_name":"Golden Idol","player_choice":"Take Damage","floor":12.0,"gold_loss":0.0,"damage_taken":20.0,"relics_obtained":["Golden Idol"]},{"damage_healed":0.0,"max_hp_gain":0.0,"max_hp_loss":0.0,"gold_gain":0.0,"event_name":"Masked Bandits","player_choice":"Fought Bandits","floor":19.0,"gold_loss":0.0,"damage_taken":0.0},{"damage_healed":0.0,"max_hp_gain":0.0,"max_hp_loss":0.0,"gold_gain":0.0,"event_name":"Forgotten Altar","player_choice":"Gave Idol","floor":20.0,"relics_lost":["Golden Idol"],"gold_loss":0.0,"damage_taken":0.0,"relics_obtained":["Bloody Idol"]},{"damage_healed":0.0,"max_hp_gain":0.0,"max_hp_loss":0.0,"gold_gain":0.0,"event_name":"Vampires","player_choice":"Ignored","floor":21.0,"gold_loss":0.0,"damage_taken":0.0},{"cards_removed":["Strike_R"],"damage_healed":0.0,"max_hp_gain":0.0,"max_hp_loss":0.0,"gold_gain":0.0,"event_name":"Beggar","player_choice":"Gave Gold","floor":31.0,"gold_loss":75.0,"damage_taken":0.0},{"damage_healed":0,"gold_gain":0,"player_choice":"Ignored","damage_taken":0,"max_hp_gain":0,"max_hp_loss":0,"event_name":"Mysterious Sphere","floor":42,"gold_loss":0},{"cards_removed":["Headbutt"],"damage_healed":0,"gold_gain":0,"player_choice":"Upgrade and Remove","damage_taken":0,"max_hp_gain":0,"max_hp_loss":0,"event_name":"Designer","floor":44,"gold_loss":90,"cards_upgraded":["Defend_R"]}],"is_beta":false,"boss_relics":[{"not_picked":["Snecko Eye","Black Star"],"picked":"Runic Pyramid"},{"not_picked":["Runic Cube","Sozu"],"picked":"Busted Crown"}],"items_purged_floors":[8,14,36,39],"is_endless":false,"potions_floor_spawned":[4,10,11,16,19,24,25,29,35,45,47],"ascension_level":2}