{"gold_per_floor":[112,37,49,61,75,75,103,103,103,103,123,76,76,103,103,202,202,213,213,225,236,87,114,79,94,94,94,110,145,145,45,45,146,146,162,162,215,13,13,13,24,24,24,44,44,44,44,63,63,63],"floor_reached":50,"playtime":941,"items_purged":["Strike_B","Defend_B","Regret"],"score":729,"play_id":"00cefbae-9a67-4475-b844-71618d78062d","local_time":"20190219002220","is_ascension_mode":true,"campfire_choices":[{"data":"Zap","floor":6.0,"key":"SMITH"},{"data":"Biased Cognition","floor":10.0,"key":"SMITH"},{"floor":13.0,"key":"REST"},{"floor":15.0,"key":"REST"},{"data":"Seek","floor":32.0,"key":"SMITH"},{"floor":40.0,"key":"REST"},{"data":"Storm","floor":42.0,"key":"SMITH"},{"floor":49.0,"key":"REST"}],"neow_cost":"NONE","seed_source_timestamp":289920548954120,"circlet_count":0,"master_deck":["Strike_B+1","Defend_B","Defend_B","Zap+1","Dualcast","Biased Cognition+1","Conserve Battery","Melter","Defragment","Auto Shields","Conserve Battery","Ball Lightning","Seek+1","Ball Lightning","Storm","Storm","Electrodynamics","Storm+1","Glacier+1","Force Field","Core Surge","Defragment+1","Storm","Discovery","Bandage Up","Mayhem","Defragment"],"special_seed":0,"relics":["Cracked Core","Bag of Marbles","Shuriken","Velvet Choker","Nloth\u0027s Gift","PreservedInsect","Bag of Preparation","Dodecahedron","Singing Bowl","Cursed Key","Juzu Bracelet","Turnip","Mercury Hourglass"],"potions_floor_usage":[50],"damage_taken":[{"damage":6.0,"enemies":"Cultist","floor":1.0,"turns":3.0},{"damage":9.0,"enemies":"2 Louse","floor":3.0,"turns":2.0},{"damage":7.0,"enemies":"Jaw Worm","floor":4.0,"turns":3.0},{"damage":0.0,"enemies":"2 Fungi Beasts","floor":5.0,"turns":2.0},{"damage":7.0,"enemies":"Lagavulin","floor":7.0,"turns":6.0},{"damage":15.0,"enemies":"Lots of Slimes","floor":11.0,"turns":4.0},{"damage":10.0,"enemies":"Gremlin Nob","floor":14.0,"turns":3.0},{"damage":0.0,"enemies":"Slime Boss","floor":16.0,"turns":5.0},{"damage":0.0,"enemies":"Spheric Guardian","floor":18.0,"turns":1.0},{"damage":14.0,"enemies":"Shell Parasite","floor":20.0,"turns":2.0},{"damage":0.0,"enemies":"Cultist and Chosen","floor":21.0,"turns":4.0},{"damage":11.0,"enemies":"Book of Stabbing","floor":23.0,"turns":3.0},{"damage":4.0,"enemies":"Centurion and Healer","floor":25.0,"turns":3.0},{"damage":0.0,"enemies":"Sentry and Sphere","floor":28.0,"turns":3.0},{"damage":0.0,"enemies":"Slavers","floor":29.0,"turns":1.0},{"damage":21.0,"enemies":"Automaton","floor":33.0,"turns":7.0},{"damage":0.0,"enemies":"3 Darklings","floor":35.0,"turns":2.0},{"damage":25.0,"enemies":"2 Orb Walkers","floor":37.0,"turns":3.0},{"damage":9.0,"enemies":"Orb Walker","floor":41.0,"turns":3.0},{"damage":30.0,"enemies":"Maw","floor":44.0,"turns":3.0},{"damage":8.0,"enemies":"Sphere and 2 Shapes","floor":48.0,"turns":3.0},{"damage":44,"enemies":"Awakened One","floor":50,"turns":3}],"seed_played":"-6330624341030425085","potions_obtained":[{"floor":3.0,"key":"Energy Potion"},{"floor":7.0,"key":"PowerPotion"},{"floor":11.0,"key":"Poison Potion"},{"floor":18.0,"key":"SpeedPotion"},{"floor":20.0,"key":"Swift Potion"},{"floor":23.0,"key":"GamblersBrew"},{"floor":25.0,"key":"SneckoOil"},{"floor":35.0,"key":"Fire Potion"}],"is_trial":false,"path_per_floor":["M","$","M","M","M","R","E","?","T","R","M","?","R","E","R","B",null,"M","?","M","M","$","E","$","M","T","?","M","E","?","$","R","B",null,"M","T","?","$","?","R","M","R","T","M","?","?","$","M","R","B"],"character_chosen":"DEFECT","items_purchased":["PreservedInsect","Storm","Storm"],"campfire_rested":4,"item_purchase_floors":[22,24,38],"current_hp_per_floor":[69,69,60,53,53,53,46,39,39,39,24,24,46,36,58,58,71,71,71,57,57,57,46,46,42,42,42,42,44,44,44,44,25,66,66,66,41,41,31,54,47,47,47,23,23,23,23,15,39,0],"gold":63,"neow_bonus":"ONE_RANDOM_RARE_CARD","is_prod":false,"is_daily":false,"chose_seed":false,"campfire_upgraded":4,"win_rate":0,"timestamp":1550532140,"path_taken":["M","$","M","?","M","R","E","?","T","R","M","?","R","E","R","BOSS","M","?","M","M","$","E","$","?","T","?","M","E","?","?","R","BOSS","M","?","?","$","?","R","M","R","T","M","?","?","$","M","R","BOSS"],"build_version":"2019-01-23","purchased_purges":3,"victory":false,"max_hp_per_floor":[75,75,75,75,75,75,75,75,75,75,75,75,75,75,75,75,75,75,75,75,75,75,75,75,75,75,75,75,77,77,77,77,79,79,79,79,79,79,79,79,81,81,81,83,83,83,83,83,83,83],"card_choices":[{"not_picked":["Hologram","BootSequence"],"picked":"Conserve Battery","floor":1.0},{"not_picked":["Rebound","Redo"],"picked":"Melter","floor":3.0},{"not_picked":["Conserve Battery","Hologram"],"picked":"Defragment","floor":4.0},{"not_picked":["Steam Power","Steam"],"picked":"Auto Shields","floor":5.0},{"not_picked":["Turbo","All For One","Go for the Eyes"],"picked":"SKIP","floor":7.0},{"not_picked":["Reinforced Body","Go for the Eyes"],"picked":"Conserve Battery","floor":11.0},{"not_picked":["Aggregate","Chaos"],"picked":"Ball Lightning","floor":14.0},{"not_picked":["Creative AI","Amplify"],"picked":"Seek","floor":16.0},{"not_picked":["Sweeping Beam+1","Redo"],"picked":"Ball Lightning","floor":18.0},{"not_picked":["Cold Snap","Stack"],"picked":"Storm","floor":20.0},{"not_picked":["Barrage+1","Turbo+1"],"picked":"Storm","floor":21.0},{"not_picked":["Streamline","Amplify"],"picked":"Electrodynamics","floor":23.0},{"not_picked":["Fusion+1","Rebound"],"picked":"Glacier+1","floor":25.0},{"not_picked":["Ball Lightning","Skim"],"picked":"Force Field","floor":28.0},{"not_picked":["Leap","Auto Shields","Redo+1"],"picked":"Singing Bowl","floor":29.0},{"not_picked":["Thunder Strike","Creative AI","Rainbow"],"picked":"Singing Bowl","floor":33.0},{"not_picked":["Sweeping Beam","Turbo"],"picked":"Core Surge","floor":35.0},{"not_picked":["White Noise+1","Fusion+1"],"picked":"Defragment+1","floor":37.0},{"not_picked":["Swift Strike","Forethought"],"picked":"Discovery","floor":39.0},{"not_picked":["Sadistic Nature","Flash of Steel"],"picked":"Bandage Up","floor":39.0},{"not_picked":["Secret Technique","Discovery"],"picked":"Mayhem","floor":39.0},{"not_picked":["Meteor Strike","FTL","Gash+1"],"picked":"Singing Bowl","floor":41.0},{"not_picked":["Creative AI","Scrape+1","Sweeping Beam"],"picked":"Singing Bowl","floor":44.0},{"not_picked":["Beam Cell","Rebound+1"],"picked":"Defragment","floor":48.0}],"player_experience":76025,"relics_obtained":[{"floor":7.0,"key":"Whetstone"},{"floor":9.0,"key":"Bag of Marbles"},{"floor":14.0,"key":"Shuriken"},{"floor":23.0,"key":"Bag of Preparation"},{"floor":26.0,"key":"Dodecahedron"},{"floor":29.0,"key":"Singing Bowl"},{"floor":36.0,"key":"Juzu Bracelet"},{"floor":37.0,"key":"Turnip"},{"floor":43.0,"key":"Mercury Hourglass"}],"event_choices":[{"cards_removed":["Defend_B"],"damage_healed":0.0,"max_hp_gain":0.0,"max_hp_loss":0.0,"gold_gain":0.0,"event_name":"Golden Wing","player_choice":"Card Removal","floor":8.0,"gold_loss":0.0,"damage_taken":7.0},{"damage_healed":0.0,"max_hp_gain":0.0,"max_hp_loss":0.0,"gold_gain":0.0,"event_name":"World of Goop","player_choice":"Left Gold","floor":12.0,"gold_loss":47.0,"damage_taken":0.0},{"damage_healed":0.0,"max_hp_gain":0.0,"max_hp_loss":0.0,"gold_gain":0.0,"event_name":"N\u0027loth","player_choice":"Traded Relic","floor":19.0,"relics_lost":["Whetstone"],"gold_loss":0.0,"damage_taken":0.0,"relics_obtained":["Nloth\u0027s Gift"]},{"damage_healed":0.0,"max_hp_gain":0.0,"max_hp_loss":0.0,"gold_gain":0.0,"event_name":"Cursed Tome","player_choice":"Ignored","floor":27.0,"gold_loss":0.0,"damage_taken":0.0},{"cards_removed":["Strike_B"],"damage_healed":0.0,"max_hp_gain":0.0,"max_hp_loss":0.0,"gold_gain":0.0,"event_name":"Back to Basics","player_choice":"Elegance","floor":30.0,"gold_loss":0.0,"damage_taken":0.0},{"damage_healed":0.0,"max_hp_gain":0.0,"max_hp_loss":0.0,"gold_gain":0.0,"event_name":"Mysterious Sphere","player_choice":"Fight","floor":37.0,"gold_loss":0.0,"damage_taken":0.0},{"damage_healed":0.0,"max_hp_gain":0.0,"max_hp_loss":0.0,"gold_gain":0.0,"event_name":"SensoryStone","player_choice":"Memory 3","floor":39.0,"gold_loss":0.0,"damage_taken":10.0},{"cards_removed":["Doubt"],"damage_healed":0.0,"max_hp_gain":0.0,"max_hp_loss":0.0,"gold_gain":0.0,"event_name":"Fountain of Cleansing","player_choice":"Removed Curses","floor":45.0,"gold_loss":0.0,"damage_taken":0.0},{"cards_removed":["Strike_B"],"damage_healed":0.0,"max_hp_gain":0.0,"max_hp_loss":0.0,"gold_gain":0.0,"event_name":"Purifier","player_choice":"Purged","floor":46.0,"gold_loss":0.0,"damage_taken":0.0}],"is_beta":false,"boss_relics":[{"not_picked":["Orrery","Pandora\u0027s Box"],"picked":"Velvet Choker"},{"not_picked":["Philosopher\u0027s Stone","Astrolabe"],"picked":"Cursed Key"}],"items_purged_floors":[2,31,38],"is_endless":false,"potions_floor_spawned":[3,7,11,18,20,23,25,35],"killed_by":"Awakened One","ascension_level":5}