{"gold_per_floor":[111,111,186,8,27,54,54,69,69,81,94,114,114,140,140,236,236,176,176,176,31,31,31,31,31,31,31,31,31,31,31,31,31,31,31,31,31,31,31,31,31,31,31,31,31,31,31,31],"floor_reached":48,"playtime":4835,"items_purged":[],"score":738,"play_id":"70da211e-086c-4476-a556-8f0941290062","local_time":"20190502183118","is_ascension_mode":true,"campfire_choices":[{"data":"Apotheosis","floor":7,"key":"SMITH"},{"floor":13,"key":"REST"},{"floor":15,"key":"REST"},{"floor":28,"key":"REST"},{"floor":32,"key":"REST"},{"floor":40,"key":"REST"}],"neow_cost":"NONE","seed_source_timestamp":3812522552479345,"circlet_count":0,"master_deck":["Defend_G","Defend_G","Defend_G","Defend_G","Defend_G","Strike_G","Strike_G","Strike_G","Strike_G","Strike_G","Survivor","Neutralize+1","Terror+1","Apotheosis+1","Blade Dance","Flechettes","Backflip","Bane","Infinite Blades","Catalyst","Backstab","Corpse Explosion","Deadly Poison+1","Dodge and Roll","Adrenaline","Backstab","Deadly Poison","Backstab","Corpse Explosion","Dash","Burst","Quick Slash+1","Madness","Madness","Outmaneuver+1","Expertise+1","Panache","PiercingWail+1","Cloak And Dagger","Regret","Bouncing Flask+1","Predator","Parasite","Escape Plan+1"],"relics":["Ring of the Snake","Question Card","Bronze Scales","Potion Belt","Ectoplasm","Blue Candle","Paper Crane","Centennial Puzzle","The Courier","Cursed Key","Thread and Needle","Regal Pillow","Lantern","Bottled Tornado"],"potions_floor_usage":[12,24,27,27,33,33,33,48,48,48],"damage_taken":[{"damage":4,"enemies":"Small Slimes","floor":1,"turns":4},{"damage":1,"enemies":"Jaw Worm","floor":5,"turns":4},{"damage":16,"enemies":"Gremlin Nob","floor":6,"turns":4},{"damage":0,"enemies":"Cultist","floor":8,"turns":3},{"damage":11,"enemies":"Lots of Slimes","floor":10,"turns":4},{"damage":0,"enemies":"Exordium Wildlife","floor":11,"turns":3},{"damage":0,"enemies":"Blue Slaver","floor":12,"turns":3},{"damage":1,"enemies":"Lagavulin","floor":14,"turns":4},{"damage":33,"enemies":"The Guardian","floor":16,"turns":8},{"damage":14,"enemies":"2 Thieves","floor":18,"turns":4},{"damage":1,"enemies":"Shell Parasite","floor":20,"turns":3},{"damage":10,"enemies":"Chosen and Byrds","floor":22,"turns":5},{"damage":2,"enemies":"Snecko","floor":24,"turns":4},{"damage":10,"enemies":"Book of Stabbing","floor":27,"turns":4},{"damage":4,"enemies":"Shelled Parasite and Fungi","floor":29,"turns":3},{"damage":24,"enemies":"Slavers","floor":30,"turns":2},{"damage":4,"enemies":"Sentry and Sphere","floor":31,"turns":5},{"damage":35,"enemies":"Champ","floor":33,"turns":9},{"damage":6,"enemies":"Orb Walker","floor":35,"turns":2},{"damage":28,"enemies":"2 Orb Walkers","floor":37,"turns":5},{"damage":3,"enemies":"3 Darklings","floor":38,"turns":3},{"damage":6,"enemies":"Transient","floor":41,"turns":5},{"damage":25,"enemies":"Nemesis","floor":42,"turns":5},{"damage":1,"enemies":"Giant Head","floor":44,"turns":6},{"damage":1,"enemies":"4 Shapes","floor":45,"turns":3},{"damage":18,"enemies":"Writhing Mass","floor":46,"turns":4},{"damage":5,"enemies":"Transient","floor":48,"turns":3}],"seed_played":"271830036649368179","potions_obtained":[{"floor":6,"key":"Block Potion"},{"floor":10,"key":"Block Potion"},{"floor":11,"key":"GamblersBrew"},{"floor":12,"key":"Swift Potion"},{"floor":20,"key":"Poison Potion"},{"floor":22,"key":"PowerPotion"},{"floor":27,"key":"LiquidBronze"},{"floor":31,"key":"Strength Potion"},{"floor":42,"key":"FairyPotion"},{"floor":44,"key":"AttackPotion"},{"floor":45,"key":"LiquidBronze"}],"is_trial":false,"path_per_floor":["?","?","?","M","M","T","?","?","?","?","?"],"character_chosen":"THE_SILENT","items_purchased":["Apotheosis","Adrenaline"],"campfire_rested":5,"item_purchase_floors":[4,21],"current_hp_per_floor":[66,66,55,55,54,38,38,38,38,27,27,27,48,47,68,35,70,56,56,55,55,45,45,43,43,43,33,54,50,26,22,43,8,70,64,55,27,24,24,45,39,14,14,13,12,1,1,0],"gold":31,"neow_bonus":"UPGRADE_CARD","is_prod":false,"is_daily":false,"chose_seed":false,"campfire_upgraded":1,"win_rate":0,"timestamp":1556836278,"path_taken":["M","?","?","$","M","E","R","M","T","M","M","M","R","E","R","BOSS","M","?","?","$","?","?","M","?","T","E","R","M","E","M","R","BOSS","M","?","?","M","?","R","M","E","T","E","M","M","?","M"],"build_version":"2019-01-23","purchased_purges":0,"victory":false,"max_hp_per_floor":[70,70,70,70,70,70,70,70,70,70,70,70,70,70,70,70,70,70,70,70,70,70,70,70,70,70,70,70,70,70,70,70,70,70,70,70,70,70,70,70,70,70,70,70,70,70,70,70],"card_choices":[{"not_picked":["Underhanded Strike","Eviscerate"],"picked":"Terror","floor":1},{"not_picked":["Masterful Stab","Bane"],"picked":"Blade Dance","floor":5},{"not_picked":["Deflect","Expertise"],"picked":"Flechettes","floor":6},{"not_picked":["Setup","Acrobatics","Deadly Poison"],"picked":"Backflip","floor":8},{"not_picked":["Flying Knee","Riddle With Holes","Sucker Punch"],"picked":"Bane","floor":10},{"not_picked":["Heel Hook","Endless Agony","Bullet Time"],"picked":"Infinite Blades","floor":11},{"not_picked":["Bane","Prepared","Reflex"],"picked":"Catalyst","floor":12},{"not_picked":["Prepared","Quick Slash","Choke"],"picked":"Backstab","floor":14},{"not_picked":["A Thousand Cuts","Phantasmal Killer","Night Terror"],"picked":"Corpse Explosion","floor":16},{"not_picked":["Concentrate","Quick Slash","Calculated Gamble"],"picked":"Deadly Poison+1","floor":18},{"not_picked":["Blade Dance+1","Sucker Punch","Quick Slash"],"picked":"Dodge and Roll","floor":20},{"not_picked":["Prepared+1","Riddle With Holes","Outmaneuver"],"picked":"Backstab","floor":22},{"not_picked":["Deflect","Dagger Spray","Sucker Punch"],"picked":"Deadly Poison","floor":24},{"not_picked":["Endless Agony+1","Bane","Concentrate"],"picked":"Backstab","floor":27},{"not_picked":["Quick Slash","Choke","PiercingWail"],"picked":"Corpse Explosion","floor":29},{"not_picked":["Deadly Poison","Distraction","Predator"],"picked":"Dash","floor":30},{"not_picked":["Underhanded Strike","Prepared","Riddle With Holes+1","Outmaneuver"],"picked":"SKIP","floor":31},{"not_picked":["Doppelganger","Glass Knife","Phantasmal Killer"],"picked":"Burst","floor":33},{"not_picked":["Deflect","Dagger Throw","Underhanded Strike"],"picked":"Quick Slash+1","floor":35},{"not_picked":["Bane","Underhanded Strike+1","Dagger Throw+1"],"picked":"Outmaneuver+1","floor":37},{"not_picked":["Underhanded Strike+1","Eviscerate","Outmaneuver+1"],"picked":"Expertise+1","floor":38},{"not_picked":["The Bomb","Dark Shackles","Mayhem"],"picked":"Panache","floor":39},{"not_picked":["Infinite Blades+1","Slice+1","Flying Knee"],"picked":"PiercingWail+1","floor":41},{"not_picked":["Acrobatics","Corpse Explosion","Backstab"],"picked":"Cloak And Dagger","floor":42},{"not_picked":["Deflect+1","Terror","Escape Plan+1"],"picked":"Bouncing Flask+1","floor":44},{"not_picked":["Flying Knee+1","Distraction","Bane"],"picked":"Predator","floor":45},{"not_picked":["Reflex+1","Setup+1","Predator+1"],"picked":"Escape Plan+1","floor":46}],"player_experience":203715,"relics_obtained":[{"floor":6,"key":"Question Card"},{"floor":9,"key":"Bronze Scales"},{"floor":14,"key":"Potion Belt"},{"floor":23,"key":"Blue Candle"},{"floor":26,"key":"Paper Crane"},{"floor":27,"key":"Centennial Puzzle"},{"floor":30,"key":"The Courier"},{"floor":37,"key":"Thread and Needle"},{"floor":42,"key":"Regal Pillow"},{"floor":43,"key":"Lantern"},{"floor":44,"key":"Bottled Tornado"}],"event_choices":[{"damage_healed":0,"gold_gain":0,"player_choice":"Grow","damage_taken":0,"max_hp_gain":0,"max_hp_loss":0,"event_name":"Living Wall","floor":2,"gold_loss":0,"cards_upgraded":["Terror"]},{"damage_healed":0,"gold_gain":75,"player_choice":"Gather Gold","damage_taken":11,"max_hp_gain":0,"max_hp_loss":0,"event_name":"World of Goop","floor":3,"gold_loss":0},{"damage_healed":0,"gold_gain":0,"player_choice":"Ignored","damage_taken":0,"max_hp_gain":0,"max_hp_loss":0,"event_name":"N\u0027loth","floor":19,"gold_loss":0},{"damage_healed":0,"gold_gain":0,"player_choice":"Ignored","damage_taken":0,"max_hp_gain":0,"max_hp_loss":0,"event_name":"Vampires","floor":25,"gold_loss":0},{"damage_healed":0,"gold_gain":0,"player_choice":"Embrace Madness","damage_taken":9,"max_hp_gain":0,"max_hp_loss":0,"event_name":"Winding Halls","floor":36,"gold_loss":0,"cards_obtained":["Madness","Madness"]},{"damage_healed":0,"gold_gain":0,"player_choice":"Fight","damage_taken":0,"max_hp_gain":0,"max_hp_loss":0,"event_name":"Mysterious Sphere","floor":37,"gold_loss":0},{"damage_healed":0,"gold_gain":0,"player_choice":"Memory 1","damage_taken":0,"max_hp_gain":0,"max_hp_loss":0,"event_name":"SensoryStone","floor":39,"gold_loss":0},{"damage_healed":0,"gold_gain":100,"player_choice":"Pray","damage_taken":0,"max_hp_gain":0,"max_hp_loss":0,"event_name":"Golden Shrine","floor":47,"gold_loss":0}],"is_beta":false,"boss_relics":[{"not_picked":["Coffee Dripper","Empty Cage"],"picked":"Ectoplasm"},{"not_picked":["Lizard Tail","Orrery"],"picked":"Cursed Key"}],"items_purged_floors":[],"is_endless":false,"potions_floor_spawned":[6,10,11,12,20,22,27,31,42,44,45],"killed_by":"Transient","ascension_level":4}