{"gold_per_floor":[119,134,134,148,161,172,172,204,204,214,229,78,78,88,88,162,162,178,178,193,205,216,216,216],"floor_reached":24,"playtime":601,"items_purged":["Strike_B"],"score":388,"play_id":"d067b4e5-85a7-4085-af09-7f2162bb01d8","local_time":"20190529155348","is_ascension_mode":true,"campfire_choices":[{"data":"Beam Cell","floor":7,"key":"SMITH"},{"data":"Coolheaded","floor":13,"key":"SMITH"},{"data":"Streamline","floor":15,"key":"SMITH"},{"floor":23,"key":"REST"}],"neow_cost":"NONE","seed_source_timestamp":189852796678674,"circlet_count":0,"master_deck":["AscendersBane","Defend_B","Defend_B","Defend_B","Defend_B","Zap","Dualcast","Streamline+1","Coolheaded+1","Streamline","Beam Cell+1","Conserve Battery","Rebound","Self Repair","Gash","Buffer","Steam+1","Steam"],"relics":["Cracked Core","NeowsBlessing","Pocketwatch","Pen Nib","Empty Cage","FaceOfCleric"],"potions_floor_usage":[5,8,16,20,24],"damage_taken":[{"damage":0,"enemies":"2 Louse","floor":1,"turns":1},{"damage":0,"enemies":"Cultist","floor":2,"turns":1},{"damage":0,"enemies":"Jaw Worm","floor":4,"turns":1},{"damage":9,"enemies":"Red Slaver","floor":5,"turns":4},{"damage":7,"enemies":"Looter","floor":6,"turns":3},{"damage":6,"enemies":"Gremlin Nob","floor":8,"turns":3},{"damage":0,"enemies":"Large Slime","floor":10,"turns":4},{"damage":20,"enemies":"Lots of Slimes","floor":11,"turns":4},{"damage":6,"enemies":"Blue Slaver","floor":14,"turns":2},{"damage":18,"enemies":"The Guardian","floor":16,"turns":10},{"damage":23,"enemies":"2 Thieves","floor":18,"turns":4},{"damage":4,"enemies":"Spheric Guardian","floor":20,"turns":3},{"damage":29,"enemies":"Snake Plant","floor":21,"turns":4},{"damage":15,"enemies":"Sentry and Sphere","floor":22,"turns":7},{"damage":36,"enemies":"Slavers","floor":24,"turns":2}],"seed_played":"5160387478722634499","potions_obtained":[{"floor":1,"key":"SkillPotion"},{"floor":6,"key":"Weak Potion"},{"floor":11,"key":"SkillPotion"},{"floor":16,"key":"Ancient Potion"},{"floor":18,"key":"EssenceOfSteel"},{"floor":22,"key":"Strength Potion"}],"is_trial":false,"path_per_floor":["M","M","?","M","M","M","R","E","T","M","M","$","R","M","R","B",null,"M","?","M","M","M","R","E"],"character_chosen":"DEFECT","items_purchased":["Self Repair"],"campfire_rested":1,"item_purchase_floors":[12],"current_hp_per_floor":[64,64,64,64,55,48,48,42,42,42,22,22,22,23,23,12,56,33,33,37,16,9,31,0],"gold":216,"neow_bonus":"THREE_ENEMY_KILL","is_prod":false,"is_daily":false,"chose_seed":false,"campfire_upgraded":3,"win_rate":0,"timestamp":1559138028,"path_taken":["M","M","?","M","M","?","R","E","T","?","M","$","R","M","R","BOSS","M","?","M","M","?","R","E"],"build_version":"2019-01-23","purchased_purges":1,"victory":false,"max_hp_per_floor":[71,71,71,71,71,71,71,71,71,71,71,71,71,71,71,71,71,71,71,72,73,74,74,74],"card_choices":[{"not_picked":["Glacier","Stack"],"picked":"Streamline","floor":1},{"not_picked":["Darkness","Rebound"],"picked":"Coolheaded","floor":2},{"not_picked":["Sweeping Beam","Steam Power","Redo"],"picked":"SKIP","floor":4},{"not_picked":["Steam Power","Blizzard"],"picked":"Streamline","floor":5},{"not_picked":["Turbo","Chaos"],"picked":"Beam Cell","floor":6},{"not_picked":["Lockon","Rainbow"],"picked":"Conserve Battery","floor":8},{"not_picked":["Compile Driver","Barrage"],"picked":"Rebound","floor":10},{"not_picked":["Reinforced Body","Rebound","Barrage"],"picked":"SKIP","floor":11},{"not_picked":["Barrage","Static Discharge"],"picked":"Gash","floor":14},{"not_picked":["Meteor Strike","Rainbow"],"picked":"Buffer","floor":16},{"not_picked":["Rebound","Reprogram","Compile Driver"],"picked":"SKIP","floor":18},{"not_picked":["Stack","Genetic Algorithm","Rebound"],"picked":"SKIP","floor":20},{"not_picked":["Ball Lightning","Go for the Eyes"],"picked":"Steam+1","floor":21},{"not_picked":["Steam Power","Leap"],"picked":"Steam","floor":22}],"player_experience":271256,"relics_obtained":[{"floor":8,"key":"Pocketwatch"},{"floor":9,"key":"Pen Nib"}],"event_choices":[{"cards_removed":["Strike_B"],"damage_healed":0,"gold_gain":0,"player_choice":"Offered Basic","damage_taken":0,"max_hp_gain":0,"max_hp_loss":0,"event_name":"Bonfire Elementals","floor":3,"gold_loss":0},{"damage_healed":0,"gold_gain":0,"player_choice":"Trade","damage_taken":0,"relics_obtained":["FaceOfCleric"],"max_hp_gain":0,"max_hp_loss":0,"event_name":"FaceTrader","floor":19,"gold_loss":0}],"is_beta":false,"boss_relics":[{"not_picked":["Cursed Key","Eternal Feather"],"picked":"Empty Cage"}],"items_purged_floors":[12],"is_endless":false,"potions_floor_spawned":[1,6,11,16,18,22],"killed_by":"Slavers","ascension_level":18}