{"gold_per_floor":[113,113,124,124,124,158,176,190,215,225,259,259,274,284,284,387,387,397,412,423,437,455,455,475,493,518,518,147,163,178,190,190,290,290,303,203,203,223,234,234],"floor_reached":40,"playtime":3205,"items_purged":["Strike_R","Writhe"],"score":460,"play_id":"530dfa80-dea6-4064-9873-0481e90ff42c","local_time":"20190217141703","is_ascension_mode":false,"campfire_choices":[{"data":"Inflame","floor":12,"key":"SMITH"},{"floor":15,"key":"REST"},{"floor":23,"key":"REST"},{"floor":27,"key":"REST"},{"floor":32,"key":"REST"}],"neow_cost":"NONE","seed_source_timestamp":199458166487985,"circlet_count":0,"master_deck":["Strike_R","Strike_R+1","Strike_R","Strike_R","Defend_R","Defend_R","Defend_R","Bash","Inflame+1","Disarm","Iron Wave","Dropkick","Heavy Blade","Flex","Heavy Blade","Flex","Bludgeon+1","Shrug It Off","Thunderclap","Seeing Red","Pommel Strike","Flex","Immolate","Normality","Normality","Flex+1"],"relics":["Black Blood","NeowsBlessing","Ancient Tea Set","Regal Pillow","PreservedInsect","Dodecahedron","Orichalcum","Bag of Marbles","Whetstone","Calling Bell","Strawberry","Frozen Egg 2","Ginger"],"potions_floor_usage":[10,10,10,18,21,22,22,25,31,33,33,33,33,33,40],"damage_taken":[{"damage":0,"enemies":"Jaw Worm","floor":1,"turns":1},{"damage":0,"enemies":"2 Louse","floor":3,"turns":1},{"damage":0,"enemies":"3 Sentries","floor":6,"turns":2},{"damage":4,"enemies":"Small Slimes","floor":7,"turns":4},{"damage":17,"enemies":"Blue Slaver","floor":8,"turns":3},{"damage":24,"enemies":"Gremlin Gang","floor":10,"turns":4},{"damage":5,"enemies":"Gremlin Nob","floor":11,"turns":4},{"damage":18,"enemies":"Exordium Wildlife","floor":13,"turns":6},{"damage":16,"enemies":"3 Louse","floor":14,"turns":3},{"damage":26,"enemies":"Slime Boss","floor":16,"turns":9},{"damage":24,"enemies":"Shell Parasite","floor":18,"turns":6},{"damage":31,"enemies":"2 Thieves","floor":19,"turns":5},{"damage":32,"enemies":"Snake Plant","floor":20,"turns":4},{"damage":0,"enemies":"Snecko","floor":21,"turns":2},{"damage":29,"enemies":"Shelled Parasite and Fungi","floor":22,"turns":8},{"damage":29,"enemies":"Snake Plant","floor":24,"turns":3},{"damage":35,"enemies":"Centurion and Healer","floor":25,"turns":5},{"damage":9,"enemies":"Snecko","floor":29,"turns":3},{"damage":0,"enemies":"Snake Plant","floor":30,"turns":2},{"damage":10,"enemies":"Centurion and Healer","floor":31,"turns":5},{"damage":84,"enemies":"Automaton","floor":33,"turns":12},{"damage":18,"enemies":"Orb Walker","floor":35,"turns":3},{"damage":6,"enemies":"3 Shapes","floor":38,"turns":3},{"damage":51,"enemies":"3 Darklings","floor":39,"turns":5},{"damage":62,"enemies":"Giant Head","floor":40,"turns":6}],"seed_played":"-6449320581905713247","potions_obtained":[{"floor":6,"key":"PowerPotion"},{"floor":7,"key":"Block Potion"},{"floor":8,"key":"LiquidBronze"},{"floor":13,"key":"EssenceOfSteel"},{"floor":14,"key":"Strength Potion"},{"floor":16,"key":"Ancient Potion"},{"floor":19,"key":"Dexterity Potion"},{"floor":21,"key":"Poison Potion"},{"floor":24,"key":"SpeedPotion"},{"floor":25,"key":"EntropicBrew"},{"floor":30,"key":"Block Potion"},{"floor":39,"key":"SkillPotion"}],"is_trial":false,"path_per_floor":["M","?","M","?","?","E","M","M","T","M","E","R","M","M","R","B",null,"M","M","M","M","M","R","M","M","T","R","$","M","M","M","R","B",null,"M","$","?","M","M","E"],"character_chosen":"IRONCLAD","items_purchased":["Bag of Marbles","Whetstone"],"campfire_rested":4,"item_purchase_floors":[28,28],"current_hp_per_floor":[80,85,85,78,78,84,85,74,74,56,57,57,45,35,75,55,85,71,50,28,38,19,59,40,15,15,55,55,56,66,66,85,11,92,84,84,84,87,46,0],"gold":234,"neow_bonus":"THREE_ENEMY_KILL","is_prod":false,"is_daily":false,"chose_seed":false,"campfire_upgraded":1,"win_rate":0.0,"timestamp":1550441823,"path_taken":["M","?","M","?","?","E","M","?","T","M","E","R","M","M","R","BOSS","M","M","M","M","M","R","M","?","T","R","$","M","M","M","R","BOSS","M","$","?","M","M","E"],"build_version":"2019-01-23","purchased_purges":2,"victory":false,"max_hp_per_floor":[80,85,85,85,85,85,85,85,85,85,85,85,85,85,85,85,85,85,85,85,85,85,85,85,85,85,85,85,85,85,85,85,85,92,92,92,87,87,87,87],"card_choices":[{"not_picked":["Flex","True Grit"],"picked":"Inflame","floor":1},{"not_picked":["Anger","Brutality"],"picked":"Disarm","floor":3},{"not_picked":["Wild Strike","Berserk"],"picked":"Iron Wave","floor":6},{"not_picked":["Corruption","Warcry","Rage"],"picked":"SKIP","floor":7},{"not_picked":["Feel No Pain","Corruption"],"picked":"Dropkick","floor":8},{"not_picked":["Spot Weakness","Sword Boomerang"],"picked":"Heavy Blade","floor":10},{"not_picked":["Sentinel","Pommel Strike"],"picked":"Flex","floor":11},{"not_picked":["Carnage","Sever Soul"],"picked":"Heavy Blade","floor":13},{"not_picked":["Clash","True Grit"],"picked":"Flex","floor":14},{"not_picked":["Feed","Immolate"],"picked":"Bludgeon","floor":16},{"not_picked":["Wild Strike","Evolve","Shrug It Off"],"picked":"SKIP","floor":18},{"not_picked":["Clothesline","Twin Strike"],"picked":"Shrug It Off","floor":19},{"not_picked":["Body Slam","Sword Boomerang+1"],"picked":"Thunderclap","floor":20},{"not_picked":["Headbutt","Heavy Blade"],"picked":"Seeing Red","floor":21},{"not_picked":["Rage+1","Feel No Pain"],"picked":"Pommel Strike","floor":22},{"not_picked":["Immolate","True Grit+1","Shrug It Off"],"picked":"SKIP","floor":24},{"not_picked":["Anger+1","Heavy Blade","Iron Wave"],"picked":"SKIP","floor":25},{"not_picked":["Hemokinesis","Dual Wield+1"],"picked":"Flex","floor":29},{"not_picked":["Pommel Strike","Perfected Strike","Sever Soul"],"picked":"SKIP","floor":30},{"not_picked":["Rupture","Warcry","Fire Breathing+1"],"picked":"SKIP","floor":31},{"not_picked":["Impervious","Fiend Fire"],"picked":"Immolate","floor":33},{"not_picked":["Burning Pact","Metallicize+1","Cleave"],"picked":"SKIP","floor":35},{"not_picked":["Wild Strike+1","Rampage+1","Sentinel"],"picked":"SKIP","floor":38},{"not_picked":["True Grit","Twin Strike+1"],"picked":"Flex+1","floor":39}],"player_experience":55249,"relics_obtained":[{"floor":6,"key":"Regal Pillow"},{"floor":9,"key":"PreservedInsect"},{"floor":11,"key":"Dodecahedron"},{"floor":26,"key":"Orichalcum"},{"floor":34,"key":"Strawberry"},{"floor":34,"key":"Frozen Egg 2"},{"floor":34,"key":"Ginger"}],"event_choices":[{"damage_healed":0,"gold_gain":0,"player_choice":"Donut","damage_taken":0,"max_hp_gain":5,"max_hp_loss":0,"event_name":"Big Fish","floor":2,"gold_loss":0},{"damage_healed":0,"gold_gain":0,"player_choice":"Success","damage_taken":7,"relics_obtained":["Ancient Tea Set"],"max_hp_gain":0,"max_hp_loss":0,"event_name":"Scrap Ooze","floor":4,"gold_loss":0},{"cards_removed":["Defend_R"],"damage_healed":0,"gold_gain":0,"player_choice":"Forget","damage_taken":0,"max_hp_gain":0,"max_hp_loss":0,"event_name":"Living Wall","floor":5,"gold_loss":0},{"damage_healed":0,"gold_gain":0,"player_choice":"Max HP","damage_taken":0,"max_hp_gain":0,"max_hp_loss":5,"event_name":"Winding Halls","floor":37,"gold_loss":0}],"is_beta":false,"boss_relics":[{"not_picked":["Philosopher\u0027s Stone","Velvet Choker"],"picked":"Black Blood"},{"not_picked":["Tiny House","Orrery"],"picked":"Calling Bell"}],"items_purged_floors":[28,36],"is_endless":false,"potions_floor_spawned":[6,7,8,13,14,16,19,21,24,25,30,39],"killed_by":"Giant Head","ascension_level":0}