{"gold_per_floor":[110,110,122,122,122,122,154,154,154,168,179,193,227,244,244,343,343,354,354,24,0,0,27,39,72,99,109,139,139,158,158,158,158],"floor_reached":33,"playtime":2199,"items_purged":[],"score":526,"play_id":"bb2e76ad-dbe4-4253-9a74-6b11744fb395","local_time":"20190510124346","is_ascension_mode":true,"campfire_choices":[{"floor":8,"key":"REST"},{"floor":15,"key":"REST"},{"floor":32,"key":"REST"}],"neow_cost":"NONE","seed_source_timestamp":4485510208821481,"circlet_count":0,"master_deck":["Strike_R+1","Strike_R","Strike_R","Strike_R","Strike_R","Defend_R","Defend_R","Defend_R","Defend_R+1","Bash","Juggernaut+1","Pummel","Flame Barrier+1","Havoc+1","Sentinel","Infernal Blade","Dual Wield","Heavy Blade","Shrug It Off","Impervious","Warcry+1","RitualDagger","Demon Form","Battle Trance","Ghostly","Ghostly","Ghostly","Ghostly","Ghostly","Spot Weakness+1","Body Slam","Barricade","True Grit","Ghostly Armor","Ghostly Armor"],"relics":["Burning Blood","Red Skull","Omamori","Blood Vial","Gremlin Horn","Orichalcum","Cursed Key","War Paint","Lantern","Potion Belt","Blue Candle","Girya"],"potions_floor_usage":[7,28,28,33,33],"damage_taken":[{"damage":1,"enemies":"Cultist","floor":1,"turns":3},{"damage":6,"enemies":"2 Louse","floor":3,"turns":3},{"damage":2,"enemies":"Gremlin Nob","floor":7,"turns":3},{"damage":4,"enemies":"Small Slimes","floor":10,"turns":4},{"damage":24,"enemies":"3 Louse","floor":11,"turns":4},{"damage":12,"enemies":"Red Slaver","floor":12,"turns":4},{"damage":15,"enemies":"Lagavulin","floor":13,"turns":5},{"damage":7,"enemies":"Blue Slaver","floor":14,"turns":4},{"damage":50,"enemies":"Slime Boss","floor":16,"turns":9},{"damage":19,"enemies":"Spheric Guardian","floor":18,"turns":4},{"damage":49,"enemies":"Gremlin Leader","floor":23,"turns":8},{"damage":0,"enemies":"3 Byrds","floor":24,"turns":3},{"damage":0,"enemies":"Slavers","floor":25,"turns":6},{"damage":0,"enemies":"Cultist and Chosen","floor":27,"turns":6},{"damage":17,"enemies":"Gremlin Leader","floor":28,"turns":9},{"damage":12,"enemies":"Sentry and Sphere","floor":30,"turns":5},{"damage":51,"enemies":"Collector","floor":33,"turns":7}],"seed_played":"-4932700328599078676","potions_obtained":[{"floor":1,"key":"Poison Potion"},{"floor":7,"key":"Dexterity Potion"},{"floor":10,"key":"Ancient Potion"},{"floor":16,"key":"FairyPotion"},{"floor":23,"key":"Dexterity Potion"},{"floor":24,"key":"Energy Potion"},{"floor":25,"key":"Ancient Potion"},{"floor":30,"key":"Block Potion"}],"is_trial":false,"path_per_floor":["?","?","?","?","M","?","?","?","M","?","T"],"character_chosen":"IRONCLAD","items_purchased":["Demon Form","Battle Trance","War Paint"],"campfire_rested":3,"item_purchase_floors":[20,20,20],"current_hp_per_floor":[77,77,77,52,36,36,40,64,64,68,52,48,41,42,66,24,66,55,49,49,49,40,10,18,26,26,34,25,20,16,16,29,0],"gold":158,"neow_bonus":"ONE_RANDOM_RARE_CARD","is_prod":false,"is_daily":false,"chose_seed":false,"campfire_upgraded":0,"win_rate":0,"timestamp":1557506626,"path_taken":["M","?","M","?","?","?","E","R","T","M","M","?","E","M","R","BOSS","M","?","$","?","?","E","M","E","T","?","E","?","M","?","R","BOSS"],"build_version":"2019-01-23","purchased_purges":0,"victory":false,"max_hp_per_floor":[80,80,80,80,80,80,80,80,80,80,80,80,80,80,80,80,80,80,80,80,80,40,40,40,40,40,40,40,45,45,45,45,45],"card_choices":[{"not_picked":["Rampage","Heavy Blade"],"picked":"Pummel","floor":1},{"not_picked":["Hemokinesis","Anger"],"picked":"Flame Barrier","floor":3},{"not_picked":["Headbutt","Perfected Strike"],"picked":"Havoc","floor":7},{"not_picked":["Armaments","Rupture"],"picked":"Sentinel","floor":10},{"not_picked":["Flex","Clothesline"],"picked":"Infernal Blade","floor":11},{"not_picked":["Seeing Red","Thunderclap"],"picked":"Dual Wield","floor":12},{"not_picked":["Rupture","Armaments"],"picked":"Heavy Blade","floor":13},{"not_picked":["Carnage","Dual Wield"],"picked":"Shrug It Off","floor":14},{"not_picked":["Exhume","Juggernaut"],"picked":"Impervious","floor":16},{"not_picked":["Wild Strike","Sword Boomerang+1"],"picked":"Warcry+1","floor":18},{"not_picked":["True Grit","Rupture"],"picked":"Spot Weakness+1","floor":23},{"not_picked":["Combust","Perfected Strike"],"picked":"Body Slam","floor":24},{"not_picked":["Havoc","Bludgeon"],"picked":"Barricade","floor":25},{"not_picked":["Clash","Clothesline+1"],"picked":"True Grit","floor":27},{"not_picked":["Blood for Blood","Dropkick+1"],"picked":"Ghostly Armor","floor":28},{"not_picked":["Rampage","Anger+1"],"picked":"Ghostly Armor","floor":30}],"player_experience":356375,"relics_obtained":[{"floor":6,"key":"Omamori"},{"floor":7,"key":"Blood Vial"},{"floor":9,"key":"Gremlin Horn"},{"floor":13,"key":"Orichalcum"},{"floor":23,"key":"Lantern"},{"floor":25,"key":"Potion Belt"},{"floor":28,"key":"Blue Candle"},{"floor":31,"key":"Girya"}],"event_choices":[{"damage_healed":0,"gold_gain":0,"player_choice":"Grow","damage_taken":0,"max_hp_gain":0,"max_hp_loss":0,"event_name":"Living Wall","floor":2,"gold_loss":0,"cards_upgraded":["Juggernaut"]},{"damage_healed":0,"gold_gain":0,"player_choice":"Success","damage_taken":25,"relics_obtained":["Red Skull"],"max_hp_gain":0,"max_hp_loss":0,"event_name":"Scrap Ooze","floor":4,"gold_loss":0},{"damage_healed":0,"gold_gain":0,"player_choice":"Entered Light","damage_taken":16,"max_hp_gain":0,"max_hp_loss":0,"event_name":"Shining Light","floor":5,"gold_loss":0,"cards_upgraded":["Flame Barrier","Strike_R"]},{"damage_healed":0,"gold_gain":0,"player_choice":"Relic","damage_taken":0,"max_hp_gain":0,"max_hp_loss":0,"event_name":"Wheel of Change","floor":6,"gold_loss":0},{"damage_healed":0,"gold_gain":0,"player_choice":"Joined the Cult","damage_taken":6,"max_hp_gain":0,"max_hp_loss":0,"event_name":"Nest","floor":19,"gold_loss":0,"cards_obtained":["RitualDagger"]},{"damage_healed":0,"gold_gain":0,"player_choice":"Paid Fearfully","damage_taken":0,"max_hp_gain":0,"max_hp_loss":0,"event_name":"Masked Bandits","floor":21,"gold_loss":24},{"damage_healed":0,"gold_gain":0,"player_choice":"Became a Ghost","damage_taken":0,"max_hp_gain":0,"max_hp_loss":40,"event_name":"Ghosts","floor":22,"gold_loss":0,"cards_obtained":["Ghostly","Ghostly","Ghostly","Ghostly","Ghostly"]},{"damage_healed":0,"gold_gain":0,"player_choice":"Shed Blood","damage_taken":10,"max_hp_gain":5,"max_hp_loss":0,"event_name":"Forgotten Altar","floor":29,"gold_loss":0}],"is_beta":false,"boss_relics":[{"not_picked":["Fusion Hammer","Sozu"],"picked":"Cursed Key"}],"items_purged_floors":[],"is_endless":false,"potions_floor_spawned":[1,7,10,16,23,24,25,30],"killed_by":"Collector","ascension_level":8}