{"gold_per_floor":[118,118,7,107,118,118,137,155,178,178,192,221,234,248,248,352,352],"floor_reached":17,"playtime":472,"items_purged":["Defend_B"],"score":159,"play_id":"ecaf4f7f-408c-46d3-b32c-e0b9b7c78c37","local_time":"20190201100649","is_ascension_mode":false,"campfire_choices":[{"data":"Defragment","floor":6,"key":"SMITH"},{"data":"Hologram","floor":10,"key":"SMITH"},{"floor":15,"key":"REST"}],"neow_cost":"NONE","seed_source_timestamp":293688134244432,"circlet_count":0,"master_deck":["Strike_B","Strike_B","Strike_B","Strike_B","Defend_B","Defend_B","Defend_B","Zap","Dualcast","Hologram+1","Defragment+1","Coolheaded","Conserve Battery","Gash","Creative AI","Gash","Self Repair","Machine Learning"],"relics":["Cracked Core","Bag of Preparation","Nuclear Battery"],"potions_floor_usage":[11,13,16],"damage_taken":[{"damage":1,"enemies":"2 Louse","floor":1,"turns":3},{"damage":1,"enemies":"Cultist","floor":5,"turns":3},{"damage":6,"enemies":"Jaw Worm","floor":7,"turns":3},{"damage":8,"enemies":"2 Fungi Beasts","floor":8,"turns":5},{"damage":16,"enemies":"Lots of Slimes","floor":11,"turns":3},{"damage":24,"enemies":"Gremlin Nob","floor":12,"turns":5},{"damage":0,"enemies":"Looter","floor":13,"turns":3},{"damage":17,"enemies":"Exordium Thugs","floor":14,"turns":5},{"damage":14,"enemies":"The Guardian","floor":16,"turns":12}],"seed_played":"7365853806801107316","potions_obtained":[{"floor":5,"key":"Block Potion"},{"floor":8,"key":"PowerPotion"},{"floor":12,"key":"Poison Potion"}],"is_trial":false,"path_per_floor":["M","?","$","?","M","R","M","M","T","R","M","E","M","M","R","B",null],"character_chosen":"DEFECT","items_purchased":["Defragment"],"campfire_rested":1,"item_purchase_floors":[3],"current_hp_per_floor":[81,81,81,81,80,80,74,66,66,66,50,26,26,9,33,26,82],"gold":352,"neow_bonus":"TEN_PERCENT_HP_BONUS","is_prod":false,"is_daily":false,"chose_seed":false,"campfire_upgraded":2,"win_rate":0,"timestamp":1549012009,"path_taken":["M","?","$","?","?","R","M","M","T","R","M","E","M","M","R","BOSS"],"build_version":"2019-01-23","purchased_purges":1,"victory":false,"max_hp_per_floor":[82,82,82,82,82,82,82,82,82,82,82,82,82,82,82,82,82],"card_choices":[{"not_picked":["Genetic Algorithm","Stack"],"picked":"Hologram","floor":1},{"not_picked":["Storm","Barrage"],"picked":"Coolheaded","floor":5},{"not_picked":["Ball Lightning","Stack"],"picked":"Conserve Battery","floor":7},{"not_picked":["Force Field","Barrage"],"picked":"Gash","floor":8},{"not_picked":["Redo","Steam","Stack"],"picked":"SKIP","floor":11},{"not_picked":["Redo","Sunder"],"picked":"Creative AI","floor":12},{"not_picked":["Ball Lightning","Coolheaded"],"picked":"Gash","floor":13},{"not_picked":["Tempest","Steam"],"picked":"Self Repair","floor":14},{"not_picked":["Electrodynamics","Hyperbeam"],"picked":"Machine Learning","floor":16}],"player_experience":50617,"relics_obtained":[{"floor":12,"key":"Bag of Preparation"}],"event_choices":[{"damage_healed":0,"gold_gain":0,"player_choice":"Ignored","damage_taken":0,"max_hp_gain":0,"max_hp_loss":0,"event_name":"Golden Idol","floor":2,"gold_loss":0},{"damage_healed":0,"gold_gain":100,"player_choice":"Pray","damage_taken":0,"max_hp_gain":0,"max_hp_loss":0,"event_name":"Golden Shrine","floor":4,"gold_loss":0}],"is_beta":false,"boss_relics":[{"not_picked":["Eternal Feather","Philosopher\u0027s Stone"],"picked":"Nuclear Battery"}],"items_purged_floors":[3],"is_endless":false,"potions_floor_spawned":[5,8,12],"ascension_level":0}