{"gold_per_floor":[114,114,114,66,85,119,119,151,151,151,36,36,56,71,71,166,166,186,186,186,201,220,220,248,263,263,263,263,28,28,40,40,144,144,162,174,189,189,241,241,80,0,0,0,0,15,15,33,33,33],"floor_reached":50,"playtime":3474,"items_purged":["Strike_B","Strike_B+1","Strike_B+1"],"score":543,"play_id":"57414d1a-5139-4300-a594-7e081566b9ba","local_time":"20190531193240","is_ascension_mode":false,"campfire_choices":[{"data":"Ball Lightning","floor":7,"key":"SMITH"},{"data":"Redo","floor":10,"key":"SMITH"},{"data":"Self Repair","floor":12,"key":"SMITH"},{"data":"Rainbow","floor":15,"key":"SMITH"},{"data":"Barrage","floor":23,"key":"SMITH"},{"data":"Auto Shields","floor":28,"key":"SMITH"},{"data":"White Noise","floor":32,"key":"SMITH"},{"data":"Capacitor","floor":44,"key":"SMITH"},{"data":"Electrodynamics","floor":47,"key":"SMITH"},{"floor":49,"key":"REST"}],"neow_cost":"NONE","seed_source_timestamp":1169287896602103,"circlet_count":0,"master_deck":["Defend_B+1","Defend_B+1","Defend_B+1","Defend_B+1","Zap","Dualcast+1","Ball Lightning+1","Conserve Battery","Redo+1","Leap","Self Repair+1","Barrage+1","Rainbow+1","Seek","Beam Cell","Auto Shields+1","White Noise+1","White Noise","Darkness+1","Ball Lightning","Steam","Defragment+1","Electrodynamics+1","Ball Lightning+1","Steam+1","Panacea","Chaos","Capacitor+1"],"relics":["Cracked Core","NeowsBlessing","Bottled Flame","Matryoshka","Bag of Preparation","Sundial","Nuclear Battery","Oddly Smooth Stone","Omamori","Ornamental Fan","Velvet Choker","Ice Cream","Red Mask","Pear"],"potions_floor_usage":[8,22,24,33,36,39,46],"damage_taken":[{"damage":0,"enemies":"Jaw Worm","floor":1,"turns":1},{"damage":0,"enemies":"2 Louse","floor":5,"turns":1},{"damage":0,"enemies":"3 Sentries","floor":6,"turns":1},{"damage":0,"enemies":"Gremlin Nob","floor":8,"turns":3},{"damage":0,"enemies":"Cultist","floor":13,"turns":2},{"damage":0,"enemies":"Large Slime","floor":14,"turns":4},{"damage":43,"enemies":"Hexaghost","floor":16,"turns":9},{"damage":0,"enemies":"Spheric Guardian","floor":18,"turns":3},{"damage":0,"enemies":"Chosen","floor":21,"turns":5},{"damage":2,"enemies":"Centurion and Healer","floor":22,"turns":7},{"damage":17,"enemies":"Book of Stabbing","floor":24,"turns":6},{"damage":2,"enemies":"3 Cultists","floor":25,"turns":6},{"damage":13,"enemies":"Sentry and Sphere","floor":31,"turns":5},{"damage":73,"enemies":"Collector","floor":33,"turns":11},{"damage":0,"enemies":"3 Shapes","floor":35,"turns":2},{"damage":4,"enemies":"Orb Walker","floor":36,"turns":4},{"damage":19,"enemies":"Jaw Worm Horde","floor":37,"turns":4},{"damage":15,"enemies":"2 Orb Walkers","floor":39,"turns":5},{"damage":26,"enemies":"Spire Growth","floor":46,"turns":4},{"damage":0,"enemies":"Sphere and 2 Shapes","floor":48,"turns":2},{"damage":93,"enemies":"Time Eater","floor":50,"turns":11}],"seed_played":"-8557959900673949791","potions_obtained":[{"floor":5,"key":"Fire Potion"},{"floor":6,"key":"Swift Potion"},{"floor":14,"key":"LiquidBronze"},{"floor":18,"key":"Regen Potion"},{"floor":25,"key":"Swift Potion"},{"floor":37,"key":"Fire Potion"},{"floor":39,"key":"Swift Potion"}],"is_trial":false,"path_per_floor":["M","?","?","$","M","E","R","E","T","R","$","R","M","M","R","B",null,"M","?","?","M","M","R","E","M","T","?","R","$","?","M","R","B",null,"M","M","M","?","?","?","$","?","T","R","?","M","R","M","R","B"],"character_chosen":"DEFECT","items_purchased":["Conserve Battery","Self Repair","Darkness","Ball Lightning","Steam","Capacitor"],"campfire_rested":1,"item_purchase_floors":[4,11,29,29,29,41],"current_hp_per_floor":[75,75,68,68,68,68,68,68,68,68,68,68,75,75,75,42,75,75,61,61,71,79,79,72,70,70,70,70,70,70,67,67,19,80,80,80,61,61,56,76,76,76,86,86,86,70,70,70,90,0],"gold":33,"neow_bonus":"THREE_ENEMY_KILL","is_prod":false,"is_daily":false,"chose_seed":false,"campfire_upgraded":9,"win_rate":0.0,"timestamp":1559352760,"path_taken":["M","?","?","$","M","E","R","E","T","R","$","R","M","M","R","BOSS","M","?","?","M","M","R","E","M","T","?","R","$","?","M","R","BOSS","M","M","?","?","?","?","$","?","T","R","?","M","R","M","R","BOSS"],"build_version":"2019-01-23","purchased_purges":3,"victory":false,"max_hp_per_floor":[75,75,75,75,75,75,75,75,75,75,75,75,75,75,75,75,75,75,80,80,80,80,80,80,80,80,80,80,80,80,80,80,80,80,80,80,80,80,80,80,80,80,90,90,90,90,90,90,90,90],"card_choices":[{"not_picked":["Sweeping Beam","Redo"],"picked":"Ball Lightning","floor":1},{"not_picked":["Rip and Tear","Skim"],"picked":"Redo","floor":5},{"not_picked":["Go for the Eyes","Coolheaded"],"picked":"Leap","floor":6},{"not_picked":["Reprogram","Hello World"],"picked":"Coolheaded","floor":8},{"not_picked":["Stack","Self Repair"],"picked":"Barrage","floor":13},{"not_picked":["Go for the Eyes","Aggregate"],"picked":"Rainbow","floor":14},{"not_picked":["Amplify","Reboot"],"picked":"Seek","floor":16},{"not_picked":["Go for the Eyes","Self Repair"],"picked":"Beam Cell","floor":18},{"not_picked":["Gash","Redo"],"picked":"Auto Shields","floor":21},{"not_picked":["Gash+1","Storm"],"picked":"White Noise","floor":22},{"not_picked":["Sweeping Beam+1","Redo+1"],"picked":"White Noise","floor":24},{"not_picked":["Hologram","Barrage","Compile Driver"],"picked":"SKIP","floor":25},{"not_picked":["Lockon+1","Seek"],"picked":"Defragment+1","floor":31},{"not_picked":["Biased Cognition","Amplify"],"picked":"Electrodynamics","floor":33},{"not_picked":["Ball Lightning","Barrage+1","Reinforced Body"],"picked":"SKIP","floor":35},{"not_picked":["Steam+1","Beam Cell"],"picked":"Ball Lightning+1","floor":36},{"not_picked":["Streamline","Reprogram+1"],"picked":"Steam+1","floor":37},{"not_picked":["Bandage Up","Madness"],"picked":"Panacea","floor":38},{"not_picked":["Darkness+1","Scrape"],"picked":"Chaos","floor":39},{"not_picked":["Static Discharge","Doom and Gloom","Sweeping Beam+1"],"picked":"SKIP","floor":46},{"not_picked":["Consume+1","Gash","Leap"],"picked":"SKIP","floor":48}],"player_experience":43051,"relics_obtained":[{"floor":6,"key":"Bottled Flame"},{"floor":8,"key":"Matryoshka"},{"floor":9,"key":"Bag of Preparation"},{"floor":9,"key":"Sundial"},{"floor":24,"key":"Oddly Smooth Stone"},{"floor":26,"key":"Omamori"},{"floor":26,"key":"Ornamental Fan"},{"floor":39,"key":"Ice Cream"},{"floor":43,"key":"Pear"}],"event_choices":[{"damage_healed":0,"gold_gain":0,"player_choice":"Grow","damage_taken":0,"max_hp_gain":0,"max_hp_loss":0,"event_name":"Living Wall","floor":2,"gold_loss":0,"cards_upgraded":["Dualcast"]},{"cards_removed":["Strike_B"],"damage_healed":0,"gold_gain":0,"player_choice":"Card Removal","damage_taken":7,"max_hp_gain":0,"max_hp_loss":0,"event_name":"Golden Wing","floor":3,"gold_loss":0},{"damage_healed":0,"gold_gain":0,"player_choice":"Shed Blood","damage_taken":19,"max_hp_gain":5,"max_hp_loss":0,"event_name":"Forgotten Altar","floor":19,"gold_loss":0},{"damage_healed":0,"gold_gain":0,"player_choice":"Simplicity","damage_taken":0,"max_hp_gain":0,"max_hp_loss":0,"event_name":"Back to Basics","floor":20,"gold_loss":0,"cards_upgraded":["Strike_B","Strike_B","Defend_B","Defend_B","Defend_B","Defend_B"]},{"damage_healed":0,"gold_gain":0,"player_choice":"Ignored","damage_taken":0,"max_hp_gain":0,"max_hp_loss":0,"event_name":"Vampires","floor":27,"gold_loss":0},{"damage_healed":0,"gold_gain":0,"player_choice":"Upgraded","damage_taken":0,"max_hp_gain":0,"max_hp_loss":0,"event_name":"Upgrade Shrine","floor":30,"gold_loss":0,"cards_upgraded":["Darkness"]},{"damage_healed":0,"gold_gain":0,"player_choice":"Memory 1","damage_taken":0,"max_hp_gain":0,"max_hp_loss":0,"event_name":"SensoryStone","floor":38,"gold_loss":0},{"damage_healed":0,"gold_gain":0,"player_choice":"Fight","damage_taken":0,"max_hp_gain":0,"max_hp_loss":0,"event_name":"Mysterious Sphere","floor":39,"gold_loss":0},{"damage_healed":20,"gold_gain":0,"player_choice":"Writhe","damage_taken":0,"max_hp_gain":0,"max_hp_loss":0,"event_name":"Winding Halls","floor":40,"gold_loss":0,"cards_obtained":["Writhe"]},{"damage_healed":0,"gold_gain":0,"player_choice":"Paid","damage_taken":0,"relics_obtained":["Red Mask"],"max_hp_gain":0,"max_hp_loss":0,"event_name":"Tomb of Lord Red Mask","floor":42,"gold_loss":80},{"cards_removed":["Coolheaded"],"damage_healed":0,"gold_gain":0,"player_choice":"Removed Skill","damage_taken":0,"max_hp_gain":0,"max_hp_loss":0,"event_name":"Falling","floor":45,"gold_loss":0}],"is_beta":false,"boss_relics":[{"not_picked":["FrozenCore","Runic Pyramid"],"picked":"Nuclear Battery"},{"not_picked":["Pandora\u0027s Box","Calling Bell"],"picked":"Velvet Choker"}],"items_purged_floors":[11,29,41],"is_endless":false,"potions_floor_spawned":[5,6,14,18,25,37,39],"killed_by":"Time Eater","ascension_level":0}