{"gold_per_floor":[116,116,129,139,159,159,187,205,205,205,219,240,43,56,56,180,180,200,220,145,168,168,232,232,232,282,282,37,37,53,63,63,63],"floor_reached":33,"playtime":2389,"items_purged":["Injury","Writhe"],"score":379,"play_id":"5d72e184-384b-4880-88d9-b5597a55da8d","local_time":"20190509022716","is_ascension_mode":true,"campfire_choices":[{"data":"Seeing Red","floor":6,"key":"SMITH"},{"floor":15,"key":"REST"},{"floor":24,"key":"REST"},{"data":"Entrench","floor":27,"key":"SMITH"},{"floor":32,"key":"REST"}],"neow_cost":"NONE","seed_source_timestamp":4361930475372079,"circlet_count":0,"master_deck":["Strike_R","Strike_R","Strike_R","Strike_R","Defend_R","Defend_R+1","Defend_R+1","Defend_R","Bash","Heavy Blade","Good Instincts","Seeing Red+1","Infernal Blade","Inflame","Feel No Pain","Immolate","Metallicize","Havoc","True Grit","Blind","Corruption","Double Tap","Fire Breathing","Armaments+1","Entrench+1","Uppercut","Feed","Juggernaut","Headbutt+1"],"relics":["Burning Blood","Ancient Tea Set","Mummified Hand","Bloody Idol","White Beast Statue","Tiny Chest","Self Forming Clay","War Paint","Ornamental Fan"],"potions_floor_usage":[11,21,23,23,23,23,30,33,33],"damage_taken":[{"damage":1,"enemies":"Small Slimes","floor":1,"turns":5},{"damage":0,"enemies":"Cultist","floor":3,"turns":3},{"damage":3,"enemies":"2 Louse","floor":4,"turns":4},{"damage":8,"enemies":"Blue Slaver","floor":5,"turns":3},{"damage":39,"enemies":"Lagavulin","floor":7,"turns":5},{"damage":22,"enemies":"Large Slime","floor":8,"turns":8},{"damage":9,"enemies":"3 Louse","floor":11,"turns":3},{"damage":11,"enemies":"Blue Slaver","floor":12,"turns":3},{"damage":9,"enemies":"Looter","floor":14,"turns":3},{"damage":15,"enemies":"The Guardian","floor":16,"turns":12},{"damage":2,"enemies":"Spheric Guardian","floor":18,"turns":4},{"damage":34,"enemies":"Shell Parasite","floor":19,"turns":4},{"damage":42,"enemies":"Shelled Parasite and Fungi","floor":21,"turns":6},{"damage":28,"enemies":"Book of Stabbing","floor":23,"turns":6},{"damage":15,"enemies":"Snake Plant","floor":30,"turns":5},{"damage":10,"enemies":"Centurion and Healer","floor":31,"turns":6},{"damage":86,"enemies":"Automaton","floor":33,"turns":8}],"seed_played":"2328717536747062840","potions_obtained":[{"floor":3,"key":"Fire Potion"},{"floor":5,"key":"SpeedPotion"},{"floor":8,"key":"EntropicBrew"},{"floor":12,"key":"AttackPotion"},{"floor":18,"key":"Swift Potion"},{"floor":19,"key":"Energy Potion"},{"floor":21,"key":"Regen Potion"},{"floor":23,"key":"Poison Potion"},{"floor":30,"key":"SkillPotion"}],"is_trial":false,"path_per_floor":["?","M","?","?","?","?","T"],"character_chosen":"IRONCLAD","items_purchased":["True Grit","Blind","Feed"],"campfire_rested":3,"item_purchase_floors":[13,13,28],"current_hp_per_floor":[85,85,88,88,86,86,53,37,37,37,34,29,29,26,52,43,77,81,53,53,17,17,20,46,46,51,51,51,51,47,51,78,0],"gold":63,"neow_bonus":"TEN_PERCENT_HP_BONUS","is_prod":false,"is_daily":false,"chose_seed":false,"campfire_upgraded":2,"win_rate":0,"timestamp":1557383236,"path_taken":["M","?","M","M","?","R","E","M","T","?","M","M","$","M","R","BOSS","M","M","?","M","?","E","R","?","T","R","$","?","M","M","R","BOSS"],"build_version":"2019-01-23","purchased_purges":2,"victory":false,"max_hp_per_floor":[88,88,88,88,88,88,88,88,88,88,88,88,88,88,88,88,88,88,88,88,88,88,88,88,88,88,88,88,88,88,91,91,91],"card_choices":[{"not_picked":["Twin Strike","Warcry"],"picked":"Heavy Blade","floor":1},{"not_picked":["Pommel Strike","Twin Strike"],"picked":"Seeing Red","floor":3},{"not_picked":["Twin Strike","Heavy Blade"],"picked":"Infernal Blade","floor":4},{"not_picked":["Twin Strike","Sword Boomerang"],"picked":"Inflame","floor":5},{"not_picked":["Second Wind","Cleave"],"picked":"Feel No Pain","floor":7},{"not_picked":["Clash","Flex"],"picked":"Immolate","floor":8},{"not_picked":["Rampage","Armaments"],"picked":"Metallicize","floor":11},{"not_picked":["Rampage","Perfected Strike"],"picked":"Havoc","floor":12},{"not_picked":["Pommel Strike","True Grit"],"picked":"Corruption","floor":14},{"not_picked":["Berserk","Bludgeon"],"picked":"Double Tap","floor":16},{"not_picked":["Warcry","Clash"],"picked":"Fire Breathing","floor":18},{"not_picked":["Pommel Strike+1","Thunderclap"],"picked":"Armaments+1","floor":19},{"not_picked":["Bloodletting","Carnage+1"],"picked":"Entrench","floor":21},{"not_picked":["Armaments","True Grit+1"],"picked":"Uppercut","floor":23},{"not_picked":["Thunderclap","Cleave"],"picked":"Juggernaut","floor":30},{"not_picked":["Infernal Blade","Armaments+1"],"picked":"Headbutt+1","floor":31}],"player_experience":333426,"relics_obtained":[{"floor":7,"key":"Ancient Tea Set"},{"floor":9,"key":"Mummified Hand"},{"floor":23,"key":"Tiny Chest"},{"floor":26,"key":"War Paint"},{"floor":29,"key":"Ornamental Fan"}],"event_choices":[{"damage_healed":0,"gold_gain":0,"player_choice":"1 cards matched","damage_taken":0,"max_hp_gain":0,"max_hp_loss":0,"event_name":"Match and Keep!","floor":2,"gold_loss":0,"cards_obtained":["Good Instincts"]},{"damage_healed":0,"gold_gain":0,"player_choice":"Take Wound","damage_taken":0,"relics_obtained":["Golden Idol"],"max_hp_gain":0,"max_hp_loss":0,"event_name":"Golden Idol","floor":10,"gold_loss":0,"cards_obtained":["Injury"]},{"cards_removed":["Strike_R"],"damage_healed":0,"gold_gain":0,"player_choice":"Gave Gold","damage_taken":0,"max_hp_gain":0,"max_hp_loss":0,"event_name":"Beggar","floor":20,"gold_loss":75},{"damage_healed":0,"gold_gain":0,"player_choice":"Gave Idol","damage_taken":0,"relics_obtained":["Bloody Idol"],"max_hp_gain":0,"max_hp_loss":0,"event_name":"Forgotten Altar","floor":22,"relics_lost":["Golden Idol"],"gold_loss":0},{"damage_healed":0,"gold_gain":0,"player_choice":"Opened","damage_taken":0,"relics_obtained":["Self Forming Clay"],"max_hp_gain":0,"max_hp_loss":0,"event_name":"The Mausoleum","floor":25,"gold_loss":0,"cards_obtained":["Writhe"]}],"is_beta":false,"boss_relics":[{"not_picked":["Calling Bell","Black Blood"],"picked":"White Beast Statue"}],"items_purged_floors":[13,28],"is_endless":false,"potions_floor_spawned":[3,5,8,12,18,19,21,23,30,31],"killed_by":"Automaton","ascension_level":8}