{"gold_per_floor":[360,405,79,154,134,134,161,172,172,172,72,247,247,265,265,265],"floor_reached":16,"playtime":278,"items_purged":["Strike_R","Defend_R"],"score":101,"play_id":"1e44b2a8-b0c4-4fcb-b87e-7d690d044f3b","local_time":"20190128155736","is_ascension_mode":true,"campfire_choices":[{"data":"Armaments","floor":6,"key":"SMITH"},{"data":"True Grit","floor":10,"key":"SMITH"},{"data":"Bash","floor":13,"key":"SMITH"},{"data":"True Grit","floor":15,"key":"SMITH"}],"neow_cost":"PERCENT_DAMAGE","seed_source_timestamp":825708675201,"circlet_count":0,"master_deck":["Strike_R","Strike_R","Strike_R+1","Strike_R","Defend_R","Defend_R","Defend_R","Bash+1","Cleave+1","Armaments+1","True Grit+1","Doubt","True Grit+1"],"relics":["Burning Blood","Pen Nib","Lee\u0027s Waffle","Gremlin Horn","Whetstone"],"potions_floor_usage":[16,16],"damage_taken":[{"damage":1,"enemies":"Cultist","floor":1,"turns":3},{"damage":33,"enemies":"Gremlin Nob","floor":7,"turns":5},{"damage":0,"enemies":"Jaw Worm","floor":8,"turns":4},{"damage":2,"enemies":"Small Slimes","floor":14,"turns":3},{"damage":59,"enemies":"Hexaghost","floor":16,"turns":11}],"seed_played":"6902127294563846758","potions_obtained":[{"floor":5,"key":"Ancient Potion"},{"floor":7,"key":"FearPotion"},{"floor":8,"key":"Poison Potion"}],"is_trial":false,"path_per_floor":["M","T","$","?","?","R","E","M","T","R","$","?","R","M","R","B"],"character_chosen":"IRONCLAD","items_purchased":["Lee\u0027s Waffle","Armaments"],"campfire_rested":0,"item_purchase_floors":[3,3],"current_hp_per_floor":[61,61,87,76,76,76,49,55,55,55,55,55,55,59,59,0],"gold":265,"neow_bonus":"TWO_FIFTY_GOLD","is_prod":false,"is_daily":false,"chose_seed":false,"campfire_upgraded":4,"win_rate":0,"timestamp":1548687456,"path_taken":["M","?","$","?","?","R","E","?","T","R","?","?","R","M","R","BOSS"],"build_version":"2019-01-23","purchased_purges":2,"victory":false,"max_hp_per_floor":[80,80,87,87,87,87,87,87,87,87,87,87,87,87,87,87],"card_choices":[{"not_picked":["Warcry","Rage"],"picked":"Cleave","floor":1},{"not_picked":["Perfected Strike","Seeing Red"],"picked":"True Grit","floor":7},{"not_picked":["Warcry","Infernal Blade","Fire Breathing"],"picked":"SKIP","floor":8},{"not_picked":["Clash","Armaments"],"picked":"True Grit","floor":14}],"player_experience":26094,"relics_obtained":[{"floor":2,"key":"Pen Nib"},{"floor":7,"key":"Gremlin Horn"},{"floor":9,"key":"Whetstone"}],"event_choices":[{"damage_healed":0,"gold_gain":75,"player_choice":"Gather Gold","damage_taken":11,"max_hp_gain":0,"max_hp_loss":0,"event_name":"World of Goop","floor":4,"gold_loss":0},{"damage_healed":0,"gold_gain":0,"player_choice":"Bought 1 Potion","damage_taken":0,"max_hp_gain":0,"max_hp_loss":0,"event_name":"The Woman in Blue","floor":5,"gold_loss":0},{"damage_healed":0,"gold_gain":175,"player_choice":"AGREE","damage_taken":0,"max_hp_gain":0,"max_hp_loss":0,"event_name":"Liars Game","floor":12,"gold_loss":0,"cards_obtained":["Doubt"]}],"is_beta":false,"boss_relics":[],"items_purged_floors":[3,11],"is_endless":false,"potions_floor_spawned":[7,8,14],"killed_by":"Hexaghost","ascension_level":1}