{"gold_per_floor":[113,188,201,201,201,201,234,257,281,294,145,159,182,207,207,337,337,357,357,457,189,189],"floor_reached":22,"playtime":9620,"items_purged":[],"score":211,"play_id":"6f111bb4-1e19-46f3-abc5-86b7169f76e8","local_time":"20190513004337","is_ascension_mode":false,"campfire_choices":[{"data":"Dual Wield","floor":6,"key":"SMITH"},{"floor":15,"key":"REST"}],"neow_cost":"NONE","seed_source_timestamp":0,"circlet_count":0,"master_deck":["Strike_R","Strike_R","Strike_R","Strike_R","Strike_R","Defend_R","Defend_R","Defend_R","Bash","Clothesline","Dual Wield+1","Inflame","Thunderclap","Clothesline","Shrug It Off","Anger","Shrug It Off","Searing Blow","Shrug It Off","Armaments","Juggernaut","Rage+1","Ghostly","Ghostly","Ghostly","Ghostly","Ghostly","Flame Barrier","Thinking Ahead"],"special_seed":0,"relics":["Mark of Pain","Golden Idol","Centennial Puzzle","Dream Catcher","Black Star"],"potions_floor_usage":[13,14,16,16,16,16],"damage_taken":[{"damage":0,"enemies":"Small Slimes","floor":1,"turns":3},{"damage":6,"enemies":"Jaw Worm","floor":3,"turns":4},{"damage":43,"enemies":"3 Sentries","floor":7,"turns":10},{"damage":5,"enemies":"2 Louse","floor":8,"turns":2},{"damage":3,"enemies":"2 Fungi Beasts","floor":10,"turns":3},{"damage":0,"enemies":"Gremlin Gang","floor":12,"turns":3},{"damage":9,"enemies":"Exordium Thugs","floor":13,"turns":4},{"damage":0,"enemies":"Lots of Slimes","floor":14,"turns":3},{"damage":16,"enemies":"Hexaghost","floor":16,"turns":11},{"damage":5,"enemies":"Chosen","floor":18,"turns":4},{"damage":38,"enemies":"3 Byrds","floor":22,"turns":5}],"seed_played":"7386287831171878115","potions_obtained":[{"floor":7,"key":"EssenceOfSteel"},{"floor":12,"key":"BloodPotion"},{"floor":13,"key":"EntropicBrew"}],"is_trial":false,"path_per_floor":["M","?","M","?","?","R","E","M","T","M","$","M","M","M","R","B",null,"M","?","?","$","M"],"character_chosen":"IRONCLAD","items_purchased":["Anger","Poison Potion","SkillPotion","Flame Barrier","Thinking Ahead"],"campfire_rested":1,"item_purchase_floors":[11,11,11,21,21],"current_hp_per_floor":[80,69,63,63,63,63,20,15,15,12,12,12,10,10,32,16,74,69,37,37,37,0],"gold":189,"neow_bonus":"BOSS_RELIC","is_prod":false,"is_daily":false,"chose_seed":false,"campfire_upgraded":1,"win_rate":0.0,"timestamp":1557719017,"path_taken":["M","?","M","?","?","R","E","M","T","M","$","M","M","M","R","BOSS","M","?","?","$","M"],"build_version":"2019-01-23","purchased_purges":0,"victory":false,"max_hp_per_floor":[80,80,80,80,74,74,74,74,74,74,74,74,74,74,74,74,74,74,37,37,37,37],"card_choices":[{"not_picked":["Clash","Rupture"],"picked":"Clothesline","floor":1},{"not_picked":["Clash","Cleave"],"picked":"Dual Wield","floor":3},{"not_picked":["Flex","Entrench"],"picked":"Thunderclap","floor":7},{"not_picked":["Warcry","Twin Strike"],"picked":"Clothesline","floor":8},{"not_picked":["Fiend Fire","Anger"],"picked":"Shrug It Off","floor":10},{"not_picked":["Shockwave","Flex"],"picked":"Shrug It Off","floor":12},{"not_picked":["Clothesline","True Grit"],"picked":"Searing Blow","floor":13},{"not_picked":["Pommel Strike","Battle Trance"],"picked":"Shrug It Off","floor":14},{"not_picked":["Intimidate","Pommel Strike"],"picked":"Armaments","floor":15},{"not_picked":["Impervious","Demon Form"],"picked":"Juggernaut","floor":16},{"not_picked":["Uppercut","Fire Breathing"],"picked":"Rage+1","floor":18}],"player_experience":2600,"relics_obtained":[{"floor":7,"key":"Centennial Puzzle"},{"floor":9,"key":"Dream Catcher"}],"event_choices":[{"damage_healed":0,"gold_gain":75,"player_choice":"Gather Gold","damage_taken":11,"max_hp_gain":0,"max_hp_loss":0,"event_name":"World of Goop","floor":2,"gold_loss":0},{"damage_healed":0,"gold_gain":0,"cards_transformed":["Defend_R"],"player_choice":"Change","damage_taken":0,"max_hp_gain":0,"max_hp_loss":0,"event_name":"Living Wall","floor":4,"gold_loss":0,"cards_obtained":["Inflame"]},{"damage_healed":0,"gold_gain":0,"player_choice":"Lose Max HP","damage_taken":0,"relics_obtained":["Golden Idol"],"max_hp_gain":0,"max_hp_loss":6,"event_name":"Golden Idol","floor":5,"gold_loss":0},{"damage_healed":0,"gold_gain":0,"player_choice":"Became a Ghost","damage_taken":0,"max_hp_gain":0,"max_hp_loss":37,"event_name":"Ghosts","floor":19,"gold_loss":0,"cards_obtained":["Ghostly","Ghostly","Ghostly","Ghostly","Ghostly"]},{"damage_healed":0,"gold_gain":100,"player_choice":"Pray","damage_taken":0,"max_hp_gain":0,"max_hp_loss":0,"event_name":"Golden Shrine","floor":20,"gold_loss":0}],"is_beta":false,"boss_relics":[{"not_picked":["Runic Dome","White Beast Statue"],"picked":"Black Star"}],"items_purged_floors":[],"is_endless":false,"potions_floor_spawned":[7,12,13],"killed_by":"3 Byrds","ascension_level":0}