{"gold_per_floor":[119,119,131,206,221,253,253,316,316,316,333,346,2,32,32,105,105,85,105,119,119,131,131,151,6,6,6,34,94,94],"floor_reached":30,"playtime":2968,"items_purged":[],"score":581,"play_id":"b0a1cc26-78f6-4f23-bf7c-6e0f3d854dab","local_time":"20190519145352","is_ascension_mode":true,"campfire_choices":[{"data":"Dualcast","floor":7,"key":"SMITH"},{"data":"Zap","floor":10,"key":"SMITH"},{"data":"Sunder","floor":15,"key":"SMITH"},{"data":"Buffer","floor":23,"key":"SMITH"}],"neow_cost":"NONE","seed_source_timestamp":32632222282052,"circlet_count":0,"master_deck":["AscendersBane","Zap+1","Dualcast+1","Cold Snap","Conserve Battery","Sunder+1","BootSequence","Cold Snap","White Noise","Conserve Battery","Creative AI","Go for the Eyes","Ball Lightning","Buffer+1","Double Energy","Amplify","Amplify","Turbo","Fission","Meteor Strike","Glacier","Blizzard","Darkness","Double Energy","Bite","Bite","Bite","Bite","Bite","Leap+1","Core Surge","Reinforced Body"],"relics":["Cracked Core","PreservedInsect","StoneCalendar","Pantograph","Art of War","Orichalcum","Pandora\u0027s Box","Pen Nib","Bottled Tornado","SsserpentHead","Omamori"],"potions_floor_usage":[9,16],"damage_taken":[{"damage":8,"enemies":"2 Louse","floor":1,"turns":3},{"damage":0,"enemies":"Small Slimes","floor":3,"turns":2},{"damage":0,"enemies":"Cultist","floor":5,"turns":4},{"damage":3,"enemies":"Gremlin Nob","floor":6,"turns":3},{"damage":0,"enemies":"Looter","floor":11,"turns":2},{"damage":0,"enemies":"Lots of Slimes","floor":12,"turns":4},{"damage":0,"enemies":"3 Sentries","floor":14,"turns":6},{"damage":0,"enemies":"Slime Boss","floor":16,"turns":7},{"damage":13,"enemies":"2 Thieves","floor":18,"turns":4},{"damage":3,"enemies":"3 Byrds","floor":19,"turns":7},{"damage":6,"enemies":"Sentry and Sphere","floor":20,"turns":7},{"damage":16,"enemies":"Cultist and Chosen","floor":22,"turns":6},{"damage":0,"enemies":"Centurion and Healer","floor":24,"turns":7},{"damage":41,"enemies":"Slavers","floor":28,"turns":7},{"damage":5,"enemies":"Snecko","floor":29,"turns":7},{"damage":27,"enemies":"Book of Stabbing","floor":30,"turns":3}],"seed_played":"1340741969780379345","potions_obtained":[{"floor":3,"key":"Explosive Potion"},{"floor":6,"key":"Fruit Juice"},{"floor":11,"key":"Regen Potion"},{"floor":14,"key":"Strength Potion"},{"floor":24,"key":"PowerPotion"}],"is_trial":false,"path_per_floor":["?","?","?","?","?","M"],"character_chosen":"DEFECT","items_purchased":["Conserve Battery","Creative AI","Art of War","Go for the Eyes","Pen Nib"],"campfire_rested":0,"item_purchase_floors":[13,13,13,13,25],"current_hp_per_floor":[60,57,57,46,46,43,43,43,48,48,48,48,48,48,48,73,78,65,62,56,56,42,42,54,54,54,54,23,24,0],"gold":94,"neow_bonus":"REMOVE_CARD","is_prod":false,"is_daily":false,"chose_seed":false,"campfire_upgraded":4,"win_rate":0,"timestamp":1558292032,"path_taken":["M","?","M","?","M","E","R","?","T","R","M","M","$","E","R","BOSS","M","M","M","?","M","R","M","$","T","?","E","?","E"],"build_version":"2019-01-23","purchased_purges":0,"victory":false,"max_hp_per_floor":[75,75,75,75,75,75,75,75,80,80,80,80,80,80,80,80,80,80,80,80,56,56,56,56,56,56,56,56,56,56],"card_choices":[{"not_picked":["Conserve Battery","Leap"],"picked":"Cold Snap","floor":1},{"not_picked":["Rip and Tear","Gash"],"picked":"Conserve Battery","floor":3},{"not_picked":["Rebound","Beam Cell"],"picked":"Sunder","floor":5},{"not_picked":["Cold Snap","Fission"],"picked":"BootSequence","floor":6},{"not_picked":["Ball Lightning","Rebound"],"picked":"Cold Snap","floor":11},{"not_picked":["Coolheaded","Gash"],"picked":"White Noise","floor":12},{"not_picked":["Gash","Force Field"],"picked":"Ball Lightning","floor":14},{"not_picked":["Machine Learning","Biased Cognition"],"picked":"Buffer","floor":16},{"not_picked":["Conserve Battery","Leap"],"picked":"Blizzard","floor":18},{"not_picked":["Ball Lightning","Barrage"],"picked":"Darkness","floor":19},{"not_picked":["Leap","Beam Cell"],"picked":"Double Energy","floor":20},{"not_picked":["Reprogram","Rip and Tear"],"picked":"Leap+1","floor":22},{"not_picked":["Stack","Barrage","Fusion"],"picked":"SKIP","floor":24},{"not_picked":["Tempest","Double Energy"],"picked":"Core Surge","floor":28},{"not_picked":["Recycle","Blizzard"],"picked":"Reinforced Body","floor":29}],"player_experience":569322,"relics_obtained":[{"floor":6,"key":"StoneCalendar"},{"floor":9,"key":"Pantograph"},{"floor":14,"key":"Orichalcum"},{"floor":26,"key":"Bottled Tornado"},{"floor":28,"key":"Omamori"}],"event_choices":[{"damage_healed":0,"gold_gain":0,"player_choice":"Success","damage_taken":3,"relics_obtained":["PreservedInsect"],"max_hp_gain":0,"max_hp_loss":0,"event_name":"Scrap Ooze","floor":2,"gold_loss":0},{"damage_healed":0,"gold_gain":75,"player_choice":"Gather Gold","damage_taken":11,"max_hp_gain":0,"max_hp_loss":0,"event_name":"World of Goop","floor":4,"gold_loss":0},{"damage_healed":0,"gold_gain":63,"player_choice":"Gained Gold","damage_taken":0,"max_hp_gain":0,"max_hp_loss":0,"event_name":"Golden Wing","floor":8,"gold_loss":0},{"damage_healed":0,"gold_gain":0,"player_choice":"Became a vampire","damage_taken":0,"max_hp_gain":0,"max_hp_loss":24,"event_name":"Vampires","floor":21,"gold_loss":0,"cards_obtained":["Bite","Bite","Bite","Bite","Bite"]},{"damage_healed":0,"gold_gain":0,"player_choice":"Trade","damage_taken":0,"relics_obtained":["SsserpentHead"],"max_hp_gain":0,"max_hp_loss":0,"event_name":"FaceTrader","floor":27,"gold_loss":0}],"is_beta":false,"boss_relics":[{"not_picked":["Lizard Tail","Tiny House"],"picked":"Pandora\u0027s Box"}],"items_purged_floors":[],"is_endless":false,"potions_floor_spawned":[3,6,11,12,14,24,29],"killed_by":"Book of Stabbing","ascension_level":13}