{"gold_per_floor":[110,110,185,211,16,16,41,41,41,76,76,88,88,99,99,203,203,213,213,138,158,89,115,127,157,203,221,255,170,63,78,78,177,177,188,188,202,127,139,139,170,181,181,191,191,203,203,5,5,5],"floor_reached":51,"playtime":24311,"items_purged":["Injury"],"score":1171,"play_id":"34f96fba-7a4d-4b15-906e-1f5343fc3821","local_time":"20190512201402","is_ascension_mode":true,"campfire_choices":[{"data":"Neutralize","floor":6,"key":"SMITH"},{"floor":8,"key":"REST"},{"data":"Cloak And Dagger","floor":13,"key":"SMITH"},{"floor":15,"key":"REST"},{"floor":32,"key":"REST"},{"data":"Noxious Fumes","floor":40,"key":"SMITH"},{"floor":47,"key":"REST"},{"floor":49,"key":"REST"}],"neow_cost":"NONE","seed_source_timestamp":4663419907000999,"circlet_count":0,"master_deck":["Defend_G+1","Defend_G+1","Defend_G+1","Defend_G+1","Defend_G+1","Strike_G+1","Strike_G+1","Strike_G+1","Strike_G+1","Strike_G+1","Survivor","Neutralize+1","Cloak And Dagger+1","PiercingWail","Cloak And Dagger+1","Expertise+1","Predator","Bullet Time+1","Outmaneuver+1","Dash","Footwork","Backstab","Backstab+1","Catalyst+1","Predator","Malaise+1","Well Laid Plans","Calculated Gamble+1","Noxious Fumes+1","Burst+1","Flechettes+1","After Image","Dark Shackles+1","Dagger Spray+1","Predator","Deadly Poison+1","Dagger Throw","Caltrops","Crippling Poison+1","Deadly Poison+1","Crippling Poison+1","Bane+1"],"relics":["Ring of the Snake","Snake Skull","Oddly Smooth Stone","Toxic Egg 2","Blue Candle","Darkstone Periapt","PreservedInsect","Velvet Choker","Ice Cream","Meat on the Bone","Happy Flower","Centennial Puzzle","Ancient Tea Set","Black Star","Potion Belt","Letter Opener","Dream Catcher"],"potions_floor_usage":[10,16,25,28,45,50,50,50],"damage_taken":[{"damage":3,"enemies":"Jaw Worm","floor":1,"turns":6},{"damage":23,"enemies":"3 Sentries","floor":7,"turns":16},{"damage":16,"enemies":"Gremlin Nob","floor":10,"turns":5},{"damage":0,"enemies":"2 Louse","floor":12,"turns":4},{"damage":0,"enemies":"Cultist","floor":14,"turns":3},{"damage":22,"enemies":"The Guardian","floor":16,"turns":16},{"damage":0,"enemies":"Chosen","floor":18,"turns":5},{"damage":5,"enemies":"Spheric Guardian","floor":21,"turns":5},{"damage":0,"enemies":"Book of Stabbing","floor":23,"turns":7},{"damage":4,"enemies":"Chosen and Byrds","floor":24,"turns":7},{"damage":25,"enemies":"Gremlin Leader","floor":25,"turns":9},{"damage":3,"enemies":"Centurion and Healer","floor":27,"turns":7},{"damage":23,"enemies":"Book of Stabbing","floor":28,"turns":6},{"damage":3,"enemies":"Snake Plant","floor":31,"turns":5},{"damage":35,"enemies":"Champ","floor":33,"turns":13},{"damage":4,"enemies":"Orb Walker","floor":35,"turns":4},{"damage":0,"enemies":"3 Darklings","floor":37,"turns":7},{"damage":0,"enemies":"4 Shapes","floor":39,"turns":5},{"damage":1,"enemies":"Giant Head","floor":41,"turns":8},{"damage":13,"enemies":"Writhing Mass","floor":42,"turns":5},{"damage":25,"enemies":"3 Darklings","floor":44,"turns":6},{"damage":0,"enemies":"Nemesis","floor":45,"turns":2},{"damage":32,"enemies":"Jaw Worm Horde","floor":46,"turns":6},{"damage":4,"enemies":"Donu and Deca","floor":50,"turns":8}],"seed_played":"-2732558057159161487","potions_obtained":[{"floor":7,"key":"Poison Potion"},{"floor":10,"key":"Swift Potion"},{"floor":14,"key":"Strength Potion"},{"floor":21,"key":"Block Potion"},{"floor":23,"key":"Ancient Potion"},{"floor":25,"key":"Regen Potion"},{"floor":28,"key":"SmokeBomb"},{"floor":31,"key":"Explosive Potion"},{"floor":37,"key":"Strength Potion"},{"floor":39,"key":"SmokeBomb"},{"floor":41,"key":"GamblersBrew"}],"is_trial":false,"path_per_floor":["?","?","T","?","?","?","$","M","?","?","$"],"character_chosen":"THE_SILENT","items_purchased":["Oddly Smooth Stone","PiercingWail","Footwork","Well Laid Plans","Calculated Gamble+1","Crippling Poison+1","Regen Potion","Dexterity Potion"],"campfire_rested":5,"item_purchase_floors":[5,5,22,30,30,48,48,48],"current_hp_per_floor":[67,72,61,61,61,61,38,62,62,46,46,46,46,46,70,48,74,74,74,74,69,69,69,65,40,40,49,53,53,53,50,74,51,74,70,76,76,76,76,76,75,62,62,49,49,29,55,55,81,87],"gold":5,"neow_bonus":"TEN_PERCENT_HP_BONUS","is_prod":false,"is_daily":false,"chose_seed":false,"campfire_upgraded":3,"win_rate":0,"timestamp":1557706442,"path_taken":["M","?","?","?","$","R","E","R","T","E","?","M","R","M","R","BOSS","M","?","?","M","?","E","M","E","T","?","E","?","$","M","R","BOSS","M","?","M","?","M","R","E","M","T","M","E","M","R","$","R","BOSS"],"build_version":"2019-01-23","purchased_purges":1,"victory":true,"max_hp_per_floor":[77,82,82,82,82,82,82,82,82,82,82,82,82,82,82,82,82,82,82,82,82,82,82,82,82,82,82,82,82,82,82,82,82,82,82,88,88,88,88,88,88,88,88,88,88,88,88,88,88,88],"card_choices":[{"not_picked":["Flechettes","Dagger Spray"],"picked":"Cloak And Dagger","floor":1},{"not_picked":["Heel Hook","Deadly Poison"],"picked":"Cloak And Dagger","floor":7},{"not_picked":["Finisher","Bane"],"picked":"Expertise+1","floor":10},{"not_picked":["Masterful Stab","Slice"],"picked":"Blade Dance+1","floor":12},{"not_picked":["Underhanded Strike","Calculated Gamble+1"],"picked":"Predator","floor":14},{"not_picked":["Unload","Storm of Steel+1"],"picked":"Bullet Time+1","floor":16},{"not_picked":["Underhanded Strike+1","Quick Slash"],"picked":"Outmaneuver+1","floor":18},{"not_picked":["Terror+1","Cloak And Dagger+1"],"picked":"Dash","floor":21},{"not_picked":["Dodge and Roll+1","Calculated Gamble+1"],"picked":"Backstab","floor":23},{"not_picked":["Slice","Outmaneuver+1"],"picked":"Backstab+1","floor":24},{"not_picked":["Outmaneuver+1","Acrobatics+1"],"picked":"Catalyst+1","floor":25},{"not_picked":["Sucker Punch","Masterful Stab"],"picked":"Predator","floor":27},{"not_picked":["Dagger Spray","Crippling Poison+1"],"picked":"Malaise+1","floor":28},{"not_picked":["Quick Slash+1","Backstab"],"picked":"Noxious Fumes","floor":31},{"not_picked":["Glass Knife","Unload"],"picked":"Burst+1","floor":33},{"not_picked":["Heel Hook","Deflect+1"],"picked":"Flechettes+1","floor":35},{"not_picked":["Sucker Punch+1","Poisoned Stab+1"],"picked":"Dagger Spray+1","floor":37},{"not_picked":["Expertise+1","Tactician+1"],"picked":"Predator","floor":39},{"not_picked":["Predator","Blade Dance+1"],"picked":"Deadly Poison+1","floor":41},{"not_picked":["Bane","Endless Agony"],"picked":"Dagger Throw","floor":42},{"not_picked":["Flying Knee+1","Concentrate+1"],"picked":"Caltrops","floor":44},{"not_picked":["Acrobatics+1","Blade Dance+1"],"picked":"Crippling Poison+1","floor":46},{"not_picked":["Cloak And Dagger+1","Prepared+1"],"picked":"Deadly Poison+1","floor":47},{"not_picked":["Sucker Punch","Outmaneuver+1"],"picked":"Bane+1","floor":49}],"player_experience":410154,"relics_obtained":[{"floor":4,"key":"Snake Skull"},{"floor":7,"key":"Toxic Egg 2"},{"floor":9,"key":"Blue Candle"},{"floor":10,"key":"Darkstone Periapt"},{"floor":11,"key":"PreservedInsect"},{"floor":23,"key":"Ice Cream"},{"floor":25,"key":"Meat on the Bone"},{"floor":26,"key":"Happy Flower"},{"floor":28,"key":"Centennial Puzzle"},{"floor":41,"key":"Potion Belt"},{"floor":41,"key":"Letter Opener"},{"floor":43,"key":"Dream Catcher"}],"event_choices":[{"damage_healed":0,"gold_gain":0,"player_choice":"Donut","damage_taken":0,"max_hp_gain":5,"max_hp_loss":0,"event_name":"Big Fish","floor":2,"gold_loss":0},{"damage_healed":0,"gold_gain":75,"player_choice":"Gather Gold","damage_taken":11,"max_hp_gain":0,"max_hp_loss":0,"event_name":"World of Goop","floor":3,"gold_loss":0},{"damage_healed":0,"gold_gain":0,"player_choice":"Relic","damage_taken":0,"max_hp_gain":0,"max_hp_loss":0,"event_name":"Wheel of Change","floor":11,"gold_loss":0},{"damage_healed":0,"gold_gain":0,"player_choice":"Simplicity","damage_taken":0,"max_hp_gain":0,"max_hp_loss":0,"event_name":"Back to Basics","floor":19,"gold_loss":0,"cards_upgraded":["Defend_G","Defend_G","Defend_G","Defend_G","Defend_G","Strike_G","Strike_G","Strike_G","Strike_G","Strike_G"]},{"cards_removed":["Blade Dance"],"damage_healed":0,"gold_gain":0,"player_choice":"Gave Gold","damage_taken":0,"max_hp_gain":0,"max_hp_loss":0,"event_name":"Beggar","floor":20,"gold_loss":75},{"damage_healed":0,"gold_gain":0,"player_choice":"Obtained Relic","damage_taken":0,"relics_obtained":["Ancient Tea Set"],"max_hp_gain":0,"max_hp_loss":0,"event_name":"Addict","floor":29,"gold_loss":85},{"damage_healed":0,"gold_gain":0,"player_choice":"3 cards matched","damage_taken":0,"max_hp_gain":0,"max_hp_loss":0,"event_name":"Match and Keep!","floor":36,"gold_loss":0,"cards_obtained":["Injury","After Image","Dark Shackles"]}],"is_beta":false,"boss_relics":[{"not_picked":["Busted Crown","Orrery"],"picked":"Velvet Choker"},{"not_picked":["Eternal Feather","Pandora\u0027s Box"],"picked":"Black Star"}],"items_purged_floors":[38],"is_endless":false,"potions_floor_spawned":[7,10,14,21,23,25,28,31,37,39,41,45],"ascension_level":9}