{"gold_per_floor":[218,233,253,129,129,163,163,199,199,199,242,242,257,272,272,401,401,414,93,106,106,125,159,159,174,197,238,254,254,254,275,275,396,396,415,415,237,261,281,281,299,79,102,114,126,152,18,43,43,43],"floor_reached":50,"playtime":4060,"items_purged":["Strike_B","Strike_B","Defend_B","Strike_B"],"score":506,"play_id":"ec24aeea-de46-42d5-bff6-74be59a8b7e8","local_time":"20190222204553","is_ascension_mode":false,"campfire_choices":[{"floor":10.0,"key":"REST"},{"floor":12.0,"key":"REST"},{"floor":15.0,"key":"REST"},{"floor":24.0,"key":"REST"},{"floor":30,"key":"REST"},{"floor":32,"key":"REST"},{"floor":40,"key":"REST"},{"floor":44,"key":"REST"},{"floor":49,"key":"REST"}],"neow_cost":"NONE","seed_source_timestamp":0,"circlet_count":0,"master_deck":["Strike_B","Defend_B","Zap","Dualcast","Rebound","Rebound","Gash","Beam Cell","Leap","Static Discharge","Coolheaded+1","Hologram+1","Steam+1","Gash","Apotheosis+1","Cold Snap+1","Hologram+1","Beam Cell+1","Machine Learning","Sunder+1","Leap+1","Leap+1","Rebound+1","Capacitor","Go for the Eyes+1"],"special_seed":0,"relics":["Cracked Core","Golden Idol","Happy Flower","Toxic Egg 2","Bag of Preparation","Letter Opener","Runic Dome","Bottled Lightning","Blood Vial","Potion Belt","Empty Cage","MawBank","Pen Nib"],"potions_floor_usage":[39,45,50,50,50],"damage_taken":[{"damage":6.0,"enemies":"Jaw Worm","floor":1.0,"turns":3.0},{"damage":6.0,"enemies":"2 Louse","floor":2.0,"turns":2.0},{"damage":0.0,"enemies":"Small Slimes","floor":3.0,"turns":3.0},{"damage":23.0,"enemies":"3 Sentries","floor":6.0,"turns":7.0},{"damage":21.0,"enemies":"Gremlin Nob","floor":8.0,"turns":4.0},{"damage":21.0,"enemies":"Lagavulin","floor":11.0,"turns":4.0},{"damage":6.0,"enemies":"Exordium Thugs","floor":13.0,"turns":4.0},{"damage":11.0,"enemies":"2 Fungi Beasts","floor":14.0,"turns":3.0},{"damage":20.0,"enemies":"Hexaghost","floor":16.0,"turns":7.0},{"damage":7.0,"enemies":"Spheric Guardian","floor":18.0,"turns":4.0},{"damage":0.0,"enemies":"Chosen","floor":20.0,"turns":3.0},{"damage":3.0,"enemies":"Snecko","floor":22.0,"turns":4.0},{"damage":30.0,"enemies":"Gremlin Leader","floor":23.0,"turns":5.0},{"damage":0.0,"enemies":"3 Cultists","floor":25.0,"turns":4.0},{"damage":10.0,"enemies":"Book of Stabbing","floor":27.0,"turns":4.0},{"damage":5,"enemies":"Centurion and Healer","floor":28,"turns":5},{"damage":11,"enemies":"Snake Plant","floor":31,"turns":2},{"damage":32,"enemies":"Champ","floor":33,"turns":8},{"damage":9,"enemies":"Orb Walker","floor":35,"turns":3},{"damage":34,"enemies":"3 Darklings","floor":38,"turns":3},{"damage":18,"enemies":"4 Shapes","floor":39,"turns":4},{"damage":25,"enemies":"Transient","floor":41,"turns":5},{"damage":0,"enemies":"Maw","floor":45,"turns":2},{"damage":23,"enemies":"Spire Growth","floor":46,"turns":4},{"damage":7,"enemies":"3 Darklings","floor":48,"turns":3},{"damage":78,"enemies":"Awakened One","floor":50,"turns":10}],"seed_played":"8204278360867237545","potions_obtained":[{"floor":1.0,"key":"Dexterity Potion"},{"floor":6.0,"key":"SmokeBomb"},{"floor":8.0,"key":"Strength Potion"},{"floor":14.0,"key":"Explosive Potion"},{"floor":18.0,"key":"SkillPotion"},{"floor":25.0,"key":"FairyPotion"},{"floor":27,"key":"Regen Potion"},{"floor":31,"key":"Poison Potion"},{"floor":39,"key":"EssenceOfSteel"},{"floor":41,"key":"Regen Potion"}],"is_trial":false,"path_per_floor":["M","M","M","$","?","E","?","E","T","R","E","R","M","M","R","B",null,"M","$","M","?","M","E","R","M","T","E","M","?","R","M","R","B",null,"M","?","$","M","M","R","M","$","T","R","M","M","$","M","R","B"],"character_chosen":"DEFECT","items_purchased":["Beam Cell","Gash","Apotheosis+1","Leap+1","Capacitor","Pen Nib"],"campfire_rested":9,"item_purchase_floors":[4,19,19,37,42,47],"current_hp_per_floor":[69,63,63,63,63,40,33,12,12,34,13,35,29,18,40,20,75,68,68,68,68,65,35,57,57,57,49,46,46,68,59,75,43,75,66,66,66,34,30,52,29,29,29,51,53,32,32,27,49,0],"gold":43,"neow_bonus":"HUNDRED_GOLD","is_prod":false,"is_daily":false,"chose_seed":false,"campfire_upgraded":0,"win_rate":0.0,"timestamp":1550897153,"path_taken":["M","M","M","$","?","E","?","E","T","R","E","R","M","?","R","BOSS","M","$","M","?","M","E","R","M","T","E","M","?","R","M","R","BOSS","M","?","$","M","?","R","M","$","T","R","M","M","?","M","R","BOSS"],"build_version":"2019-01-23","purchased_purges":4,"victory":false,"max_hp_per_floor":[75,75,75,75,75,75,75,75,75,75,75,75,75,75,75,75,75,75,75,75,75,75,75,75,75,75,75,75,75,75,75,75,75,75,75,75,75,75,75,75,75,75,75,75,75,75,75,75,75,75],"card_choices":[{"not_picked":["Lockon","Redo"],"picked":"Rebound","floor":1.0},{"not_picked":["Force Field","Lockon"],"picked":"Rebound","floor":2.0},{"not_picked":["Redo","Tempest"],"picked":"Gash","floor":3.0},{"not_picked":["Coolheaded","Steam"],"picked":"Leap","floor":6.0},{"not_picked":["Genetic Algorithm","White Noise"],"picked":"Static Discharge","floor":8.0},{"not_picked":["Redo+1","Sweeping Beam"],"picked":"Coolheaded+1","floor":11.0},{"not_picked":["Conserve Battery+1","Barrage"],"picked":"Hologram+1","floor":13.0},{"not_picked":["Streamline","Compile Driver"],"picked":"Steam+1","floor":14.0},{"not_picked":["Leap+1","Sweeping Beam","Barrage"],"picked":"SKIP","floor":18.0},{"not_picked":["Steam+1","Turbo+1"],"picked":"Cold Snap+1","floor":20.0},{"not_picked":["Go for the Eyes","Defragment"],"picked":"Hologram+1","floor":22.0},{"not_picked":["Heatsinks","Stack+1"],"picked":"Beam Cell+1","floor":23.0},{"not_picked":["White Noise+1","Turbo+1","Coolheaded+1"],"picked":"SKIP","floor":25.0},{"not_picked":["Steam Power+1","Beam Cell","Coolheaded+1"],"picked":"SKIP","floor":27},{"not_picked":["Ball Lightning","Streamline"],"picked":"Hello World+1","floor":28},{"not_picked":["Streamline+1","Creative AI","Sweeping Beam"],"picked":"SKIP","floor":31},{"not_picked":["Amplify+1","Echo Form"],"picked":"Machine Learning","floor":33},{"not_picked":["Chaos+1","Doom and Gloom+1"],"picked":"Sunder+1","floor":35},{"not_picked":["Skim+1","Cold Snap","Sweeping Beam+1"],"picked":"SKIP","floor":38},{"not_picked":["Barrage","Redo+1"],"picked":"Leap+1","floor":39},{"not_picked":["Chaos+1","Ball Lightning+1"],"picked":"Rebound+1","floor":41},{"not_picked":["Turbo+1","Steam Power+1","Stack+1"],"picked":"SKIP","floor":46},{"not_picked":["Storm+1","Thunder Strike"],"picked":"Go for the Eyes+1","floor":48}],"player_experience":91248,"relics_obtained":[{"floor":6.0,"key":"Happy Flower"},{"floor":8.0,"key":"Toxic Egg 2"},{"floor":9.0,"key":"Bag of Preparation"},{"floor":11.0,"key":"Letter Opener"},{"floor":23.0,"key":"Bottled Lightning"},{"floor":26.0,"key":"Blood Vial"},{"floor":27,"key":"Potion Belt"},{"floor":43,"key":"MawBank"}],"event_choices":[{"damage_healed":0.0,"max_hp_gain":0.0,"max_hp_loss":0.0,"gold_gain":0.0,"event_name":"Golden Idol","player_choice":"Take Wound","floor":5.0,"gold_loss":0.0,"damage_taken":0.0,"relics_obtained":["Golden Idol"],"cards_obtained":["Injury"]},{"cards_removed":["Injury"],"damage_healed":0.0,"max_hp_gain":0.0,"max_hp_loss":0.0,"gold_gain":0.0,"event_name":"Golden Wing","player_choice":"Card Removal","floor":7.0,"gold_loss":0.0,"damage_taken":7.0},{"cards_removed":["Defend_B"],"damage_healed":0.0,"max_hp_gain":0.0,"max_hp_loss":0.0,"gold_gain":0.0,"event_name":"Bonfire Elementals","player_choice":"Offered Basic","floor":21.0,"gold_loss":0.0,"damage_taken":0.0},{"damage_healed":0,"gold_gain":0,"player_choice":"Ignored","damage_taken":0,"max_hp_gain":0,"max_hp_loss":0,"event_name":"Vampires","floor":29,"gold_loss":0},{"damage_healed":0,"gold_gain":0,"player_choice":"Leave","damage_taken":0,"max_hp_gain":0,"max_hp_loss":0,"event_name":"FaceTrader","floor":36,"gold_loss":0}],"is_beta":false,"boss_relics":[{"not_picked":["Eternal Feather","Cursed Key"],"picked":"Runic Dome"},{"not_picked":["Calling Bell","Astrolabe"],"picked":"Empty Cage"}],"items_purged_floors":[4,19,37,42],"is_endless":false,"potions_floor_spawned":[1,6,8,14,18,25,27,31,39,41,45],"killed_by":"Awakened One","ascension_level":0}