{"gold_per_floor":[112,187,187,200,200,200,200,215,215,247,6,6,23,23,23,23],"floor_reached":16,"playtime":635,"items_purged":[],"score":108,"play_id":"634aa827-f023-40b6-b2d6-ecb06bd6c260","local_time":"20181009034746","is_ascension_mode":true,"campfire_choices":[{"data":"Double Tap","floor":6,"key":"SMITH"},{"data":"Armaments","floor":12,"key":"SMITH"},{"data":"Pommel Strike","floor":15,"key":"SMITH"}],"neow_cost":"NONE","seed_source_timestamp":482700826449657,"circlet_count":0,"master_deck":["Strike_R","Strike_R","Strike_R","Strike_R","Defend_R+1","Defend_R+1","Defend_R","Defend_R","Bash","Double Tap+1","Twin Strike","Pommel Strike+1","Armaments+1","Burning Pact","Power Through","Cold Snap"],"relics":["Burning Blood","Letter Opener","Ornamental Fan","Thread and Needle","PrismaticShard","Mercury Hourglass"],"potions_floor_usage":[10,16],"damage_taken":[{"damage":11,"enemies":"Cultist","floor":1,"turns":4},{"damage":4,"enemies":"Jaw Worm","floor":4,"turns":3},{"damage":0,"enemies":"2 Louse","floor":8,"turns":2},{"damage":19,"enemies":"3 Sentries","floor":10,"turns":6},{"damage":0,"enemies":"2 Fungi Beasts","floor":13,"turns":4},{"damage":57,"enemies":"The Guardian","floor":16,"turns":11}],"seed_played":"6346441564999831763","potions_obtained":[{"floor":1,"key":"Explosive Potion"},{"floor":4,"key":"GamblersBrew"},{"floor":13,"key":"FearPotion"}],"is_trial":false,"path_per_floor":["M","?","?","M","?","R","?","M","T","E","$","R","M","T","R"],"character_chosen":"IRONCLAD","items_purchased":["PrismaticShard","Power Through"],"campfire_rested":0,"item_purchase_floors":[11,11],"current_hp_per_floor":[75,64,48,50,50,50,50,56,56,43,43,43,49,49,49,0],"gold":23,"neow_bonus":"ONE_RANDOM_RARE_CARD","is_prod":false,"is_daily":false,"chose_seed":false,"campfire_upgraded":3,"win_rate":0,"timestamp":1539071266,"path_taken":["M","?","?","M","?","R","?","M","T","E","?","R","M","?","R","BOSS"],"build_version":"2018-09-06","purchased_purges":0,"victory":false,"max_hp_per_floor":[80,80,80,80,80,80,80,80,80,80,80,80,80,80,80,80],"card_choices":[{"not_picked":["Whirlwind","Warcry"],"picked":"Twin Strike","floor":1},{"not_picked":["Entrench","Headbutt"],"picked":"Pommel Strike","floor":4},{"not_picked":["Perfected Strike","Sword Boomerang"],"picked":"Armaments","floor":8},{"not_picked":["Second Wind","Rampage"],"picked":"Burning Pact","floor":10},{"not_picked":["Clothesline","Acrobatics"],"picked":"Cold Snap","floor":13}],"player_experience":77945,"relics_obtained":[{"floor":9,"key":"Ornamental Fan"},{"floor":10,"key":"Thread and Needle"},{"floor":14,"key":"Mercury Hourglass"}],"event_choices":[{"event_name":"World of Goop","player_choice":"Gather Gold","floor":2,"damage_taken":0},{"event_name":"Shining Light","player_choice":"Entered Light","floor":3,"damage_taken":0},{"event_name":"WeMeetAgain","player_choice":"Potion","floor":5,"damage_taken":0},{"event_name":"Purifier","player_choice":"One Purge","floor":7,"damage_taken":0}],"is_beta":false,"boss_relics":[],"items_purged_floors":[],"is_endless":false,"potions_floor_spawned":[1,4,13],"killed_by":"The Guardian","ascension_level":2}