{"gold_per_floor":[119,294,294,43,57,92,102,134,134,148,148,182,182,196,196,297,297,309,325,179,193,204,237,237,256,256,284,284,284,284,300,300,396,396,408,102,102,52,63,63],"floor_reached":40,"playtime":1466,"items_purged":["Defend_B","Strike_B","Strike_B"],"score":691,"play_id":"8ceb8466-812f-4c9a-8d66-ff7f349349f3","local_time":"20190429113215","is_ascension_mode":true,"campfire_choices":[{"floor":11,"key":"REST"},{"floor":13,"key":"REST"},{"data":"Zap","floor":15,"key":"SMITH"},{"floor":24,"key":"REST"},{"floor":28,"key":"REST"},{"floor":30,"key":"REST"},{"data":"Loop","floor":32,"key":"SMITH"}],"neow_cost":"NONE","seed_source_timestamp":1607825127536461,"circlet_count":0,"master_deck":["AscendersBane","Strike_B","Strike_B","Defend_B","Zap+1","Dualcast","Core Surge","Ball Lightning","Gash","Leap+1","Conserve Battery+1","Loop+1","Hyperbeam","Hologram+1","Self Repair","Glacier+1","Cold Snap+1","FTL+1","Echo Form","Gash+1","Gash+1"],"relics":["Cracked Core","Bottled Flame","Oddly Smooth Stone","StoneCalendar","Toxic Egg 2","Gremlin Horn","Black Star","Molten Egg 2","Darkstone Periapt","Dead Branch","Dream Catcher","Smiling Mask","Cursed Key","Meat on the Bone"],"potions_floor_usage":[6,12,16,16,16,16,23,27,27,33,39,40],"damage_taken":[{"damage":7,"enemies":"Jaw Worm","floor":1,"turns":3},{"damage":1,"enemies":"2 Louse","floor":5,"turns":2},{"damage":25,"enemies":"3 Sentries","floor":6,"turns":7},{"damage":0,"enemies":"Cultist","floor":7,"turns":3},{"damage":22,"enemies":"Lagavulin","floor":8,"turns":5},{"damage":6,"enemies":"Exordium Thugs","floor":10,"turns":4},{"damage":18,"enemies":"Gremlin Nob","floor":12,"turns":4},{"damage":0,"enemies":"2 Fungi Beasts","floor":14,"turns":2},{"damage":7,"enemies":"Slime Boss","floor":16,"turns":7},{"damage":15,"enemies":"Chosen","floor":18,"turns":5},{"damage":0,"enemies":"Spheric Guardian","floor":19,"turns":3},{"damage":10,"enemies":"Shelled Parasite and Fungi","floor":21,"turns":7},{"damage":15,"enemies":"Sentry and Sphere","floor":22,"turns":7},{"damage":34,"enemies":"Gremlin Leader","floor":23,"turns":6},{"damage":6,"enemies":"3 Cultists","floor":25,"turns":4},{"damage":23,"enemies":"Slavers","floor":27,"turns":4},{"damage":0,"enemies":"Centurion and Healer","floor":31,"turns":7},{"damage":41,"enemies":"Automaton","floor":33,"turns":14},{"damage":20,"enemies":"3 Darklings","floor":35,"turns":2},{"damage":2,"enemies":"Orb Walker","floor":39,"turns":4},{"damage":80,"enemies":"Giant Head","floor":40,"turns":12}],"seed_played":"-2810243713913172084","potions_obtained":[{"floor":1,"key":"SkillPotion"},{"floor":10,"key":"FocusPotion"},{"floor":12,"key":"Dexterity Potion"},{"floor":14,"key":"EntropicBrew"},{"floor":18,"key":"LiquidBronze"},{"floor":22,"key":"SteroidPotion"},{"floor":25,"key":"Fire Potion"},{"floor":31,"key":"PowerPotion"},{"floor":35,"key":"Regen Potion"},{"floor":39,"key":"SkillPotion"}],"is_trial":false,"path_per_floor":["M","?","?","$","M","E","M","E","T","M","R","E","R","M","R","B",null,"M","M","$","M","M","E","R","M","T","E","R","?","R","M","R","B",null,"M","$","?","$","M","E"],"character_chosen":"DEFECT","items_purchased":["Bottled Flame","Self Repair","Meat on the Bone"],"campfire_rested":5,"item_purchase_floors":[4,20,36],"current_hp_per_floor":[61,61,61,61,60,35,35,13,13,7,29,11,33,33,33,26,63,48,48,48,45,37,10,32,26,26,10,32,32,54,61,61,27,63,43,43,43,43,67,0],"gold":63,"neow_bonus":"ONE_RANDOM_RARE_CARD","is_prod":false,"is_daily":false,"chose_seed":false,"campfire_upgraded":2,"win_rate":0,"timestamp":1556530335,"path_taken":["M","?","?","$","M","E","M","E","T","M","R","E","R","M","R","BOSS","M","M","$","M","M","E","R","M","T","E","R","?","R","M","R","BOSS","M","$","?","?","M","E"],"build_version":"2019-01-23","purchased_purges":3,"victory":false,"max_hp_per_floor":[75,75,75,75,75,75,75,75,75,75,75,75,75,75,75,75,75,75,75,75,75,75,75,75,75,75,75,75,75,75,75,75,75,75,75,75,75,75,75,75],"card_choices":[{"not_picked":["Rebound","Redo"],"picked":"Ball Lightning","floor":1},{"not_picked":["Compile Driver","White Noise","Hologram"],"picked":"SKIP","floor":5},{"not_picked":["Coolheaded","Creative AI","Leap"],"picked":"SKIP","floor":6},{"not_picked":["Beam Cell","Compile Driver"],"picked":"Gash","floor":7},{"not_picked":["Sweeping Beam","Streamline","Lockon"],"picked":"SKIP","floor":8},{"not_picked":["Darkness+1","Steam+1"],"picked":"Leap+1","floor":10},{"not_picked":["Streamline","Rebound"],"picked":"Conserve Battery+1","floor":12},{"not_picked":["Turbo+1","Static Discharge"],"picked":"Loop","floor":14},{"not_picked":["Core Surge","Meteor Strike"],"picked":"Hyperbeam","floor":16},{"not_picked":["Tempest+1","Auto Shields+1","Steam Power+1"],"picked":"SKIP","floor":18},{"not_picked":["Static Discharge","Auto Shields+1"],"picked":"Hologram+1","floor":19},{"not_picked":["Heatsinks","Cold Snap","Compile Driver"],"picked":"SKIP","floor":21},{"not_picked":["Doom and Gloom","Compile Driver","Fusion+1"],"picked":"SKIP","floor":22},{"not_picked":["Lockon+1","Coolheaded+1","Ball Lightning"],"picked":"SKIP","floor":23},{"not_picked":["Sweeping Beam+1","Cold Snap+1"],"picked":"Glacier+1","floor":25},{"not_picked":["Echo Form","Compile Driver+1"],"picked":"Cold Snap+1","floor":27},{"not_picked":["Reprogram+1","Sweeping Beam+1"],"picked":"FTL+1","floor":31},{"not_picked":["Seek+1","Reboot+1"],"picked":"Echo Form","floor":33},{"not_picked":["Turbo+1","Hologram+1"],"picked":"Gash+1","floor":35},{"not_picked":["Cold Snap+1","Coolheaded+1"],"picked":"Gash+1","floor":39}],"player_experience":184629,"relics_obtained":[{"floor":6,"key":"Oddly Smooth Stone"},{"floor":8,"key":"StoneCalendar"},{"floor":9,"key":"Toxic Egg 2"},{"floor":12,"key":"Gremlin Horn"},{"floor":23,"key":"Molten Egg 2"},{"floor":23,"key":"Darkstone Periapt"},{"floor":26,"key":"Dead Branch"},{"floor":27,"key":"Dream Catcher"},{"floor":27,"key":"Smiling Mask"}],"event_choices":[{"damage_healed":0,"gold_gain":175,"player_choice":"AGREE","damage_taken":0,"max_hp_gain":0,"max_hp_loss":0,"event_name":"Liars Game","floor":2,"gold_loss":0,"cards_obtained":["Doubt"]},{"cards_removed":["Doubt"],"damage_healed":0,"gold_gain":0,"player_choice":"Forget","damage_taken":0,"max_hp_gain":0,"max_hp_loss":0,"event_name":"Living Wall","floor":3,"gold_loss":0},{"cards_removed":["Defend_B"],"damage_healed":0,"gold_gain":0,"player_choice":"Purged","damage_taken":0,"max_hp_gain":0,"max_hp_loss":0,"event_name":"Purifier","floor":29,"gold_loss":0},{"cards_removed":["Defend_B"],"damage_healed":0,"gold_gain":0,"player_choice":"Offered Basic","damage_taken":0,"max_hp_gain":0,"max_hp_loss":0,"event_name":"Bonfire Elementals","floor":37,"gold_loss":0}],"is_beta":false,"boss_relics":[{"not_picked":["Runic Pyramid","Lizard Tail"],"picked":"Black Star"},{"not_picked":["White Beast Statue","Orrery"],"picked":"Cursed Key"}],"items_purged_floors":[20,36,38],"is_endless":false,"potions_floor_spawned":[1,10,12,14,18,22,25,31,35,39],"killed_by":"Giant Head","ascension_level":11}