{"gold_per_floor":[119,70,82,92,104,136,136,146,146,161,171,187,262,289,301,313],"floor_reached":16,"playtime":1415,"items_purged":[],"score":122,"play_id":"2dbcdd5e-bd0e-44ba-8531-0fe5b3e1c009","local_time":"20190527092956","is_ascension_mode":true,"campfire_choices":[{"floor":7,"key":"RECALL"},{"floor":15,"key":"REST"}],"neow_cost":"NONE","seed_source_timestamp":36137712334144,"circlet_count":0,"master_deck":["Strike_R","Strike_R","Strike_R","Strike_R","Strike_R","Defend_R","Defend_R","Defend_R","Defend_R","Bash","Spot Weakness","True Grit","Pommel Strike","Shrug It Off","Heavy Blade","Cleave","Armaments","Inflame","Cleave"],"relics":["Burning Blood","Ice Cream","MawBank"],"potions_floor_usage":[6,6,12,12],"damage_taken":[{"damage":12,"enemies":"Small Slimes","floor":1,"turns":5},{"damage":7,"enemies":"Cultist","floor":3,"turns":5},{"damage":6,"enemies":"Jaw Worm","floor":4,"turns":3},{"damage":0,"enemies":"Blue Slaver","floor":5,"turns":5},{"damage":24,"enemies":"3 Sentries","floor":6,"turns":6},{"damage":6,"enemies":"2 Fungi Beasts","floor":8,"turns":3},{"damage":7,"enemies":"3 Louse","floor":10,"turns":3},{"damage":7,"enemies":"Blue Slaver","floor":11,"turns":5},{"damage":15,"enemies":"Large Slime","floor":12,"turns":4},{"damage":48,"enemies":"Gremlin Nob","floor":14,"turns":6},{"damage":56,"enemies":"Slime Boss","floor":16,"turns":8}],"seed_played":"-7985834427770676186","potions_obtained":[{"floor":1,"key":"EssenceOfSteel"},{"floor":3,"key":"FairyPotion"},{"floor":5,"key":"AttackPotion"},{"floor":10,"key":"BloodPotion"},{"floor":11,"key":"PowerPotion"}],"is_trial":false,"path_per_floor":["M","$","M","M","M","E","R","M","T","M","M","M","?","E","R","B"],"character_chosen":"IRONCLAD","items_purchased":["True Grit"],"campfire_rested":1,"item_purchase_floors":[2],"current_hp_per_floor":[82,82,81,81,87,69,69,69,69,68,67,66,58,16,42,0],"gold":313,"neow_bonus":"TEN_PERCENT_HP_BONUS","is_prod":false,"is_daily":false,"chose_seed":false,"campfire_upgraded":0,"win_rate":0,"timestamp":1558974596,"path_taken":["M","$","M","M","M","E","R","M","T","M","M","M","?","E","R","BOSS"],"build_version":"2019-01-23","purchased_purges":0,"victory":false,"max_hp_per_floor":[88,88,88,88,88,88,88,88,88,88,88,88,88,88,88,88],"card_choices":[{"not_picked":["True Grit","Pummel"],"picked":"Spot Weakness","floor":1},{"not_picked":["Clothesline","Sever Soul"],"picked":"Pommel Strike","floor":3},{"not_picked":["Clash","Wild Strike"],"picked":"Shrug It Off","floor":4},{"not_picked":["Anger","Body Slam"],"picked":"Heavy Blade","floor":5},{"not_picked":["Sword Boomerang","Sentinel"],"picked":"Cleave","floor":6},{"not_picked":["Infernal Blade","Spot Weakness"],"picked":"Armaments","floor":8},{"not_picked":["Evolve","True Grit"],"picked":"Inflame","floor":10},{"not_picked":["Spot Weakness","Offering"],"picked":"Cleave","floor":11},{"not_picked":["Anger","Havoc","Perfected Strike"],"picked":"SKIP","floor":12},{"not_picked":["Body Slam","Thunderclap","Feel No Pain"],"picked":"SKIP","floor":14}],"player_experience":124465,"relics_obtained":[{"floor":6,"key":"Ice Cream"},{"floor":14,"key":"MawBank"}],"event_choices":[{"damage_healed":0,"gold_gain":75,"player_choice":"Touch","damage_taken":8,"max_hp_gain":0,"max_hp_loss":0,"event_name":"FaceTrader","floor":13,"gold_loss":0}],"is_beta":false,"boss_relics":[],"items_purged_floors":[],"is_endless":false,"potions_floor_spawned":[1,3,5,10,11],"killed_by":"Slime Boss","ascension_level":1}