{"gold_per_floor":[110,123,133,152,16,16,46,46,46,59,59,84,94,109,109,210,210,229,229,245,14,33,33,43,71,98,138,165,177,209,235,247,359,371,399,428,440,463,475,487,532,544,556,63,63,78,78,109,109,109],"floor_reached":51,"playtime":7969,"items_purged":["Strike_B","Strike_B"],"score":1283,"play_id":"35593057-66d4-4293-8767-91445f420bf0","local_time":"20180812183117","is_ascension_mode":true,"campfire_choices":[{"data":"Go for the Eyes","floor":6.0,"key":"SMITH"},{"data":"Zap","floor":8.0,"key":"SMITH"},{"data":"Buffer","floor":11.0,"key":"SMITH"},{"data":"Cold Snap","floor":15.0,"key":"SMITH"},{"data":"Creative AI","floor":23,"key":"SMITH"},{"data":"Conserve Battery","floor":29,"key":"SMITH"},{"data":"Stack","floor":32,"key":"SMITH"},{"data":"Stack","floor":40,"key":"SMITH"},{"data":"Stack","floor":42,"key":"SMITH"},{"data":"Glacier","floor":47,"key":"SMITH"},{"data":"Hologram","floor":49,"key":"SMITH"}],"neow_cost":"NONE","seed_source_timestamp":2708422661617795,"circlet_count":0,"master_deck":["Strike_B","Strike_B","Defend_B","Defend_B","Defend_B","Defend_B","Zap+1","Dualcast","AscendersBane","Ball Lightning","Self Repair","Steam","Go for the Eyes+1","Cold Snap+1","Core Surge","Buffer+1","Conserve Battery+1","Hologram","Hologram+1","FTL","Creative AI+1","Stack+1","White Noise","Reinforced Body","Steam","Seek","Stack+1","Stack+1","Stack+1","BootSequence","Writhe","Glacier+1","Chill+1"],"special_seed":0,"relics":["Cracked Core","Letter Opener","Nunchaku","Dead Branch","Coffee Dripper","Anchor","Cables","MawBank","The Courier","Inserter","Prayer Wheel","CultistMask","Ginger","Gremlin Horn","Pear","Happy Flower","Mummified Hand"],"potions_floor_usage":[27,33,46,50,50],"damage_taken":[{"damage":4.0,"enemies":"Small Slimes","floor":1.0,"turns":3.0},{"damage":0.0,"enemies":"Cultist","floor":2.0,"turns":4.0},{"damage":0.0,"enemies":"2 Louse","floor":3.0,"turns":2.0},{"damage":17.0,"enemies":"Exordium Thugs","floor":4.0,"turns":4.0},{"damage":6.0,"enemies":"Gremlin Nob","floor":7.0,"turns":4.0},{"damage":0.0,"enemies":"3 Louse","floor":10.0,"turns":3.0},{"damage":0.0,"enemies":"Lagavulin","floor":12.0,"turns":8.0},{"damage":11.0,"enemies":"Large Slime","floor":13.0,"turns":5.0},{"damage":4.0,"enemies":"Exordium Thugs","floor":14.0,"turns":5.0},{"damage":0.0,"enemies":"Slime Boss","floor":16.0,"turns":5.0},{"damage":0.0,"enemies":"Spheric Guardian","floor":18.0,"turns":4.0},{"damage":15.0,"enemies":"2 Thieves","floor":20.0,"turns":3.0},{"damage":0,"enemies":"Snake Plant","floor":22,"turns":5},{"damage":0,"enemies":"Snecko","floor":24,"turns":6},{"damage":16,"enemies":"Book of Stabbing","floor":25,"turns":7},{"damage":25,"enemies":"Gremlin Leader","floor":27,"turns":7},{"damage":8,"enemies":"Centurion and Healer","floor":28,"turns":10},{"damage":9,"enemies":"Snake Plant","floor":30,"turns":4},{"damage":0,"enemies":"Chosen and Byrds","floor":31,"turns":5},{"damage":71,"enemies":"Collector","floor":33,"turns":12},{"damage":0,"enemies":"Orb Walker","floor":35,"turns":4},{"damage":31,"enemies":"Flame Bruiser 1 Orb","floor":36,"turns":7},{"damage":0,"floor":37,"turns":8},{"damage":3,"enemies":"3 Darklings","floor":38,"turns":6},{"damage":5,"enemies":"Giant Head","floor":41,"turns":10},{"damage":4,"enemies":"Transient","floor":46,"turns":5},{"damage":7,"enemies":"Nemesis","floor":48,"turns":11},{"damage":18,"enemies":"Awakened One","floor":50,"turns":16}],"seed_played":"6896865384115120273","potions_obtained":[{"floor":1.0,"key":"GamblersBrew"},{"floor":10.0,"key":"SteroidPotion"},{"floor":12.0,"key":"SteroidPotion"},{"floor":18.0,"key":"Weak Potion"},{"floor":22,"key":"Swift Potion"},{"floor":28,"key":"Regen Potion"},{"floor":36,"key":"Weak Potion"},{"floor":46,"key":"GamblersBrew"}],"is_trial":false,"path_per_floor":["M","M","M","M","$","R","E","R","T","M","R","E","M","M","R","B",null,"M","?","M","$","M","R","M","E","T","E","M","R","M","M","R","B",null,"M","M","?","M","?","R","E","R","T","$","?","M","R","E","R","B"],"character_chosen":"DEFECT","items_purchased":["Core Surge","Anchor","Pear","Happy Flower","Regen Potion"],"campfire_rested":0,"item_purchase_floors":[5,21,44,44,44],"current_hp_per_floor":[64,71,71,61,61,61,62,62,62,69,69,75,71,74,74,75,75,75,75,60,60,74,74,75,66,66,48,54,54,52,59,59,10,59,66,42,49,53,53,53,55,55,55,65,85,85,85,85,85,85],"gold":109,"neow_bonus":"THREE_CARDS","is_prod":false,"is_daily":false,"chose_seed":false,"campfire_upgraded":11,"win_rate":0,"timestamp":1534091477,"path_taken":["M","M","M","M","$","R","E","R","T","M","R","E","M","M","R","BOSS","M","?","?","$","M","R","M","E","T","E","M","R","M","M","R","BOSS","M","M","?","M","?","R","E","R","T","$","?","?","R","E","R","BOSS"],"build_version":"2018-08-09","purchased_purges":2,"victory":true,"max_hp_per_floor":[75,75,75,75,75,75,75,75,75,75,75,75,75,75,75,75,75,75,75,75,75,75,75,75,75,75,75,75,75,75,75,75,75,75,75,75,75,75,75,75,75,75,75,85,85,85,85,85,85,85],"card_choices":[{"not_picked":["Coolheaded","Turbo"],"picked":"Ball Lightning","floor":0.0},{"not_picked":["Stack","Beam Cell"],"picked":"Self Repair","floor":1.0},{"not_picked":["Turbo","Reinforced Body"],"picked":"Steam","floor":2.0},{"not_picked":["Leap","Self Repair"],"picked":"Go for the Eyes","floor":3.0},{"not_picked":["Sweeping Beam","Conserve Battery"],"picked":"Cold Snap","floor":4.0},{"not_picked":["Barrage","Stack"],"picked":"Buffer","floor":7.0},{"not_picked":["Beam Cell","Go for the Eyes"],"picked":"Conserve Battery","floor":10.0},{"not_picked":["Reinforced Body","Streamline"],"picked":"Hologram","floor":12.0},{"not_picked":["Cold Snap","Consume"],"picked":"Hologram","floor":13.0},{"not_picked":["Steam","Undo"],"picked":"FTL","floor":14.0},{"not_picked":["All For One","Electrodynamics"],"picked":"Creative AI","floor":16.0},{"not_picked":["Doom and Gloom","Conserve Battery"],"picked":"Stack","floor":18.0},{"not_picked":["Blizzard","Turbo"],"picked":"Reinforced Body","floor":24},{"not_picked":["Double Energy","Sweeping Beam"],"picked":"Steam","floor":30},{"not_picked":["Hyperbeam","Multi-Cast"],"picked":"Seek","floor":33},{"not_picked":["Double Energy+1","Loop+1"],"picked":"Stack","floor":35},{"not_picked":["Gash","Static Discharge"],"picked":"Stack","floor":36},{"not_picked":["Chaos+1","Turbo"],"picked":"Stack+1","floor":38},{"not_picked":["Recycle","Electrodynamics"],"picked":"BootSequence","floor":41},{"not_picked":["Capacitor+1","Rebound"],"picked":"Glacier","floor":46},{"not_picked":["Skim","Gash"],"picked":"Chill+1","floor":46}],"player_experience":958984,"relics_obtained":[{"floor":7.0,"key":"Letter Opener"},{"floor":9.0,"key":"Nunchaku"},{"floor":12.0,"key":"Dead Branch"},{"floor":25,"key":"Cables"},{"floor":26,"key":"MawBank"},{"floor":27,"key":"The Courier"},{"floor":37,"key":"Prayer Wheel"},{"floor":41,"key":"Ginger"},{"floor":43,"key":"Gremlin Horn"},{"floor":48,"key":"Mummified Hand"}],"event_choices":[{"event_name":"Match and Keep!","player_choice":"1 cards matched","floor":19.0,"damage_taken":0.0},{"event_name":"MindBloom","player_choice":"Fight","floor":37,"damage_taken":0},{"event_name":"FaceTrader","player_choice":"Trade","floor":39,"damage_taken":0},{"event_name":"Winding Halls","player_choice":"Writhe","floor":45,"damage_taken":0}],"is_beta":false,"boss_relics":[{"not_picked":["Snecko Eye","Philosopher\u0027s Stone"],"picked":"Coffee Dripper"},{"not_picked":["Calling Bell","Tiny House"],"picked":"Inserter"}],"items_purged_floors":[21,44],"is_endless":false,"potions_floor_spawned":[1,10,12,18,22,28,36,46,48],"ascension_level":12}