{"gold_per_floor":[113,113,63,338,353,353,386,402,402,402,413,439,80,98,98,173,173,188,36,46,46,61,61],"floor_reached":23,"playtime":564,"items_purged":["Regret","Strike_B"],"score":384,"play_id":"92ca67ec-8f89-4313-a513-8fae44295a61","local_time":"20190521235336","is_ascension_mode":true,"campfire_choices":[{"data":"Hologram","floor":6.0,"key":"SMITH"},{"data":"Zap","floor":10.0,"key":"SMITH"},{"floor":15.0,"key":"REST"}],"neow_cost":"NONE","seed_source_timestamp":117704275088028,"circlet_count":0,"master_deck":["AscendersBane","Strike_B","Defend_B","Defend_B","Defend_B","Zap+1","Dualcast","Hologram+1","Sweeping Beam","Glacier","Cold Snap+1","Panacea","Streamline+1","Biased Cognition","Gash+1","Gash+1"],"special_seed":0,"relics":["Cracked Core","NeowsBlessing","Darkstone Periapt","Molten Egg 2","Blue Candle","Medical Kit","Cursed Key"],"potions_floor_usage":[23],"damage_taken":[{"damage":0.0,"enemies":"Small Slimes","floor":1.0,"turns":1.0},{"damage":0.0,"enemies":"Cultist","floor":5.0,"turns":1.0},{"damage":0.0,"enemies":"3 Sentries","floor":7.0,"turns":1.0},{"damage":11.0,"enemies":"Jaw Worm","floor":8.0,"turns":5.0},{"damage":13.0,"enemies":"Red Slaver","floor":11.0,"turns":4.0},{"damage":33.0,"enemies":"Lagavulin","floor":12.0,"turns":7.0},{"damage":0.0,"enemies":"Exordium Wildlife","floor":14.0,"turns":5.0},{"damage":23.0,"enemies":"The Guardian","floor":16.0,"turns":10.0},{"damage":2.0,"enemies":"Spheric Guardian","floor":18.0,"turns":4.0},{"damage":18.0,"enemies":"2 Thieves","floor":20.0,"turns":3.0},{"damage":4.0,"enemies":"Snecko","floor":22.0,"turns":6.0},{"damage":32,"enemies":"Slavers","floor":23,"turns":2}],"seed_played":"8492327493846365118","potions_obtained":[{"floor":5.0,"key":"Ancient Potion"},{"floor":11.0,"key":"SpeedPotion"},{"floor":14.0,"key":"SkillPotion"},{"floor":16.0,"key":"FocusPotion"}],"is_trial":false,"path_per_floor":["M","?","?","?","M","R","E","M","T","R","M","E","$","M","R","B",null,"M","$","M","?","M","E"],"character_chosen":"DEFECT","items_purchased":["Panacea","Medical Kit","Gash+1"],"campfire_rested":1,"item_purchase_floors":[13,13,19],"current_hp_per_floor":[64,64,64,64,64,64,64,53,53,53,40,7,7,7,28,5,55,53,53,35,35,31,0],"gold":61,"neow_bonus":"THREE_ENEMY_KILL","is_prod":false,"is_daily":false,"chose_seed":false,"campfire_upgraded":2,"win_rate":0,"timestamp":1558475616,"path_taken":["M","?","?","?","M","R","E","M","T","R","M","E","$","?","R","BOSS","M","$","M","?","?","E"],"build_version":"2019-01-23","purchased_purges":2,"victory":false,"max_hp_per_floor":[71,71,71,71,71,71,71,71,71,71,71,71,71,71,71,71,71,71,71,71,71,71,71],"card_choices":[{"not_picked":["Turbo","Barrage","Sweeping Beam"],"picked":"SKIP","floor":1.0},{"not_picked":["Blizzard","Rip and Tear"],"picked":"Hologram","floor":5.0},{"not_picked":["Multi-Cast","Aggregate"],"picked":"Sweeping Beam","floor":7.0},{"not_picked":["Undo","Storm"],"picked":"Glacier","floor":8.0},{"not_picked":["Beam Cell+1","Compile Driver+1"],"picked":"Cold Snap+1","floor":11.0},{"not_picked":["Force Field","Tempest","Steam"],"picked":"SKIP","floor":12.0},{"not_picked":["Barrage+1","Loop"],"picked":"Streamline+1","floor":14.0},{"not_picked":["Electrodynamics","Hyperbeam+1"],"picked":"Biased Cognition","floor":16.0},{"not_picked":["Hello World","Undo"],"picked":"Gash+1","floor":18.0},{"not_picked":["Doom and Gloom+1","Stack","Conserve Battery+1"],"picked":"SKIP","floor":20.0},{"not_picked":["Leap","Reinforced Body","Darkness"],"picked":"SKIP","floor":22.0}],"player_experience":229050,"relics_obtained":[{"floor":7.0,"key":"Darkstone Periapt"},{"floor":9.0,"key":"Molten Egg 2"},{"floor":12.0,"key":"Blue Candle"}],"event_choices":[{"cards_removed":["Strike_B"],"damage_healed":0.0,"max_hp_gain":0.0,"max_hp_loss":0.0,"gold_gain":0.0,"event_name":"Living Wall","player_choice":"Forget","floor":2.0,"gold_loss":0.0,"damage_taken":0.0},{"cards_removed":["Strike_B"],"damage_healed":0.0,"max_hp_gain":0.0,"max_hp_loss":0.0,"gold_gain":0.0,"event_name":"The Cleric","player_choice":"Card Removal","floor":3.0,"gold_loss":50.0,"damage_taken":0.0},{"damage_healed":0.0,"max_hp_gain":0.0,"max_hp_loss":0.0,"gold_gain":275.0,"event_name":"Golden Shrine","player_choice":"Desecrate","floor":4.0,"gold_loss":0.0,"damage_taken":0.0,"cards_obtained":["Regret"]},{"cards_removed":["Defend_B"],"damage_healed":0.0,"max_hp_gain":0.0,"max_hp_loss":0.0,"gold_gain":0.0,"event_name":"Wheel of Change","player_choice":"Card Removal","floor":21.0,"gold_loss":0.0,"damage_taken":0.0}],"is_beta":false,"boss_relics":[{"not_picked":["Philosopher\u0027s Stone","Ectoplasm"],"picked":"Cursed Key"}],"items_purged_floors":[13,19],"is_endless":false,"potions_floor_spawned":[5,11,14,16],"killed_by":"Slavers","ascension_level":14}