{"gold_per_floor":[111,261,277,16,26,26,41,41,122,149,20,95,95,120,120,197,197,213,213,223,160,172,172,187,187,187,36,36,64,64,64,64,138,138,156,208,208,46,61,61,78,78,105,138,14,14,14,14,14,14,14],"floor_reached":52,"playtime":3308,"items_purged":["Doubt","Strike_B","Strike_B","Strike_B"],"score":1829,"play_id":"b4a47100-5da5-4e71-8afe-5e015214d5ab","local_time":"20190204165548","is_ascension_mode":true,"campfire_choices":[{"data":"Electrodynamics","floor":6.0,"key":"SMITH"},{"data":"Zap","floor":8.0,"key":"SMITH"},{"floor":13.0,"key":"REST"},{"data":"Streamline","floor":15.0,"key":"SMITH"},{"data":"Defragment","floor":23.0,"key":"SMITH"},{"data":"Defragment","floor":28.0,"key":"SMITH"},{"data":"Defragment","floor":32.0,"key":"SMITH"},{"data":"Defragment","floor":40.0,"key":"SMITH"},{"data":"Hologram","floor":42.0,"key":"SMITH"},{"data":"Impatience","floor":47.0,"key":"SMITH"},{"data":"Conserve Battery","floor":49.0,"key":"SMITH"}],"neow_cost":"NONE","seed_source_timestamp":2184733765701650,"circlet_count":0,"master_deck":["AscendersBane","Strike_B+1","Defend_B","Defend_B","Defend_B","Zap+1","Dualcast","Steam","Electrodynamics+1","Streamline+1","Conserve Battery+1","Core Surge+1","Glacier","Seek","Hologram+1","Defragment+1","Defragment+1","Defragment+1","Defragment+1","Echo Form","Conserve Battery+1","Impatience+1"],"special_seed":0,"relics":["Cracked Core","Membership Card","Singing Bowl","Strawberry","Cables","Coffee Dripper","Bag of Marbles","OrangePellets","DataDisk","Sozu","Torii","Lantern","Bag of Preparation","Whetstone","PreservedInsect"],"potions_floor_usage":[50,51],"damage_taken":[{"damage":10.0,"enemies":"2 Louse","floor":1.0,"turns":3.0},{"damage":7.0,"enemies":"Jaw Worm","floor":3.0,"turns":4.0},{"damage":5.0,"enemies":"Small Slimes","floor":5.0,"turns":4.0},{"damage":11.0,"enemies":"2 Fungi Beasts","floor":7.0,"turns":3.0},{"damage":5.0,"enemies":"Lagavulin","floor":10.0,"turns":7.0},{"damage":4.0,"enemies":"Gremlin Nob","floor":14.0,"turns":3.0},{"damage":14.0,"enemies":"The Guardian","floor":16.0,"turns":15.0},{"damage":0.0,"enemies":"Chosen","floor":18.0,"turns":4.0},{"damage":0.0,"enemies":"3 Byrds","floor":20.0,"turns":3.0},{"damage":3.0,"enemies":"Sentry and Sphere","floor":22.0,"turns":3.0},{"damage":0.0,"enemies":"Cultist and Chosen","floor":24.0,"turns":5.0},{"damage":0.0,"enemies":"Gremlin Leader","floor":29.0,"turns":3.0},{"damage":24.0,"enemies":"Champ","floor":33.0,"turns":12.0},{"damage":4.0,"enemies":"Orb Walker","floor":35.0,"turns":2.0},{"damage":0.0,"enemies":"2 Orb Walkers","floor":36.0,"turns":4.0},{"damage":1.0,"enemies":"3 Shapes","floor":39.0,"turns":4.0},{"damage":0.0,"enemies":"Spire Growth","floor":41.0,"turns":4.0},{"damage":1.0,"enemies":"Nemesis","floor":44.0,"turns":9.0},{"damage":27,"enemies":"Awakened One","floor":50,"turns":25},{"damage":10,"enemies":"Donu and Deca","floor":51,"turns":9}],"seed_played":"-6173540619802363265","potions_obtained":[{"floor":0.0,"key":"Energy Potion"},{"floor":0.0,"key":"Block Potion"},{"floor":10.0,"key":"Poison Potion"},{"floor":14.0,"key":"Fruit Juice"},{"floor":24.0,"key":"Ancient Potion"},{"floor":29.0,"key":"Explosive Potion"}],"is_trial":false,"path_per_floor":["M","?","M","$","M","R","M","R","T","E","$","?","R","E","R","B",null,"M","?","M","$","M","R","M","?","T","$","R","E","$","?","R","B",null,"M","?","?","$","M","R","M","R","T","E","$","?","R","$","R","B","B",null],"character_chosen":"DEFECT","items_purchased":["Membership Card","Core Surge","Defragment","OrangePellets","Lantern","Bag of Preparation","Impatience"],"campfire_rested":1,"item_purchase_floors":[4,11,27,27,38,38,45],"current_hp_per_floor":[54,54,47,47,42,42,31,31,31,35,35,24,48,44,44,35,73,73,73,73,73,72,72,74,74,74,74,74,74,74,74,74,50,79,77,77,77,77,78,78,80,80,80,81,81,81,81,81,81,54,44],"gold":14,"neow_bonus":"THREE_SMALL_POTIONS","is_prod":false,"is_daily":false,"chose_seed":false,"campfire_upgraded":10,"win_rate":0,"timestamp":1549295748,"path_taken":["M","?","M","$","M","R","M","R","T","E","$","?","R","E","R","BOSS","M","?","M","$","M","R","M","?","T","?","R","E","$","?","R","BOSS","M","?","?","$","?","R","?","R","T","E","?","?","R","?","R","BOSS","BOSS"],"build_version":"2019-01-23","purchased_purges":4,"victory":true,"max_hp_per_floor":[71,71,71,71,71,71,71,71,71,80,80,80,80,80,80,85,85,85,85,85,85,87,87,89,89,89,89,89,89,89,89,89,89,89,91,91,91,91,93,93,95,95,95,97,97,97,97,97,97,97,97],"card_choices":[{"not_picked":["Redo","Leap"],"picked":"Steam","floor":1.0},{"not_picked":["Glacier","Lockon"],"picked":"Electrodynamics","floor":3.0},{"not_picked":["Turbo","Sweeping Beam"],"picked":"Streamline","floor":5.0},{"not_picked":["Sweeping Beam","Storm"],"picked":"Conserve Battery","floor":7.0},{"not_picked":["Steam","Gash","Storm"],"picked":"Singing Bowl","floor":10.0},{"not_picked":["Conserve Battery","Redo"],"picked":"Glacier","floor":14.0},{"not_picked":["Meteor Strike","Multi-Cast"],"picked":"Seek","floor":16.0},{"not_picked":["Streamline","Steam"],"picked":"Hologram","floor":18.0},{"not_picked":["Turbo","Leap"],"picked":"Defragment","floor":20.0},{"not_picked":["Ball Lightning","Stack+1","Chaos"],"picked":"Singing Bowl","floor":22.0},{"not_picked":["Rip and Tear","Steam","Sunder+1"],"picked":"Singing Bowl","floor":24.0},{"not_picked":["Hello World","Static Discharge"],"picked":"Defragment","floor":29.0},{"not_picked":["Electrodynamics","Biased Cognition"],"picked":"Echo Form","floor":33.0},{"not_picked":["Cold Snap","Turbo","Steam Power"],"picked":"Singing Bowl","floor":35.0},{"not_picked":["Storm","Ball Lightning"],"picked":"Conserve Battery+1","floor":36.0},{"not_picked":["Go for the Eyes","Rebound","Beam Cell"],"picked":"Singing Bowl","floor":39.0},{"not_picked":["Barrage","Hologram+1","Genetic Algorithm+1"],"picked":"Singing Bowl","floor":41.0},{"not_picked":["Storm+1","Beam Cell","Lockon"],"picked":"Singing Bowl","floor":44.0}],"player_experience":1321504,"relics_obtained":[{"floor":9.0,"key":"Singing Bowl"},{"floor":10.0,"key":"Strawberry"},{"floor":14.0,"key":"Cables"},{"floor":26.0,"key":"Bag of Marbles"},{"floor":29.0,"key":"DataDisk"},{"floor":36.0,"key":"Torii"},{"floor":43.0,"key":"Whetstone"},{"floor":44.0,"key":"PreservedInsect"}],"event_choices":[{"damage_healed":0.0,"max_hp_gain":0.0,"max_hp_loss":0.0,"gold_gain":150.0,"event_name":"Liars Game","player_choice":"AGREE","floor":2.0,"gold_loss":0.0,"damage_taken":0.0,"cards_obtained":["Doubt"]},{"damage_healed":0.0,"max_hp_gain":0.0,"max_hp_loss":0.0,"gold_gain":75.0,"event_name":"World of Goop","player_choice":"Gather Gold","floor":12.0,"gold_loss":0.0,"damage_taken":11.0},{"damage_healed":0.0,"max_hp_gain":0.0,"max_hp_loss":0.0,"gold_gain":0.0,"event_name":"The Library","player_choice":"Read","floor":19.0,"gold_loss":0.0,"damage_taken":0.0,"cards_obtained":["Defragment"]},{"damage_healed":0.0,"max_hp_gain":0.0,"max_hp_loss":0.0,"gold_gain":0.0,"event_name":"The Mausoleum","player_choice":"Ignored","floor":25.0,"gold_loss":0.0,"damage_taken":0.0},{"damage_healed":0.0,"max_hp_gain":0.0,"max_hp_loss":0.0,"gold_gain":0.0,"event_name":"Beggar","player_choice":"Ignored","floor":31.0,"gold_loss":0.0,"damage_taken":0.0},{"damage_healed":0.0,"max_hp_gain":0.0,"max_hp_loss":0.0,"gold_gain":0.0,"event_name":"Mysterious Sphere","player_choice":"Fight","floor":36.0,"gold_loss":0.0,"damage_taken":0.0},{"damage_healed":0.0,"max_hp_gain":0.0,"max_hp_loss":0.0,"gold_gain":0.0,"event_name":"Lab","player_choice":"Got Potions","floor":37.0,"gold_loss":0.0,"damage_taken":0.0},{"cards_removed":["Defend_B"],"damage_healed":0.0,"max_hp_gain":0.0,"max_hp_loss":0.0,"gold_gain":0.0,"event_name":"Falling","player_choice":"Removed Skill","floor":46.0,"gold_loss":0.0,"damage_taken":0.0}],"is_beta":false,"boss_relics":[{"not_picked":["Pandora\u0027s Box","Black Star"],"picked":"Coffee Dripper"},{"not_picked":["Velvet Choker","Fusion Hammer"],"picked":"Sozu"}],"items_purged_floors":[4,11,21,45],"is_endless":false,"potions_floor_spawned":[5,10,14,24,29,35,36,44],"ascension_level":20}