{"gold_per_floor":[119,119,129,129,144,144,163,177,252,277,0,26,43,58,58,137,137,149,24,24],"floor_reached":20,"playtime":9576,"items_purged":["Strike_B","Strike_B"],"score":316,"play_id":"d823d44e-9b4e-4ccb-bcdb-91a5ef614980","local_time":"20190520214620","is_ascension_mode":true,"campfire_choices":[{"data":"Dualcast","floor":6,"key":"SMITH"},{"floor":15,"key":"REST"}],"neow_cost":"NONE","seed_source_timestamp":137169891911420,"circlet_count":0,"master_deck":["AscendersBane","Strike_B","Strike_B","Defend_B","Defend_B","Defend_B","Defend_B","Zap+1","Dualcast+1","Coolheaded","White Noise","Force Field","Cold Snap","Conserve Battery","Go for the Eyes+1","Sunder+1","Genetic Algorithm","Finesse","Genetic Algorithm","Rebound+1","Chaos","Buffer","FTL+1","Cold Snap+1"],"relics":["Sozu","Molten Egg 2","Peace Pipe","Pen Nib","Coffee Dripper"],"potions_floor_usage":[],"damage_taken":[{"damage":4,"enemies":"Small Slimes","floor":1,"turns":4},{"damage":4,"enemies":"2 Louse","floor":3,"turns":3},{"damage":3,"enemies":"Cultist","floor":5,"turns":5},{"damage":0,"enemies":"Large Slime","floor":7,"turns":6},{"damage":7,"enemies":"Blue Slaver","floor":8,"turns":4},{"damage":14,"enemies":"3 Sentries","floor":10,"turns":13},{"damage":3,"enemies":"Lagavulin","floor":12,"turns":6},{"damage":4,"enemies":"Looter","floor":13,"turns":4},{"damage":11,"enemies":"Large Slime","floor":14,"turns":5},{"damage":16,"enemies":"Slime Boss","floor":16,"turns":10},{"damage":24,"enemies":"2 Thieves","floor":18,"turns":5},{"damage":34,"enemies":"Chosen","floor":20,"turns":6}],"seed_played":"922693934018968639","potions_obtained":[],"is_trial":false,"path_per_floor":["?","?"],"character_chosen":"DEFECT","items_purchased":["Sunder+1","Genetic Algorithm","Finesse","Cold Snap+1"],"campfire_rested":1,"item_purchase_floors":[11,11,11,19],"current_hp_per_floor":[60,60,56,56,53,53,53,46,46,32,32,29,25,14,35,19,58,34,34,0],"gold":24,"neow_bonus":"BOSS_RELIC","is_prod":false,"is_daily":false,"chose_seed":false,"campfire_upgraded":1,"win_rate":0,"timestamp":1558403180,"path_taken":["M","?","M","?","M","R","M","M","T","E","$","E","M","M","R","BOSS","M","$","M"],"build_version":"2019-01-23","purchased_purges":2,"victory":false,"max_hp_per_floor":[71,71,71,71,71,71,71,71,71,71,71,71,71,71,71,71,71,71,71,71],"card_choices":[{"not_picked":["Leap","Hologram"],"picked":"Coolheaded","floor":1},{"not_picked":["Melter","Beam Cell"],"picked":"White Noise","floor":3},{"not_picked":["Leap","Compile Driver"],"picked":"Force Field","floor":5},{"not_picked":["Conserve Battery","Coolheaded"],"picked":"Cold Snap","floor":7},{"not_picked":["Rebound","Ball Lightning"],"picked":"Conserve Battery","floor":8},{"not_picked":["Recycle","Redo"],"picked":"Go for the Eyes+1","floor":10},{"not_picked":["Chaos","Compile Driver+1"],"picked":"Genetic Algorithm","floor":12},{"not_picked":["Aggregate","Stack"],"picked":"Rebound+1","floor":13},{"not_picked":["Rainbow","Compile Driver+1"],"picked":"Chaos","floor":14},{"not_picked":["Rainbow","Fission"],"picked":"Buffer","floor":16},{"not_picked":["Compile Driver+1","Steam Power"],"picked":"FTL+1","floor":18}],"player_experience":600176,"relics_obtained":[{"floor":9,"key":"Molten Egg 2"},{"floor":10,"key":"Peace Pipe"},{"floor":12,"key":"Pen Nib"}],"event_choices":[{"damage_healed":0,"gold_gain":0,"player_choice":"Ignored","damage_taken":0,"max_hp_gain":0,"max_hp_loss":0,"event_name":"Liars Game","floor":2,"gold_loss":0},{"damage_healed":0,"gold_gain":0,"player_choice":"Grow","damage_taken":0,"max_hp_gain":0,"max_hp_loss":0,"event_name":"Living Wall","floor":4,"gold_loss":0,"cards_upgraded":["Zap"]}],"is_beta":false,"boss_relics":[{"not_picked":["Fusion Hammer","Runic Pyramid"],"picked":"Coffee Dripper"}],"items_purged_floors":[11,19],"is_endless":false,"potions_floor_spawned":[3,8,10,12,13,18],"killed_by":"Chosen","ascension_level":14}