{"gold_per_floor":[109,34,46,46,56,56,84,95,120,120,145,145,145,162,162,264,264,279,37,52,72,72,72],"floor_reached":23,"playtime":541,"items_purged":["Strike_R","Regret"],"score":261,"play_id":"dc52c688-2e9f-4440-877d-b49faf3fd185","local_time":"20190224145855","is_ascension_mode":true,"campfire_choices":[{"data":"Armaments","floor":6,"key":"SMITH"},{"data":"True Grit","floor":12,"key":"SMITH"},{"floor":15,"key":"REST"}],"neow_cost":"TEN_PERCENT_HP_LOSS","seed_source_timestamp":774963487021619,"circlet_count":0,"master_deck":["Strike_R","Strike_R","Defend_R","Defend_R","Defend_R","Defend_R","Bash","Bludgeon","Sword Boomerang","Armaments+1","Demon Form","True Grit","True Grit+1","Ghostly Armor","Double Tap"],"relics":["Burning Blood","Art of War","Bronze Scales","Omamori","Potion Belt","Red Skull","Philosopher\u0027s Stone","Membership Card"],"potions_floor_usage":[7,7,7,14,14,14,18,23,23],"damage_taken":[{"damage":1,"enemies":"Cultist","floor":1,"turns":3},{"damage":0,"enemies":"2 Louse","floor":3,"turns":2},{"damage":15,"enemies":"Small Slimes","floor":5,"turns":2},{"damage":37,"enemies":"3 Sentries","floor":7,"turns":6},{"damage":9,"enemies":"2 Fungi Beasts","floor":8,"turns":3},{"damage":36,"enemies":"Gremlin Nob","floor":11,"turns":4},{"damage":0,"enemies":"Exordium Thugs","floor":14,"turns":2},{"damage":9,"enemies":"The Guardian","floor":16,"turns":9},{"damage":11,"enemies":"Chosen","floor":18,"turns":5},{"damage":15,"enemies":"Shell Parasite","floor":20,"turns":6},{"damage":24,"enemies":"Centurion and Healer","floor":21,"turns":7},{"damage":41,"enemies":"Gremlin Leader","floor":23,"turns":4}],"seed_played":"3889839323378998798","potions_obtained":[{"floor":1,"key":"PowerPotion"},{"floor":3,"key":"EntropicBrew"},{"floor":8,"key":"Strength Potion"},{"floor":11,"key":"Poison Potion"},{"floor":14,"key":"SkillPotion"},{"floor":20,"key":"Swift Potion"}],"is_trial":false,"path_per_floor":["M","$","M","?","M","R","E","M","T","?","E","R","?","M","R","B",null,"M","$","M","M","?","E"],"character_chosen":"IRONCLAD","items_purchased":["Membership Card"],"campfire_rested":1,"item_purchase_floors":[19],"current_hp_per_floor":[72,72,72,72,63,63,32,29,29,47,17,17,5,11,32,29,61,56,56,47,29,29,0],"gold":72,"neow_bonus":"TRANSFORM_TWO_CARDS","is_prod":false,"is_daily":false,"chose_seed":false,"campfire_upgraded":2,"win_rate":0,"timestamp":1551016735,"path_taken":["M","$","M","?","M","R","E","M","T","?","E","R","?","M","R","BOSS","M","$","M","M","?","E"],"build_version":"2019-01-23","purchased_purges":2,"victory":false,"max_hp_per_floor":[72,72,72,72,72,72,72,72,72,72,72,72,72,72,72,72,72,72,72,72,72,72,72],"card_choices":[{"not_picked":["Sentinel","Heavy Blade","Perfected Strike"],"picked":"SKIP","floor":1},{"not_picked":["Power Through","True Grit"],"picked":"Armaments","floor":3},{"not_picked":["Flame Barrier","Headbutt"],"picked":"Demon Form","floor":5},{"not_picked":["Wild Strike","Perfected Strike"],"picked":"True Grit","floor":7},{"not_picked":["Body Slam","Anger","Pommel Strike"],"picked":"SKIP","floor":8},{"not_picked":["Thunderclap","Feel No Pain"],"picked":"True Grit","floor":11},{"not_picked":["Inflame","Body Slam"],"picked":"Ghostly Armor","floor":14},{"not_picked":["Bludgeon","Fiend Fire"],"picked":"Double Tap","floor":16},{"not_picked":["Clothesline","Wild Strike","Warcry+1"],"picked":"SKIP","floor":18},{"not_picked":["Clash","Wild Strike","Dropkick"],"picked":"SKIP","floor":20},{"not_picked":["Demon Form","Havoc","Anger"],"picked":"SKIP","floor":21}],"player_experience":92042,"relics_obtained":[{"floor":7,"key":"Bronze Scales"},{"floor":9,"key":"Omamori"},{"floor":11,"key":"Potion Belt"}],"event_choices":[{"damage_healed":0,"gold_gain":0,"player_choice":"Box","damage_taken":0,"relics_obtained":["Art of War"],"max_hp_gain":0,"max_hp_loss":0,"event_name":"Big Fish","floor":4,"gold_loss":0,"cards_obtained":["Regret"]},{"damage_healed":18,"gold_gain":0,"player_choice":"Healed and dodged fight","damage_taken":0,"max_hp_gain":0,"max_hp_loss":0,"event_name":"Mushrooms","floor":10,"gold_loss":0,"cards_obtained":["Parasite"]},{"damage_healed":0,"gold_gain":0,"player_choice":"Success","damage_taken":12,"relics_obtained":["Red Skull"],"max_hp_gain":0,"max_hp_loss":0,"event_name":"Scrap Ooze","floor":13,"gold_loss":0},{"damage_healed":0,"gold_gain":0,"player_choice":"Smashed Altar","damage_taken":0,"max_hp_gain":0,"max_hp_loss":0,"event_name":"Forgotten Altar","floor":22,"gold_loss":0,"cards_obtained":["Decay"]}],"is_beta":false,"boss_relics":[{"not_picked":["Velvet Choker","Cursed Key"],"picked":"Philosopher\u0027s Stone"}],"items_purged_floors":[2,19],"is_endless":false,"potions_floor_spawned":[1,3,8,11,14,20],"killed_by":"Gremlin Leader","ascension_level":6}