{"gold_per_floor":[111,130,150,160,175,175,100,110,110,121,21,47,74,87,87,190,190,200,75,101,101,112,142,142,167,192,192,192,192,207,219,219,320,320,330,330,350,360,210,210,239,239,239,255,80,80,80,80,80,80],"floor_reached":50,"playtime":3954,"items_purged":["Defend_B","Defend_B","Strike_B","Double Energy","Amplify"],"score":512,"play_id":"2e23ad42-57b5-445b-91b4-9d9166ad9dbc","local_time":"20190217212118","is_ascension_mode":false,"campfire_choices":[{"data":"Defragment","floor":6,"key":"SMITH"},{"floor":15,"key":"REST"},{"floor":24,"key":"REST"},{"floor":27,"key":"REST"},{"data":"Loop","floor":29,"key":"SMITH"},{"data":"Auto Shields","floor":32,"key":"SMITH"},{"floor":40,"key":"REST"},{"floor":47,"key":"REST"},{"floor":49,"key":"REST"}],"neow_cost":"NONE","seed_source_timestamp":208261671186548,"circlet_count":0,"master_deck":["Strike_B+1","Strike_B+1","Defend_B","Zap","Dualcast","Defragment+1","Steam","Auto Shields+1","Loop+1","Steam","Sweeping Beam","Ball Lightning","Electrodynamics","Conserve Battery","Leap","Ball Lightning","Reboot","Storm+1","Loop+1","Capacitor","Hello World"],"relics":["Cracked Core","NeowsBlessing","Whetstone","Regal Pillow","Bag of Marbles","Runic Dome","Red Mask","Lantern","Darkstone Periapt","Boot","Black Star","Pen Nib","Bronze Scales","Ornamental Fan"],"potions_floor_usage":[8,13,13,16,20,23,31,38,44,50,50],"damage_taken":[{"damage":0,"enemies":"Cultist","floor":1,"turns":1},{"damage":0,"enemies":"Jaw Worm","floor":2,"turns":1},{"damage":0,"enemies":"2 Louse","floor":3,"turns":2},{"damage":8,"enemies":"Large Slime","floor":4,"turns":5},{"damage":12,"enemies":"Looter","floor":5,"turns":4},{"damage":24,"enemies":"Gremlin Gang","floor":8,"turns":5},{"damage":6,"enemies":"Exordium Thugs","floor":10,"turns":5},{"damage":7,"enemies":"Lagavulin","floor":13,"turns":7},{"damage":2,"enemies":"3 Louse","floor":14,"turns":3},{"damage":5,"enemies":"Hexaghost","floor":16,"turns":8},{"damage":10,"enemies":"Chosen","floor":18,"turns":3},{"damage":13,"enemies":"Masked Bandits","floor":20,"turns":4},{"damage":17,"enemies":"Spheric Guardian","floor":22,"turns":4},{"damage":19,"enemies":"Gremlin Leader","floor":23,"turns":5},{"damage":18,"enemies":"Book of Stabbing","floor":25,"turns":5},{"damage":0,"enemies":"Snake Plant","floor":30,"turns":3},{"damage":7,"enemies":"3 Cultists","floor":31,"turns":4},{"damage":55,"enemies":"Champ","floor":33,"turns":13},{"damage":25,"enemies":"3 Darklings","floor":35,"turns":4},{"damage":3,"enemies":"Orb Walker","floor":37,"turns":3},{"damage":20,"enemies":"Sphere and 2 Shapes","floor":38,"turns":4},{"damage":42,"enemies":"Nemesis","floor":41,"turns":7},{"damage":12,"enemies":"3 Darklings","floor":44,"turns":4},{"damage":89,"enemies":"Donu and Deca","floor":50,"turns":6}],"seed_played":"-9205884129327530041","potions_obtained":[{"floor":1,"key":"Block Potion"},{"floor":2,"key":"SpeedPotion"},{"floor":5,"key":"Block Potion"},{"floor":8,"key":"SteroidPotion"},{"floor":14,"key":"EssenceOfSteel"},{"floor":16,"key":"SpeedPotion"},{"floor":22,"key":"Regen Potion"},{"floor":25,"key":"Block Potion"},{"floor":33,"key":"Explosive Potion"},{"floor":37,"key":"Block Potion"},{"floor":41,"key":"Energy Potion"}],"is_trial":false,"path_per_floor":["M","M","M","M","M","R","$","M","T","M","$","T","E","M","R","B",null,"M","$","?","$","M","E","R","E","T","R","?","R","M","M","R","B",null,"M","?","M","M","$","R","E","?","T","M","$","?","R","?","R","B"],"character_chosen":"DEFECT","items_purchased":[],"campfire_rested":6,"item_purchase_floors":[],"current_hp_per_floor":[75,75,75,67,55,55,55,31,31,25,25,25,18,16,53,48,75,65,65,52,52,35,30,67,49,49,75,75,75,75,68,68,13,75,50,50,47,27,27,64,22,22,22,10,10,10,46,46,71,0],"gold":80,"neow_bonus":"THREE_ENEMY_KILL","is_prod":false,"is_daily":false,"chose_seed":false,"campfire_upgraded":3,"win_rate":0.0,"timestamp":1550467278,"path_taken":["M","M","?","M","M","R","$","M","T","M","$","?","E","M","R","BOSS","M","$","?","$","M","E","R","E","T","R","?","R","M","M","R","BOSS","M","?","M","M","$","R","E","?","T","M","$","?","R","?","R","BOSS"],"build_version":"2019-01-23","purchased_purges":5,"victory":false,"max_hp_per_floor":[75,75,75,75,75,75,75,75,75,75,75,75,75,75,75,75,75,75,75,75,75,75,75,75,75,75,75,75,75,75,75,75,75,75,75,75,75,75,75,75,75,75,75,75,75,71,71,71,71,71],"card_choices":[{"not_picked":["Turbo","Hologram"],"picked":"Defragment","floor":1},{"not_picked":["Barrage","Heatsinks"],"picked":"Steam","floor":2},{"not_picked":["Undo","Compile Driver"],"picked":"Auto Shields","floor":3},{"not_picked":["Redo","Force Field"],"picked":"Loop","floor":4},{"not_picked":["Scrape","Glacier"],"picked":"Steam","floor":5},{"not_picked":["Storm","Ball Lightning"],"picked":"Sweeping Beam","floor":8},{"not_picked":["Glacier","Heatsinks"],"picked":"Double Energy","floor":10},{"not_picked":["Scrape","Skim"],"picked":"Ball Lightning","floor":13},{"not_picked":["Consume","Turbo","Double Energy"],"picked":"SKIP","floor":14},{"not_picked":["Thunder Strike","Buffer"],"picked":"Electrodynamics","floor":16},{"not_picked":["Sweeping Beam","Ball Lightning"],"picked":"Conserve Battery","floor":18},{"not_picked":["Force Field+1","Streamline","Compile Driver"],"picked":"SKIP","floor":22},{"not_picked":["Rebound","Cold Snap+1","Scrape"],"picked":"SKIP","floor":23},{"not_picked":["Rebound","Cold Snap"],"picked":"Leap","floor":25},{"not_picked":["Cold Snap","Steam"],"picked":"Ball Lightning","floor":30},{"not_picked":["Redo","Streamline"],"picked":"Amplify","floor":31},{"not_picked":["All For One","Buffer"],"picked":"Reboot","floor":33},{"not_picked":["Hologram","Gash+1","Blizzard"],"picked":"SKIP","floor":35},{"not_picked":["Coolheaded","Conserve Battery+1"],"picked":"Storm+1","floor":37},{"not_picked":["Rebound+1","Beam Cell"],"picked":"Loop+1","floor":38},{"not_picked":["BootSequence","Meteor Strike"],"picked":"Capacitor","floor":41},{"not_picked":["Sweeping Beam","Double Energy","Stack"],"picked":"SKIP","floor":44}],"player_experience":62874,"relics_obtained":[{"floor":9,"key":"Whetstone"},{"floor":12,"key":"Regal Pillow"},{"floor":13,"key":"Bag of Marbles"},{"floor":20,"key":"Red Mask"},{"floor":23,"key":"Lantern"},{"floor":25,"key":"Darkstone Periapt"},{"floor":26,"key":"Boot"},{"floor":41,"key":"Pen Nib"},{"floor":41,"key":"Bronze Scales"},{"floor":43,"key":"Ornamental Fan"}],"event_choices":[{"damage_healed":0,"gold_gain":0,"player_choice":"Fought Bandits","damage_taken":0,"max_hp_gain":0,"max_hp_loss":0,"event_name":"Masked Bandits","floor":20,"gold_loss":0},{"cards_removed":["Strike_B"],"damage_healed":0,"gold_gain":0,"player_choice":"Elegance","damage_taken":0,"max_hp_gain":0,"max_hp_loss":0,"event_name":"Back to Basics","floor":28,"gold_loss":0},{"damage_healed":0,"gold_gain":0,"player_choice":"Ignored","damage_taken":0,"max_hp_gain":0,"max_hp_loss":0,"event_name":"Mysterious Sphere","floor":36,"gold_loss":0},{"damage_healed":0,"gold_gain":0,"player_choice":"Memory 1","damage_taken":0,"max_hp_gain":0,"max_hp_loss":0,"event_name":"SensoryStone","floor":42,"gold_loss":0},{"damage_healed":0,"gold_gain":0,"player_choice":"Max HP","damage_taken":0,"max_hp_gain":0,"max_hp_loss":4,"event_name":"Winding Halls","floor":46,"gold_loss":0},{"damage_healed":0,"gold_gain":0,"cards_transformed":["Defend_B"],"player_choice":"Transformed","damage_taken":0,"max_hp_gain":0,"max_hp_loss":0,"event_name":"Transmorgrifier","floor":48,"gold_loss":0,"cards_obtained":["Hello World"]}],"is_beta":false,"boss_relics":[{"not_picked":["Philosopher\u0027s Stone","Empty Cage"],"picked":"Runic Dome"},{"not_picked":["FrozenCore","Calling Bell"],"picked":"Black Star"}],"items_purged_floors":[7,11,19,39,45],"is_endless":false,"potions_floor_spawned":[1,2,5,8,14,16,22,25,33,37,41],"killed_by":"Donu and Deca","ascension_level":0}