{"gold_per_floor":[114,114,114,130,143,172,172,189,189,204,32,49,59,75,75,171,171,187,187,153,172,68,68,85,101,101,101,112,112,125,125],"floor_reached":31,"playtime":2619,"items_purged":[],"score":294,"play_id":"ef62579a-8f10-4aae-b9b4-1670e334d06f","local_time":"20190430203355","is_ascension_mode":true,"campfire_choices":[{"data":"Body Slam","floor":7,"key":"SMITH"},{"floor":15,"key":"REST"},{"floor":23,"key":"REST"},{"floor":29,"key":"REST"}],"neow_cost":"NONE","seed_source_timestamp":3649300823391419,"circlet_count":0,"master_deck":["Strike_R","Strike_R","Strike_R","Strike_R","Defend_R","Defend_R","Defend_R","Defend_R","Bash","Ghostly Armor","Sentinel","Body Slam+1","Juggernaut","Dual Wield","Battle Trance","Immolate+1","Warcry","Heavy Blade+1","Dropkick+1","Double Tap","Dual Wield+1","Juggernaut","True Grit+1","Shrug It Off","Finesse","Headbutt+1","Battle Trance","Inflame","Impervious","Body Slam+1","Flame Barrier"],"relics":["Black Blood","Pantograph","Molten Egg 2","Bottled Tornado","Darkstone Periapt"],"potions_floor_usage":[16,25,25,28,28],"damage_taken":[{"damage":2,"enemies":"Jaw Worm","floor":1,"turns":3},{"damage":6,"enemies":"Cultist","floor":4,"turns":3},{"damage":7,"enemies":"Small Slimes","floor":5,"turns":4},{"damage":43,"enemies":"Gremlin Nob","floor":6,"turns":6},{"damage":17,"enemies":"Exordium Thugs","floor":8,"turns":4},{"damage":7,"enemies":"2 Fungi Beasts","floor":10,"turns":4},{"damage":15,"enemies":"Gremlin Gang","floor":12,"turns":3},{"damage":13,"enemies":"Blue Slaver","floor":13,"turns":5},{"damage":6,"enemies":"2 Fungi Beasts","floor":14,"turns":4},{"damage":38,"enemies":"Slime Boss","floor":16,"turns":10},{"damage":37,"enemies":"Spheric Guardian","floor":18,"turns":6},{"damage":37,"enemies":"2 Thieves","floor":20,"turns":5},{"damage":35,"enemies":"Snake Plant","floor":21,"turns":5},{"damage":25,"enemies":"Snecko","floor":24,"turns":4},{"damage":9,"enemies":"3 Cultists","floor":25,"turns":4},{"damage":9,"enemies":"Centurion and Healer","floor":28,"turns":6},{"damage":15,"enemies":"Snecko","floor":30,"turns":5},{"damage":54,"enemies":"Book of Stabbing","floor":31,"turns":5}],"seed_played":"-6671492814422393608","potions_obtained":[{"floor":1,"key":"Block Potion"},{"floor":4,"key":"Ancient Potion"},{"floor":8,"key":"Strength Potion"},{"floor":16,"key":"Explosive Potion"},{"floor":21,"key":"Weak Potion"},{"floor":24,"key":"SkillPotion"},{"floor":25,"key":"Swift Potion"},{"floor":30,"key":"Strength Potion"}],"is_trial":false,"path_per_floor":["M","?","?","M","M","E","R","M","T","M","$","M","M","M","R","B",null,"M","?","M","M","$","R","M","M","T","?","M","R","M","E"],"character_chosen":"IRONCLAD","items_purchased":["Immolate+1","Warcry","Finesse","Headbutt+1"],"campfire_rested":3,"item_purchase_floors":[11,11,22,22],"current_hp_per_floor":[88,93,93,93,92,55,55,44,44,43,43,34,27,27,54,47,93,66,66,39,14,14,41,26,27,27,27,28,55,50,0],"gold":125,"neow_bonus":"TEN_PERCENT_HP_BONUS","is_prod":false,"is_daily":false,"chose_seed":false,"campfire_upgraded":1,"win_rate":0,"timestamp":1556670835,"path_taken":["M","?","?","M","M","E","R","M","T","?","$","M","M","M","R","BOSS","M","?","M","M","$","R","M","?","T","?","M","R","?","E"],"build_version":"2018-11-15","purchased_purges":0,"victory":false,"max_hp_per_floor":[88,93,93,93,93,93,93,93,93,93,93,93,93,93,93,93,93,93,93,93,93,93,93,93,93,93,93,93,93,93,93],"card_choices":[{"not_picked":["Pummel","Heavy Blade"],"picked":"Ghostly Armor","floor":1},{"not_picked":["Heavy Blade","Sword Boomerang"],"picked":"Sentinel","floor":4},{"not_picked":["Clash","Iron Wave"],"picked":"Body Slam","floor":5},{"not_picked":["Havoc","Wild Strike"],"picked":"Juggernaut","floor":6},{"not_picked":["Sever Soul+1","Clothesline+1"],"picked":"Dual Wield","floor":8},{"not_picked":["Dropkick+1","Havoc"],"picked":"Battle Trance","floor":10},{"not_picked":["Clothesline+1","True Grit"],"picked":"Heavy Blade+1","floor":12},{"not_picked":["Rupture","Wild Strike+1"],"picked":"Dropkick+1","floor":13},{"not_picked":["Combust","Warcry","Berserk"],"picked":"SKIP","floor":14},{"not_picked":["Fiend Fire+1","Dark Embrace"],"picked":"Double Tap","floor":16},{"not_picked":["Headbutt+1","Thunderclap+1"],"picked":"Dual Wield+1","floor":18},{"not_picked":["Infernal Blade","Havoc"],"picked":"True Grit+1","floor":20},{"not_picked":["True Grit","Flex"],"picked":"Shrug It Off","floor":21},{"not_picked":["Clash+1","Warcry+1"],"picked":"Battle Trance","floor":24},{"not_picked":["Anger+1","Clash+1"],"picked":"Inflame","floor":25},{"not_picked":["Entrench","Feel No Pain"],"picked":"Body Slam+1","floor":28},{"not_picked":["Carnage+1","Body Slam+1"],"picked":"Flame Barrier","floor":30}],"player_experience":168396,"relics_obtained":[{"floor":6,"key":"Molten Egg 2"},{"floor":9,"key":"Bottled Tornado"},{"floor":26,"key":"Darkstone Periapt"}],"event_choices":[{"damage_healed":0,"gold_gain":0,"player_choice":"Donut","damage_taken":0,"max_hp_gain":5,"max_hp_loss":0,"event_name":"Big Fish","floor":2,"gold_loss":0},{"damage_healed":0,"gold_gain":0,"player_choice":"Gave Potion","damage_taken":0,"relics_obtained":["Pantograph"],"max_hp_gain":0,"max_hp_loss":0,"event_name":"WeMeetAgain","floor":3,"gold_loss":0},{"damage_healed":0,"gold_gain":0,"player_choice":"Copied","damage_taken":0,"max_hp_gain":0,"max_hp_loss":0,"event_name":"Duplicator","floor":19,"gold_loss":0,"cards_obtained":["Juggernaut"]},{"damage_healed":0,"gold_gain":0,"cards_transformed":["Strike_R"],"player_choice":"Transformed","damage_taken":0,"max_hp_gain":0,"max_hp_loss":0,"event_name":"Transmorgrifier","floor":27,"gold_loss":0,"cards_obtained":["Impervious"]}],"is_beta":false,"boss_relics":[{"not_picked":["Eternal Feather","Black Star"],"picked":"Black Blood"}],"items_purged_floors":[],"is_endless":false,"potions_floor_spawned":[1,4,8,16,21,24,25,30],"killed_by":"Book of Stabbing","ascension_level":4}