{"gold_per_floor":[111,186,361,142,142,173,183,197,197,217,217,228,228,243,243,342,342,356,369,369],"floor_reached":20,"playtime":695,"items_purged":["Doubt"],"score":246,"play_id":"c9c786f2-c580-435a-b2d0-5fed3818cc32","local_time":"20190401124119","is_ascension_mode":true,"campfire_choices":[{"data":"Entrench","floor":11.0,"key":"SMITH"},{"data":"Barricade","floor":15.0,"key":"SMITH"}],"neow_cost":"TEN_PERCENT_HP_LOSS","seed_source_timestamp":0,"circlet_count":0,"master_deck":["Strike_R","Strike_R","Strike_R","Strike_R","Strike_R","Defend_R","Defend_R","Defend_R","Defend_R","Bash","Barricade+1","Body Slam","Entrench+1","Rage","Headbutt","Headbutt","Body Slam","Armaments","Parasite","Flame Barrier+1","Juggernaut"],"special_seed":0,"relics":["Burning Blood","Dodecahedron","Toxic Egg 2","Eternal Feather"],"potions_floor_usage":[16,18],"damage_taken":[{"damage":8.0,"enemies":"Small Slimes","floor":1.0,"turns":5.0},{"damage":51.0,"enemies":"3 Sentries","floor":6.0,"turns":17.0},{"damage":0.0,"enemies":"2 Louse","floor":7.0,"turns":2.0},{"damage":0.0,"enemies":"Cultist","floor":8.0,"turns":2.0},{"damage":7.0,"enemies":"2 Fungi Beasts","floor":10.0,"turns":6.0},{"damage":0.0,"enemies":"3 Louse","floor":12.0,"turns":4.0},{"damage":4.0,"enemies":"Exordium Wildlife","floor":14.0,"turns":5.0},{"damage":7,"enemies":"Slime Boss","floor":16,"turns":11},{"damage":10,"enemies":"Spheric Guardian","floor":18,"turns":4},{"damage":10,"enemies":"Chosen","floor":19,"turns":6},{"damage":79,"enemies":"3 Cultists","floor":20,"turns":6}],"seed_played":"569540327101301446","potions_obtained":[{"floor":7.0,"key":"AttackPotion"},{"floor":8.0,"key":"Block Potion"},{"floor":10.0,"key":"Energy Potion"},{"floor":14.0,"key":"SkillPotion"},{"floor":16,"key":"SkillPotion"},{"floor":18,"key":"FairyPotion"}],"is_trial":false,"path_per_floor":["M","?","?","$","?","E","M","M","T","M","R","M","?","M","R","B",null,"M","M","M"],"character_chosen":"IRONCLAD","items_purchased":["Entrench","Rage"],"campfire_rested":0,"item_purchase_floors":[4,4],"current_hp_per_floor":[70,59,59,59,59,14,20,26,26,25,25,31,49,51,51,50,67,63,59,0],"gold":369,"neow_bonus":"THREE_RARE_CARDS","is_prod":false,"is_daily":false,"chose_seed":false,"campfire_upgraded":2,"win_rate":0,"timestamp":1554115279,"path_taken":["M","?","?","$","?","E","M","?","T","M","R","M","?","M","R","BOSS","M","M","M"],"build_version":"2019-01-23","purchased_purges":1,"victory":false,"max_hp_per_floor":[72,72,72,72,72,72,72,72,72,72,72,72,72,72,72,72,72,72,72,72],"card_choices":[{"not_picked":["Double Tap","Fiend Fire"],"picked":"Barricade","floor":0.0},{"not_picked":["Heavy Blade","Anger"],"picked":"Body Slam","floor":1.0},{"not_picked":["Sword Boomerang","Power Through"],"picked":"Headbutt","floor":6.0},{"not_picked":["Searing Blow","Cleave"],"picked":"Body Slam","floor":7.0},{"not_picked":["Warcry","Dark Embrace"],"picked":"Armaments","floor":8.0},{"not_picked":["Flex+1","Clash","Havoc+1"],"picked":"SKIP","floor":10.0},{"not_picked":["Sword Boomerang","Clash","Power Through+1"],"picked":"SKIP","floor":12.0},{"not_picked":["Wild Strike","Uppercut"],"picked":"Flame Barrier+1","floor":14.0},{"not_picked":["Offering+1","Dark Embrace"],"picked":"Juggernaut","floor":16},{"not_picked":["Havoc+1","Anger","Perfected Strike+1"],"picked":"SKIP","floor":18},{"not_picked":["Anger","Heavy Blade","Corruption"],"picked":"SKIP","floor":19}],"player_experience":124357,"relics_obtained":[{"floor":6.0,"key":"Dodecahedron"},{"floor":9.0,"key":"Toxic Egg 2"}],"event_choices":[{"damage_healed":0.0,"max_hp_gain":0.0,"max_hp_loss":0.0,"gold_gain":75.0,"event_name":"World of Goop","player_choice":"Gather Gold","floor":2.0,"gold_loss":0.0,"damage_taken":11.0},{"damage_healed":0.0,"max_hp_gain":0.0,"max_hp_loss":0.0,"gold_gain":175.0,"event_name":"Liars Game","player_choice":"AGREE","floor":3.0,"gold_loss":0.0,"damage_taken":0.0,"cards_obtained":["Doubt"]},{"damage_healed":0.0,"max_hp_gain":0.0,"max_hp_loss":0.0,"gold_gain":0.0,"event_name":"Match and Keep!","player_choice":"1 cards matched","floor":5.0,"gold_loss":0.0,"damage_taken":0.0,"cards_obtained":["Headbutt"]},{"damage_healed":18.0,"max_hp_gain":0.0,"max_hp_loss":0.0,"gold_gain":0.0,"event_name":"Mushrooms","player_choice":"Healed and dodged fight","floor":13.0,"gold_loss":0.0,"damage_taken":0.0,"cards_obtained":["Parasite"]}],"is_beta":false,"boss_relics":[{"not_picked":["Coffee Dripper","Runic Cube"],"picked":"Eternal Feather"}],"items_purged_floors":[4],"is_endless":false,"potions_floor_spawned":[7,8,10,14,16,18],"killed_by":"3 Cultists","ascension_level":8}