{"gold_per_floor":[115,126,139,64,81,81,45,45,45,57,90,108,108,121,121,218,218,237,337,351,351,361,361],"floor_reached":23,"playtime":2903,"items_purged":["Defend_B"],"score":195,"play_id":"53e8922b-2992-4bac-b1da-989755acf6a9","local_time":"20190222221451","is_ascension_mode":false,"campfire_choices":[{"data":"Genetic Algorithm","floor":6,"key":"SMITH"},{"data":"Loop","floor":8,"key":"SMITH"},{"floor":15,"key":"REST"}],"neow_cost":"NONE","seed_source_timestamp":350744302298840,"circlet_count":0,"master_deck":["Strike_B","Strike_B","Strike_B","Defend_B","Defend_B","Zap","Dualcast","Go for the Eyes","Conserve Battery","Gash","Genetic Algorithm+1","Loop+1","Glacier","Go for the Eyes","Doom and Gloom+1","Streamline","Ball Lightning","Electrodynamics"],"relics":["Cracked Core","Bag of Marbles","Cables","Runic Dome","Mango","Mummified Hand"],"potions_floor_usage":[11,16,16,19,19],"damage_taken":[{"damage":0,"enemies":"Cultist","floor":1,"turns":4},{"damage":0,"enemies":"2 Louse","floor":2,"turns":2},{"damage":0,"enemies":"Jaw Worm","floor":3,"turns":3},{"damage":2,"enemies":"Blue Slaver","floor":5,"turns":3},{"damage":0,"enemies":"Looter","floor":10,"turns":2},{"damage":16,"enemies":"3 Sentries","floor":11,"turns":6},{"damage":4,"enemies":"Large Slime","floor":12,"turns":6},{"damage":2,"enemies":"2 Fungi Beasts","floor":14,"turns":3},{"damage":63,"enemies":"Slime Boss","floor":16,"turns":17},{"damage":12,"enemies":"3 Byrds","floor":18,"turns":8},{"damage":7,"enemies":"Colosseum Slavers","floor":19,"turns":7},{"damage":28,"enemies":"Colosseum Nobs","floor":19,"turns":5},{"damage":15,"enemies":"2 Thieves","floor":20,"turns":5},{"damage":42,"enemies":"Centurion and Healer","floor":22,"turns":6},{"damage":14,"enemies":"Slavers","floor":23,"turns":1}],"seed_played":"233593038683587115","potions_obtained":[{"floor":1,"key":"Explosive Potion"},{"floor":10,"key":"Ancient Potion"},{"floor":12,"key":"Fire Potion"},{"floor":14,"key":"Regen Potion"},{"floor":18,"key":"LiquidBronze"},{"floor":20,"key":"SteroidPotion"}],"is_trial":false,"path_per_floor":["M","M","M","$","M","R","$","R","T","M","E","M","?","M","R","B",null,"M","?","M","?","M","E"],"character_chosen":"DEFECT","items_purchased":["Loop"],"campfire_rested":1,"item_purchase_floors":[7],"current_hp_per_floor":[75,75,75,75,73,73,73,73,73,73,57,53,53,51,73,22,75,63,42,27,56,14,0],"gold":361,"neow_bonus":"REMOVE_CARD","is_prod":false,"is_daily":false,"chose_seed":false,"campfire_upgraded":2,"win_rate":0.0,"timestamp":1550902491,"path_taken":["M","M","?","$","M","R","$","R","T","M","E","M","?","M","R","BOSS","M","?","M","?","M","E"],"build_version":"2019-01-23","purchased_purges":1,"victory":false,"max_hp_per_floor":[75,75,75,75,75,75,75,75,75,75,75,75,75,75,75,75,75,75,89,89,89,89,89],"card_choices":[{"not_picked":["Tempest","Leap"],"picked":"Go for the Eyes","floor":1},{"not_picked":["Barrage","Leap"],"picked":"Conserve Battery","floor":2},{"not_picked":["Genetic Algorithm","Cold Snap"],"picked":"Gash","floor":3},{"not_picked":["Barrage","Rainbow"],"picked":"Genetic Algorithm","floor":5},{"not_picked":["Lockon","Redo","Steam Power"],"picked":"SKIP","floor":10},{"not_picked":["Core Surge","Buffer"],"picked":"Glacier","floor":11},{"not_picked":["Turbo","Beam Cell"],"picked":"Go for the Eyes","floor":12},{"not_picked":["Turbo","Skim","Sweeping Beam"],"picked":"SKIP","floor":14},{"not_picked":["Turbo","Streamline"],"picked":"Doom and Gloom+1","floor":18},{"not_picked":["Chaos","Force Field"],"picked":"Streamline","floor":19},{"not_picked":["Streamline","Rebound"],"picked":"Ball Lightning","floor":20},{"not_picked":["Go for the Eyes","Streamline"],"picked":"Electrodynamics","floor":22}],"player_experience":95308,"relics_obtained":[{"floor":9,"key":"Bag of Marbles"},{"floor":11,"key":"Cables"},{"floor":19,"key":"Mango"},{"floor":19,"key":"Mummified Hand"}],"event_choices":[{"cards_removed":["Defend_B"],"damage_healed":0,"gold_gain":0,"player_choice":"Forget","damage_taken":0,"max_hp_gain":0,"max_hp_loss":0,"event_name":"Living Wall","floor":13,"gold_loss":0},{"damage_healed":0,"gold_gain":0,"player_choice":"Fight","damage_taken":0,"max_hp_gain":0,"max_hp_loss":0,"event_name":"Colosseum","floor":19,"gold_loss":0},{"damage_healed":0,"gold_gain":0,"player_choice":"Fought Nobs","damage_taken":0,"max_hp_gain":0,"max_hp_loss":0,"event_name":"Colosseum","floor":19,"gold_loss":0},{"damage_healed":29,"gold_gain":0,"player_choice":"Heal","damage_taken":0,"max_hp_gain":0,"max_hp_loss":0,"event_name":"The Library","floor":21,"gold_loss":0}],"is_beta":false,"boss_relics":[{"not_picked":["Astrolabe","Tiny House"],"picked":"Runic Dome"}],"items_purged_floors":[4],"is_endless":false,"potions_floor_spawned":[1,10,12,14,18,20],"killed_by":"Slavers","ascension_level":0}