{"gold_per_floor":[111,36,49,49,62,92,92,106,184,36,36,46,64,82,82,179,179,195,195,195,211,229,229,229,104,104,124,16,0,0,0,0,103,103,123,123,123,140,140,140,140,140,165,165,67,85,102,113,113,113],"floor_reached":50,"playtime":1668,"items_purged":["Thunder Strike","Thunder Strike","All For One"],"score":442,"play_id":"f02024d6-a205-48df-a562-9441f7099126","local_time":"20190201125039","is_ascension_mode":false,"campfire_choices":[{"data":"Self Repair","floor":7.0,"key":"SMITH"},{"data":"Zap","floor":11.0,"key":"SMITH"},{"data":"Fusion","floor":15.0,"key":"SMITH"},{"data":"Meteor Strike","floor":23.0,"key":"SMITH"},{"floor":30.0,"key":"REST"},{"floor":32.0,"key":"REST"},{"data":"Enlightenment","floor":40.0,"key":"SMITH"},{"data":"Hologram","floor":42.0,"key":"SMITH"},{"floor":44.0,"key":"REST"},{"data":"Hologram","floor":49.0,"key":"SMITH"}],"neow_cost":"NONE","seed_source_timestamp":302183279391643,"circlet_count":0,"master_deck":["Zap+1","Dualcast","Ball Lightning","Sunder","Self Repair+1","Streamline","Echo Form","Leap","Leap","Hologram+1","Fusion+1","Meteor Strike+1","Redo+1","Leap","Melter","Self Repair","Glacier","Capacitor","Multi-Cast","Glacier+1","Enlightenment+1","Chrysalis","Finesse","Capacitor","Hologram+1","Loop+1","BootSequence"],"special_seed":0,"relics":["Pandora\u0027s Box"],"potions_floor_usage":[50],"damage_taken":[{"damage":0.0,"enemies":"Small Slimes","floor":1.0,"turns":2.0},{"damage":0.0,"enemies":"Cultist","floor":3.0,"turns":2.0},{"damage":10.0,"enemies":"2 Louse","floor":5.0,"turns":2.0},{"damage":32.0,"enemies":"Gremlin Nob","floor":6.0,"turns":4.0},{"damage":27.0,"enemies":"Large Slime","floor":8.0,"turns":3.0},{"damage":0.0,"enemies":"3 Louse","floor":12.0,"turns":3.0},{"damage":11.0,"enemies":"Looter","floor":13.0,"turns":3.0},{"damage":0.0,"enemies":"Exordium Thugs","floor":14.0,"turns":4.0},{"damage":27.0,"enemies":"The Guardian","floor":16.0,"turns":8.0},{"damage":10.0,"enemies":"Chosen","floor":18.0,"turns":6.0},{"damage":22.0,"enemies":"Shell Parasite","floor":21.0,"turns":5.0},{"damage":33.0,"enemies":"Chosen and Byrds","floor":22.0,"turns":7.0},{"damage":33.0,"enemies":"Snake Plant","floor":27.0,"turns":4.0},{"damage":29.0,"enemies":"Automaton","floor":33.0,"turns":11.0},{"damage":15.0,"enemies":"Orb Walker","floor":35.0,"turns":4.0},{"damage":50.0,"enemies":"3 Darklings","floor":38.0,"turns":9.0},{"damage":45.0,"enemies":"Jaw Worm Horde","floor":46.0,"turns":6.0},{"damage":7.0,"enemies":"Sphere and 2 Shapes","floor":47.0,"turns":5.0},{"damage":25.0,"enemies":"Spire Growth","floor":48.0,"turns":12.0},{"damage":69,"enemies":"Awakened One","floor":50,"turns":5}],"seed_played":"-5077715110160952710","potions_obtained":[{"floor":1.0,"key":"FairyPotion"},{"floor":3.0,"key":"Poison Potion"},{"floor":14.0,"key":"SkillPotion"},{"floor":16.0,"key":"PowerPotion"},{"floor":22.0,"key":"Explosive Potion"},{"floor":27.0,"key":"FocusPotion"},{"floor":46.0,"key":"PowerPotion"},{"floor":47.0,"key":"LiquidBronze"}],"is_trial":false,"path_per_floor":["M","$","M","?","M","E","R","M","T","$","R","M","M","M","R","B",null,"M","?","?","M","M","R","?","$","T","M","$","?","R","$","R","B",null,"M","?","?","M","?","R","T","R","T","R","$","M","M","M","R","B"],"character_chosen":"DEFECT","items_purchased":["Leap","Glacier","Capacitor","Capacitor","Hologram"],"campfire_rested":3,"item_purchase_floors":[10,28,28,45,45],"current_hp_per_floor":[75,75,75,75,72,47,47,40,40,40,40,50,59,69,69,52,75,75,59,59,57,34,34,34,34,34,11,11,11,33,33,55,43,75,75,75,75,52,42,42,42,42,42,64,64,19,39,48,48,0],"gold":113,"neow_bonus":"BOSS_RELIC","is_prod":false,"is_daily":false,"chose_seed":false,"campfire_upgraded":7,"win_rate":0,"timestamp":1549021839,"path_taken":["M","$","M","?","M","E","R","M","T","$","R","M","M","M","R","BOSS","M","?","?","M","?","R","?","$","T","M","$","?","R","$","R","BOSS","M","?","?","M","?","R","?","R","T","R","$","?","M","M","R","BOSS"],"build_version":"2019-01-23","purchased_purges":3,"victory":false,"max_hp_per_floor":[75,75,75,75,75,75,75,75,75,75,75,75,75,75,75,75,75,75,75,75,75,75,75,75,75,75,75,75,75,75,75,75,75,75,75,75,75,75,75,75,75,75,75,75,75,75,75,75,75,75],"card_choices":[{"not_picked":["Beam Cell","Streamline"],"picked":"Self Repair","floor":1.0},{"not_picked":["Darkness","Barrage","Fusion"],"picked":"SKIP","floor":3.0},{"not_picked":["Blizzard","Redo"],"picked":"Streamline","floor":5.0},{"not_picked":["Loop","Compile Driver"],"picked":"Echo Form","floor":6.0},{"not_picked":["Steam Power","Doom and Gloom"],"picked":"Ball Lightning","floor":8.0},{"not_picked":["Blizzard","Beam Cell"],"picked":"Leap","floor":12.0},{"not_picked":["FTL","Turbo"],"picked":"Hologram","floor":13.0},{"not_picked":["Rebound","Turbo"],"picked":"Fusion","floor":14.0},{"not_picked":["Echo Form","Biased Cognition"],"picked":"Meteor Strike","floor":16.0},{"not_picked":["Hello World+1","Turbo+1"],"picked":"Redo+1","floor":18.0},{"not_picked":["Streamline","Steam Power"],"picked":"Leap","floor":21.0},{"not_picked":["Stack+1","Beam Cell","Steam"],"picked":"SKIP","floor":22.0},{"not_picked":["Recycle","Barrage"],"picked":"Self Repair","floor":27.0},{"not_picked":["All For One","Fission"],"picked":"Multi-Cast","floor":33.0},{"not_picked":["Cold Snap","Leap+1"],"picked":"Glacier+1","floor":35.0},{"not_picked":["Storm+1","Go for the Eyes+1","Heatsinks"],"picked":"SKIP","floor":38.0},{"not_picked":["Thinking Ahead","Purity"],"picked":"Enlightenment","floor":39.0},{"not_picked":["Swift Strike","Mind Blast"],"picked":"Chrysalis","floor":39.0},{"not_picked":["Deep Breath","Jack Of All Trades"],"picked":"Finesse","floor":39.0},{"not_picked":["Glacier","White Noise"],"picked":"Loop+1","floor":46.0},{"not_picked":["Sweeping Beam+1","Ball Lightning","Darkness+1"],"picked":"SKIP","floor":47.0},{"not_picked":["Beam Cell+1","Conserve Battery+1"],"picked":"BootSequence","floor":48.0}],"player_experience":51634,"relics_obtained":[],"event_choices":[{"cards_removed":["Double Energy"],"damage_healed":0.0,"max_hp_gain":0.0,"max_hp_loss":0.0,"gold_gain":0.0,"event_name":"Living Wall","player_choice":"Forget","floor":4.0,"gold_loss":0.0,"damage_taken":0.0},{"damage_healed":0.0,"max_hp_gain":0.0,"max_hp_loss":0.0,"gold_gain":0.0,"event_name":"Cursed Tome","player_choice":"Obtained Book","floor":19.0,"gold_loss":0.0,"damage_taken":16.0},{"cards_removed":["Scrape"],"damage_healed":0.0,"max_hp_gain":0.0,"max_hp_loss":0.0,"gold_gain":0.0,"event_name":"Purifier","player_choice":"Purged","floor":20.0,"gold_loss":0.0,"damage_taken":0.0},{"damage_healed":0.0,"max_hp_gain":0.0,"max_hp_loss":0.0,"gold_gain":0.0,"cards_transformed":["Ball Lightning","Stack"],"event_name":"Drug Dealer","player_choice":"Became Test Subject","floor":24.0,"gold_loss":0.0,"damage_taken":0.0,"cards_obtained":["All For One","Melter"]},{"damage_healed":0.0,"max_hp_gain":0.0,"max_hp_loss":0.0,"gold_gain":0.0,"event_name":"Masked Bandits","player_choice":"Paid Fearfully","floor":29.0,"gold_loss":16.0,"damage_taken":0.0},{"cards_removed":["Melter"],"damage_healed":0.0,"max_hp_gain":0.0,"max_hp_loss":0.0,"gold_gain":0.0,"event_name":"Falling","player_choice":"Removed Attack","floor":36.0,"gold_loss":0.0,"damage_taken":0.0},{"damage_healed":0.0,"max_hp_gain":0.0,"max_hp_loss":0.0,"gold_gain":0.0,"event_name":"Mysterious Sphere","player_choice":"Ignored","floor":37.0,"gold_loss":0.0,"damage_taken":0.0},{"damage_healed":0.0,"max_hp_gain":0.0,"max_hp_loss":0.0,"gold_gain":0.0,"event_name":"SensoryStone","player_choice":"Memory 3","floor":39.0,"gold_loss":0.0,"damage_taken":10.0}],"is_beta":false,"boss_relics":[{"not_picked":["Orrery","Sozu","Black Star"]},{"not_picked":["Runic Pyramid","Nuclear Battery","Astrolabe"]}],"items_purged_floors":[2,10,25],"is_endless":false,"potions_floor_spawned":[1,3,14,16,18,22,27,46,47],"killed_by":"Awakened One","ascension_level":0}