{"gold_per_floor":[112,112,128,128,128,128,39,39,39,82,53,77,77,77,77,200,200,214,514,514,532,110,110,110,210,234,234,255,268,281,295,295,420,420,441,441,465,590,690,690,714,728,751,751,794,154,154,178,178,178,178,178,27,61,61],"floor_reached":55,"playtime":3400,"items_purged":["Pain","Strike_B"],"score":796,"play_id":"49209b17-333d-460b-86fc-3bdfa16eae0b","local_time":"20190531152031","is_ascension_mode":true,"campfire_choices":[{"data":"Zap","floor":6,"key":"SMITH"},{"data":"Dualcast","floor":8,"key":"SMITH"},{"floor":13,"key":"REST"},{"floor":15,"key":"RECALL"},{"floor":23,"key":"REST"},{"data":"Echo Form","floor":27,"key":"SMITH"},{"data":"Go for the Eyes","floor":32,"key":"SMITH"},{"data":"Beam Cell","floor":40,"key":"SMITH"},{"floor":44,"key":"REST"},{"data":"Streamline","floor":47,"key":"SMITH"},{"data":"Self Repair","floor":49,"key":"SMITH"},{"data":"Skim","floor":52,"key":"SMITH"}],"neow_cost":"NONE","seed_source_timestamp":617142409755400,"circlet_count":0,"master_deck":["Strike_B","Strike_B","Strike_B","Defend_B","Defend_B","Defend_B","Defend_B","Zap+1","Dualcast+1","Streamline+1","Skim+1","Bandage Up+1","Self Repair+1","Reinforced Body+1","Echo Form+1","Chill+1","Steam+1","Hologram+1","Go for the Eyes+1","Conserve Battery+1","Beam Cell+1","Glacier+1","Reboot+1","Double Energy+1","Loop+1","Loop+1","Reprogram+1","Seek+1","Defragment+1","Amplify+1","White Noise+1"],"relics":["FrozenCore","Bronze Scales","WarpedTongs","Toxic Egg 2","Golden Idol","Mango","Gremlin Horn","Sozu","Old Coin","MutagenicStrength","Singing Bowl","Turnip","Orichalcum","Blood Vial","Incense Burner","Frozen Egg 2","Oddly Smooth Stone"],"potions_floor_usage":[10,14],"damage_taken":[{"damage":10,"enemies":"2 Louse","floor":1,"turns":2},{"damage":9,"enemies":"Cultist","floor":3,"turns":3},{"damage":21,"enemies":"3 Sentries","floor":10,"turns":6},{"damage":11,"enemies":"Jaw Worm","floor":12,"turns":2},{"damage":1,"enemies":"Gremlin Nob","floor":14,"turns":2},{"damage":28,"enemies":"Hexaghost","floor":16,"turns":10},{"damage":41,"enemies":"2 Thieves","floor":18,"turns":4},{"damage":44,"enemies":"Chosen","floor":21,"turns":6},{"damage":20,"enemies":"Snecko","floor":28,"turns":7},{"damage":17,"enemies":"Sentry and Sphere","floor":29,"turns":7},{"damage":31,"enemies":"Snake Plant","floor":30,"turns":5},{"damage":5,"enemies":"Shelled Parasite and Fungi","floor":31,"turns":6},{"damage":37,"enemies":"Collector","floor":33,"turns":12},{"damage":4,"enemies":"Orb Walker","floor":35,"turns":5},{"damage":0,"enemies":"3 Shapes","floor":37,"turns":6},{"damage":18,"enemies":"Mind Bloom Boss Battle","floor":38,"turns":9},{"damage":41,"enemies":"Spire Growth","floor":41,"turns":9},{"damage":49,"enemies":"Jaw Worm Horde","floor":42,"turns":9},{"damage":0,"enemies":"Nemesis","floor":45,"turns":9},{"damage":6,"enemies":"Sphere and 2 Shapes","floor":48,"turns":8},{"damage":37,"enemies":"Time Eater","floor":50,"turns":16},{"damage":41,"enemies":"Shield and Spear","floor":54,"turns":8},{"damage":93,"enemies":"The Heart","floor":55,"turns":18}],"seed_played":"7124894948804801034","potions_obtained":[{"floor":1,"key":"Explosive Potion"},{"floor":10,"key":"SmokeBomb"}],"is_trial":false,"path_per_floor":["M","?","M","?","?","R","$","R","T","E","?","M","R","E","R","B",null,"M","?","?","M","$","R","$","?","T","R","M","M","M","M","R","B",null,"M","?","M","?","?","R","M","M","T","R","E","$","R","M","R","B",null,"R","$","E","B"],"character_chosen":"DEFECT","items_purchased":["Bandage Up+1","Hologram+1","Singing Bowl","Go for the Eyes","Incense Burner","Frozen Egg 2","Amplify+1"],"campfire_rested":3,"item_purchase_floors":[7,22,22,22,46,46,53],"current_hp_per_floor":[65,65,56,53,53,53,53,53,67,52,52,41,65,64,64,49,83,55,55,55,43,43,67,67,67,67,67,73,82,73,83,83,68,85,85,85,85,80,80,80,64,33,33,59,72,72,72,81,81,70,87,87,87,70,0],"gold":61,"neow_bonus":"RANDOM_COMMON_RELIC","is_prod":false,"is_daily":false,"chose_seed":false,"campfire_upgraded":8,"win_rate":0,"timestamp":1559305231,"path_taken":["M","?","?","?","?","R","$","R","T","E","?","M","R","E","R","BOSS","M","?","?","M","$","R","?","?","T","R","?","?","M","M","R","BOSS","M","?","M","?","?","R","?","M","T","R","E","$","R","M","R","BOSS","R","$","E","BOSS"],"build_version":"2019-05-28","purchased_purges":2,"victory":false,"max_hp_per_floor":[75,75,75,75,69,69,69,69,83,83,83,83,83,83,83,83,83,83,83,83,83,83,83,83,83,83,83,83,83,83,85,85,85,85,85,85,85,85,85,85,85,87,87,87,87,87,87,87,87,87,87,87,87,87,87],"card_choices":[{"not_picked":["Fusion","Compile Driver"],"picked":"Streamline","floor":1},{"not_picked":["Chaos","Scrape"],"picked":"Skim","floor":3},{"not_picked":["Double Energy+1","Streamline"],"picked":"Self Repair","floor":10},{"not_picked":["Go for the Eyes","Stack+1"],"picked":"Reinforced Body+1","floor":12},{"not_picked":["Biased Cognition","Buffer"],"picked":"Echo Form","floor":16},{"not_picked":["Turbo+1","Streamline"],"picked":"Chill+1","floor":18},{"not_picked":["Self Repair","Blizzard+1"],"picked":"Steam+1","floor":21},{"not_picked":["Barrage+1","Storm"],"picked":"Conserve Battery+1","floor":28},{"not_picked":["Stack+1","Conserve Battery+1"],"picked":"Beam Cell","floor":29},{"not_picked":["Skim+1","Self Repair"],"picked":"Glacier+1","floor":30},{"not_picked":["Chaos+1","Sweeping Beam","Ball Lightning"],"picked":"Singing Bowl","floor":31},{"not_picked":["Meteor Strike","Thunder Strike"],"picked":"Reboot+1","floor":33},{"not_picked":["Streamline+1","Fusion+1"],"picked":"Double Energy+1","floor":35},{"not_picked":["Go for the Eyes+1","Stack+1"],"picked":"Loop+1","floor":37},{"not_picked":["Hello World+1","Coolheaded+1"],"picked":"Loop+1","floor":38},{"not_picked":["Streamline+1","Sweeping Beam+1"],"picked":"Reprogram+1","floor":41},{"not_picked":["Cold Snap+1","Streamline","Barrage+1"],"picked":"Singing Bowl","floor":42},{"not_picked":["Doom and Gloom","Stack+1"],"picked":"Seek+1","floor":45},{"not_picked":["Storm+1","Ball Lightning"],"picked":"Defragment+1","floor":48},{"not_picked":["Compile Driver+1","Conserve Battery+1"],"picked":"White Noise+1","floor":54}],"player_experience":413297,"relics_obtained":[{"floor":9,"key":"Mango"},{"floor":10,"key":"Gremlin Horn"},{"floor":38,"key":"Turnip"},{"floor":43,"key":"Orichalcum"},{"floor":45,"key":"Blood Vial"},{"floor":54,"key":"Oddly Smooth Stone"}],"event_choices":[{"damage_healed":0,"gold_gain":0,"player_choice":"Rummage","damage_taken":0,"relics_obtained":["WarpedTongs"],"max_hp_gain":0,"max_hp_loss":0,"event_name":"Accursed Blacksmith","floor":2,"gold_loss":0,"cards_obtained":["Pain"]},{"damage_healed":0,"gold_gain":0,"player_choice":"Success","damage_taken":3,"relics_obtained":["Toxic Egg 2"],"max_hp_gain":0,"max_hp_loss":0,"event_name":"Scrap Ooze","floor":4,"gold_loss":0},{"damage_healed":0,"gold_gain":0,"player_choice":"Lose Max HP","damage_taken":0,"relics_obtained":["Golden Idol"],"max_hp_gain":0,"max_hp_loss":6,"event_name":"Golden Idol","floor":5,"gold_loss":0},{"damage_healed":0,"gold_gain":0,"player_choice":"Left Gold","damage_taken":0,"max_hp_gain":0,"max_hp_loss":0,"event_name":"World of Goop","floor":11,"gold_loss":29},{"damage_healed":0,"gold_gain":0,"player_choice":"Opened","damage_taken":0,"relics_obtained":["Old Coin"],"max_hp_gain":0,"max_hp_loss":0,"event_name":"The Mausoleum","floor":19,"gold_loss":0},{"damage_healed":0,"gold_gain":0,"player_choice":"Inject Mutagens","damage_taken":0,"relics_obtained":["MutagenicStrength"],"max_hp_gain":0,"max_hp_loss":0,"event_name":"Drug Dealer","floor":20,"gold_loss":0},{"damage_healed":0,"gold_gain":100,"player_choice":"Pray","damage_taken":0,"max_hp_gain":0,"max_hp_loss":0,"event_name":"Golden Shrine","floor":25,"gold_loss":0},{"damage_healed":0,"gold_gain":0,"player_choice":"Ignored","damage_taken":0,"max_hp_gain":0,"max_hp_loss":0,"event_name":"Tomb of Lord Red Mask","floor":36,"gold_loss":0},{"damage_healed":0,"gold_gain":0,"player_choice":"Fight","damage_taken":0,"max_hp_gain":0,"max_hp_loss":0,"event_name":"MindBloom","floor":38,"gold_loss":0},{"damage_healed":0,"gold_gain":100,"player_choice":"Pray","damage_taken":0,"max_hp_gain":0,"max_hp_loss":0,"event_name":"Golden Shrine","floor":39,"gold_loss":0}],"is_beta":true,"boss_relics":[{"not_picked":["Empty Cage","Astrolabe"],"picked":"Sozu"},{"not_picked":["Velvet Choker","Calling Bell"],"picked":"FrozenCore"}],"items_purged_floors":[22,46],"is_endless":false,"potions_floor_spawned":[1,10,28,29,31,35,37,42,45,48],"killed_by":"The Heart","ascension_level":2}