{"gold_per_floor":[118,128,128,128,151,185,185,110,135,135,150,150,174,227,227,348,348,369,459,36,36,36,36],"floor_reached":23,"playtime":455,"items_purged":["Strike_G","Defend_G"],"score":290,"play_id":"8e6439a8-bd8e-4c30-ac17-8c1d60d7057d","local_time":"20190506141454","is_ascension_mode":true,"campfire_choices":[{"data":"Neutralize","floor":7.0,"key":"SMITH"},{"data":"Deadly Poison","floor":10.0,"key":"SMITH"},{"data":"Dodge and Roll","floor":15.0,"key":"SMITH"}],"neow_cost":"NONE","seed_source_timestamp":2223292913505349,"circlet_count":0,"master_deck":["AscendersBane","Defend_G","Defend_G","Defend_G","Defend_G","Strike_G+1","Survivor","Neutralize+1","Poisoned Stab","Poisoned Stab+1","Deadly Poison+1","Poisoned Stab","Dodge and Roll+1","Burst","Blur+1"],"special_seed":0,"relics":["Ring of the Snake","NeowsBlessing","Bloody Idol","Omamori","Bronze Scales","Bag of Preparation","Empty Cage","Toxic Egg 2"],"potions_floor_usage":[23],"damage_taken":[{"damage":0.0,"enemies":"Small Slimes","floor":1.0,"turns":1.0},{"damage":0.0,"enemies":"2 Louse","floor":2.0,"turns":1.0},{"damage":0.0,"enemies":"Cultist","floor":5.0,"turns":1.0},{"damage":4.0,"enemies":"Lagavulin","floor":6.0,"turns":5.0},{"damage":0.0,"enemies":"Looter","floor":11.0,"turns":3.0},{"damage":5.0,"enemies":"Blue Slaver","floor":13.0,"turns":3.0},{"damage":8.0,"enemies":"The Guardian","floor":16.0,"turns":8.0},{"damage":7.0,"enemies":"2 Thieves","floor":18.0,"turns":5.0},{"damage":38,"enemies":"Gremlin Leader","floor":23,"turns":10}],"seed_played":"-1264558840671918676","potions_obtained":[{"floor":1.0,"key":"Dexterity Potion"},{"floor":5.0,"key":"Dexterity Potion"},{"floor":6.0,"key":"Weak Potion"}],"is_trial":false,"path_per_floor":["M","M","?","?","M","E","R","$","T","R","M","?","M","T","R","B",null,"M","?","$","$","?","E"],"character_chosen":"THE_SILENT","items_purchased":["Toxic Egg 2","Blur+1"],"campfire_rested":0,"item_purchase_floors":[20,20],"current_hp_per_floor":[63,63,46,32,32,28,28,28,28,28,28,28,23,23,23,15,56,49,35,35,35,35,0],"gold":36,"neow_bonus":"THREE_ENEMY_KILL","is_prod":false,"is_daily":false,"chose_seed":false,"campfire_upgraded":3,"win_rate":0,"timestamp":1557144894,"path_taken":["M","M","?","?","M","E","R","$","T","R","M","?","M","?","R","BOSS","M","?","?","$","?","E"],"build_version":"2019-01-23","purchased_purges":2,"victory":false,"max_hp_per_floor":[70,70,70,70,70,70,70,70,70,70,70,70,70,70,70,70,70,70,70,70,70,70,70],"card_choices":[{"not_picked":["Dash","Reflex"],"picked":"Poisoned Stab","floor":1.0},{"not_picked":["Flying Knee","Distraction"],"picked":"Poisoned Stab","floor":2.0},{"not_picked":["Flechettes","Underhanded Strike"],"picked":"Deadly Poison","floor":5.0},{"not_picked":["Slice","Caltrops"],"picked":"Poisoned Stab","floor":6.0},{"not_picked":["Prepared","Dagger Throw","Cloak And Dagger"],"picked":"SKIP","floor":11.0},{"not_picked":["Accuracy","Underhanded Strike"],"picked":"Dodge and Roll","floor":13.0},{"not_picked":["Unload","Glass Knife"],"picked":"Burst","floor":16.0},{"not_picked":["Blade Dance","Predator","Outmaneuver"],"picked":"SKIP","floor":18.0}],"player_experience":191965,"relics_obtained":[{"floor":6.0,"key":"Omamori"},{"floor":9.0,"key":"Bronze Scales"},{"floor":14.0,"key":"Bag of Preparation"}],"event_choices":[{"damage_healed":0.0,"max_hp_gain":0.0,"max_hp_loss":0.0,"gold_gain":0.0,"event_name":"Golden Idol","player_choice":"Take Damage","floor":3.0,"gold_loss":0.0,"damage_taken":17.0,"relics_obtained":["Golden Idol"]},{"damage_healed":0.0,"max_hp_gain":0.0,"max_hp_loss":0.0,"gold_gain":0.0,"event_name":"Shining Light","player_choice":"Entered Light","floor":4.0,"gold_loss":0.0,"damage_taken":14.0,"cards_upgraded":["Strike_G","Poisoned Stab"]},{"cards_removed":["Strike_G"],"damage_healed":0.0,"max_hp_gain":0.0,"max_hp_loss":0.0,"gold_gain":0.0,"event_name":"Living Wall","player_choice":"Forget","floor":12.0,"gold_loss":0.0,"damage_taken":0.0},{"damage_healed":0.0,"max_hp_gain":0.0,"max_hp_loss":0.0,"gold_gain":90.0,"event_name":"Knowing Skull","player_choice":"GOLD ","floor":19.0,"potions_obtained":[],"gold_loss":0.0,"damage_taken":14.0,"cards_obtained":[]},{"damage_healed":0.0,"max_hp_gain":0.0,"max_hp_loss":0.0,"gold_gain":0.0,"event_name":"Forgotten Altar","player_choice":"Gave Idol","floor":22.0,"relics_lost":["Golden Idol"],"gold_loss":0.0,"damage_taken":0.0,"relics_obtained":["Bloody Idol"]}],"is_beta":false,"boss_relics":[{"not_picked":["Eternal Feather","Snecko Eye"],"picked":"Empty Cage"}],"items_purged_floors":[8,20],"is_endless":false,"potions_floor_spawned":[1,5,6],"killed_by":"Gremlin Leader","ascension_level":11}