{"gold_per_floor":[112,112,124,43,43,43,77,77,104,131,131,131,206,224,224,325,325,343,28,28,40,60,89,101,146,212,244,290,302,331,343,355,468,480,506,518,35,35,54,85,105,105,173,187,187,187,205,225,225,225,225,225,1,28,28],"floor_reached":55,"playtime":6257,"items_purged":["Underhanded Strike","Bane"],"score":1291,"play_id":"5eb1495c-1d63-47c5-a138-cae31d7cd893","local_time":"20190516194959","is_ascension_mode":true,"campfire_choices":[{"data":"Neutralize","floor":6,"key":"SMITH"},{"data":"Footwork","floor":8,"key":"SMITH"},{"data":"Caltrops","floor":11,"key":"SMITH"},{"floor":15,"key":"REST"},{"floor":24,"key":"REST"},{"data":"Setup","floor":29,"key":"SMITH"},{"floor":32,"key":"REST"},{"floor":42,"key":"RECALL"},{"floor":49,"key":"REST"},{"data":"Wraith Form v2","floor":52,"key":"SMITH"}],"neow_cost":"NONE","seed_source_timestamp":12425018559195,"circlet_count":0,"master_deck":["AscendersBane","Survivor","Neutralize+1","Footwork+1","Poisoned Stab+1","Bouncing Flask","Dagger Spray+1","Caltrops+1","Footwork","After Image","Crippling Poison","Acrobatics+1","Adrenaline","Blur","Setup+1","Dash","Footwork","Wraith Form v2+1","Choke","Dagger Throw","Distraction","PiercingWail","Flechettes","Finisher","Infinite Blades","Crippling Poison","Terror","Magnetism","Footwork+1","Acrobatics","Corpse Explosion","Well Laid Plans","Madness","Madness","Noxious Fumes","Noxious Fumes+1","Leg Sweep","Master of Strategy","PiercingWail+1"],"relics":["Black Star","Mercury Hourglass","Oddly Smooth Stone","Centennial Puzzle","Ninja Scroll","Meat on the Bone","Philosopher\u0027s Stone","Membership Card","Ornamental Fan","FaceOfCleric","MawBank","Anchor","Blue Candle","Whetstone","Vajra","Sundial","War Paint","MutagenicStrength","Pandora\u0027s Box","Incense Burner","DollysMirror","Omamori","PreservedInsect","Shuriken","Du-Vu Doll","Bottled Tornado"],"potions_floor_usage":[25,28,50,50,55],"damage_taken":[{"damage":0,"enemies":"Small Slimes","floor":1,"turns":3},{"damage":1,"enemies":"2 Louse","floor":3,"turns":4},{"damage":16,"enemies":"Lagavulin","floor":7,"turns":6},{"damage":13,"enemies":"Gremlin Nob","floor":10,"turns":5},{"damage":6,"enemies":"Jaw Worm","floor":14,"turns":2},{"damage":14,"enemies":"Hexaghost","floor":16,"turns":9},{"damage":0,"enemies":"Chosen","floor":18,"turns":4},{"damage":1,"enemies":"3 Byrds","floor":21,"turns":2},{"damage":18,"enemies":"Snake Plant","floor":22,"turns":3},{"damage":13,"enemies":"Book of Stabbing","floor":23,"turns":6},{"damage":23,"enemies":"Slavers","floor":25,"turns":8},{"damage":4,"enemies":"3 Cultists","floor":27,"turns":5},{"damage":17,"enemies":"Book of Stabbing","floor":28,"turns":6},{"damage":8,"enemies":"Centurion and Healer","floor":30,"turns":5},{"damage":16,"enemies":"Collector","floor":33,"turns":11},{"damage":0,"enemies":"3 Darklings","floor":35,"turns":3},{"damage":5,"enemies":"3 Shapes","floor":39,"turns":5},{"damage":29,"enemies":"Nemesis","floor":40,"turns":8},{"damage":1,"enemies":"3 Darklings","floor":41,"turns":3},{"damage":3,"enemies":"Jaw Worm Horde","floor":44,"turns":2},{"damage":8,"enemies":"Maw","floor":47,"turns":7},{"damage":0,"enemies":"3 Darklings","floor":48,"turns":1},{"damage":60,"enemies":"Awakened One","floor":50,"turns":11},{"damage":50,"enemies":"Shield and Spear","floor":54,"turns":6},{"damage":39,"enemies":"The Heart","floor":55,"turns":2}],"seed_played":"-1018598121166101826","potions_obtained":[{"floor":10,"key":"AttackPotion"},{"floor":18,"key":"Weak Potion"},{"floor":23,"key":"LiquidBronze"},{"floor":35,"key":"Swift Potion"},{"floor":48,"key":"GhostInAJar"}],"is_trial":false,"path_per_floor":["?","?","?","?","M","?","M","?","?","T","M","?","?"],"character_chosen":"THE_SILENT","items_purchased":["Bouncing Flask","Membership Card","Ornamental Fan","Infinite Blades","Crippling Poison","Terror","Incense Burner","Magnetism","DollysMirror","PowerPotion","Leg Sweep","PowerPotion","Energy Potion","Master of Strategy"],"campfire_rested":4,"item_purchase_floors":[4,19,19,37,37,37,37,37,37,37,53,53,53,53],"current_hp_per_floor":[63,63,62,62,62,62,46,46,46,33,33,38,27,33,55,41,67,67,67,67,67,50,50,73,51,51,48,44,44,49,49,73,58,77,78,78,78,78,74,46,46,46,46,56,56,45,50,51,78,31,76,76,76,39,0],"gold":28,"neow_bonus":"BOSS_RELIC","is_prod":false,"is_daily":false,"chose_seed":false,"campfire_upgraded":5,"win_rate":0,"timestamp":1558050599,"path_taken":["M","?","M","$","?","R","E","R","T","E","R","?","?","?","R","BOSS","M","$","?","?","M","E","R","E","T","M","E","R","M","?","R","BOSS","M","?","$","?","?","E","M","R","T","M","?","?","M","M","R","BOSS","R","$","E","BOSS"],"build_version":"2019-01-23","purchased_purges":2,"victory":false,"max_hp_per_floor":[70,70,70,70,70,70,70,70,70,70,70,75,75,75,75,75,75,75,75,75,76,77,78,78,79,79,80,81,81,82,82,82,83,83,84,84,84,84,85,86,87,87,87,88,88,88,89,90,90,91,91,91,91,92,92],"card_choices":[{"not_picked":["Sucker Punch","Acrobatics"],"picked":"Footwork","floor":1},{"not_picked":["Eviscerate","Setup"],"picked":"Poisoned Stab","floor":3},{"not_picked":["Deadly Poison","Reflex"],"picked":"Dagger Spray","floor":7},{"not_picked":["Masterful Stab","Blade Dance"],"picked":"Caltrops","floor":10},{"not_picked":["Slice","Acrobatics"],"picked":"Footwork","floor":14},{"not_picked":["Doppelganger","Adrenaline"],"picked":"After Image","floor":16},{"not_picked":["Quick Slash","Deadly Poison"],"picked":"Accuracy","floor":18},{"not_picked":["Deflect","Predator"],"picked":"Crippling Poison","floor":21},{"not_picked":["Flying Knee","Underhanded Strike"],"picked":"Acrobatics+1","floor":22},{"not_picked":["Leg Sweep+1","Dodge and Roll"],"picked":"Adrenaline","floor":23},{"not_picked":["Blade Dance","Catalyst"],"picked":"Blur","floor":25},{"not_picked":["Blade Dance","Quick Slash"],"picked":"Setup","floor":27},{"not_picked":["Finisher","Deflect+1"],"picked":"Dash","floor":28},{"not_picked":["PiercingWail","Blade Dance"],"picked":"Footwork","floor":30},{"not_picked":["Burst","Venomology"],"picked":"Wraith Form v2","floor":33},{"not_picked":["Flying Knee+1","Prepared","Heel Hook"],"picked":"SKIP","floor":35},{"not_picked":["Finisher","Masterful Stab"],"picked":"Acrobatics","floor":39},{"not_picked":["Finisher+1","Dagger Spray+1"],"picked":"Corpse Explosion","floor":40},{"not_picked":["Dagger Throw","Flying Knee+1","Sucker Punch"],"picked":"SKIP","floor":41},{"not_picked":["Backflip","Poisoned Stab+1"],"picked":"Well Laid Plans","floor":44},{"not_picked":["Dagger Spray+1","Choke"],"picked":"Noxious Fumes","floor":47},{"not_picked":["Blur","Cloak And Dagger"],"picked":"Noxious Fumes+1","floor":48},{"not_picked":["Riddle With Holes","Grand Finale"],"picked":"PiercingWail+1","floor":54}],"player_experience":496547,"relics_obtained":[{"floor":7,"key":"Mercury Hourglass"},{"floor":7,"key":"Oddly Smooth Stone"},{"floor":9,"key":"Centennial Puzzle"},{"floor":10,"key":"Ninja Scroll"},{"floor":10,"key":"Meat on the Bone"},{"floor":23,"key":"MawBank"},{"floor":23,"key":"Anchor"},{"floor":25,"key":"Blue Candle"},{"floor":25,"key":"Whetstone"},{"floor":26,"key":"Vajra"},{"floor":28,"key":"Sundial"},{"floor":28,"key":"War Paint"},{"floor":40,"key":"Omamori"},{"floor":40,"key":"PreservedInsect"},{"floor":43,"key":"Shuriken"},{"floor":54,"key":"Du-Vu Doll"},{"floor":54,"key":"Bottled Tornado"}],"event_choices":[{"damage_healed":0,"gold_gain":0,"player_choice":"Leave","damage_taken":0,"max_hp_gain":0,"max_hp_loss":0,"event_name":"The Cleric","floor":2,"gold_loss":0},{"cards_removed":["Strike_G"],"damage_healed":0,"gold_gain":0,"player_choice":"Forget","damage_taken":0,"max_hp_gain":0,"max_hp_loss":0,"event_name":"Living Wall","floor":5,"gold_loss":0},{"damage_healed":0,"gold_gain":0,"player_choice":"Donut","damage_taken":0,"max_hp_gain":5,"max_hp_loss":0,"event_name":"Big Fish","floor":12,"gold_loss":0},{"damage_healed":0,"gold_gain":75,"player_choice":"Gather Gold","damage_taken":11,"max_hp_gain":0,"max_hp_loss":0,"event_name":"World of Goop","floor":13,"gold_loss":0},{"damage_healed":0,"gold_gain":0,"player_choice":"Trade","damage_taken":0,"relics_obtained":["FaceOfCleric"],"max_hp_gain":0,"max_hp_loss":0,"event_name":"FaceTrader","floor":20,"gold_loss":0},{"damage_healed":0,"gold_gain":0,"player_choice":"Inject Mutagens","damage_taken":0,"relics_obtained":["MutagenicStrength"],"max_hp_gain":0,"max_hp_loss":0,"event_name":"Drug Dealer","floor":31,"gold_loss":0},{"cards_removed":["Tactician"],"damage_healed":0,"gold_gain":0,"player_choice":"Purged","damage_taken":0,"max_hp_gain":0,"max_hp_loss":0,"event_name":"Purifier","floor":36,"gold_loss":0},{"cards_removed":["Accuracy"],"damage_healed":0,"gold_gain":0,"player_choice":"Removed Power","damage_taken":0,"max_hp_gain":0,"max_hp_loss":0,"event_name":"Falling","floor":45,"gold_loss":0},{"damage_healed":0,"gold_gain":0,"player_choice":"Embrace Madness","damage_taken":11,"max_hp_gain":0,"max_hp_loss":0,"event_name":"Winding Halls","floor":46,"gold_loss":0,"cards_obtained":["Madness","Madness"]}],"is_beta":false,"boss_relics":[{"not_picked":["Orrery","Calling Bell"],"picked":"Philosopher\u0027s Stone"},{"not_picked":["Tiny House","Empty Cage"],"picked":"Pandora\u0027s Box"}],"items_purged_floors":[37,53],"is_endless":false,"potions_floor_spawned":[10,18,22,23,35,41,48],"killed_by":"The Heart","ascension_level":12}