{"gold_per_floor":[116,135,85,97,272,307,307,307,307,66,99,109,109,134,134,231,231,250,250,19,19,30,30,81,108,179,197,197,253,293,309,309,309],"floor_reached":33,"playtime":11733,"items_purged":["Pain"],"score":530,"play_id":"c5aeee36-72ef-420e-99df-598e2bd5df2f","local_time":"20190511172511","is_ascension_mode":true,"campfire_choices":[{"data":"Trip","floor":13,"key":"SMITH"},{"floor":15,"key":"REST"},{"floor":23,"key":"REST"},{"floor":28,"key":"REST"},{"data":"Entrench","floor":32,"key":"SMITH"}],"neow_cost":"NONE","seed_source_timestamp":4579232622326571,"circlet_count":0,"master_deck":["Strike_R","Strike_R","Strike_R","Strike_R","Defend_R","Defend_R","Defend_R","Defend_R","Bash","Shrug It Off","Shrug It Off","Whirlwind","Pummel","Feel No Pain","Trip+1","Shrug It Off","True Grit","Uppercut","Reaper","Clothesline+1","HandOfGreed","Entrench+1","Impervious","Havoc+1","Entrench","Warcry","Body Slam","Burning Pact","Headbutt"],"relics":["Burning Blood","Shuriken","WarpedTongs","Strawberry","WingedGreaves","Red Skull","Runic Dome","Mummified Hand","Pear","Blood Vial","Paper Frog","Anchor"],"potions_floor_usage":[6,6,11,16,29],"damage_taken":[{"damage":3,"enemies":"2 Louse","floor":1,"turns":4},{"damage":9,"enemies":"Jaw Worm","floor":2,"turns":5},{"damage":0,"enemies":"Small Slimes","floor":4,"turns":3},{"damage":32,"enemies":"3 Sentries","floor":6,"turns":12},{"damage":0,"enemies":"Gremlin Nob","floor":11,"turns":2},{"damage":7,"enemies":"2 Fungi Beasts","floor":12,"turns":3},{"damage":26,"enemies":"Lagavulin","floor":14,"turns":7},{"damage":57,"enemies":"Slime Boss","floor":16,"turns":16},{"damage":28,"enemies":"Shell Parasite","floor":18,"turns":9},{"damage":8,"enemies":"Chosen","floor":22,"turns":3},{"damage":13,"enemies":"Gremlin Leader","floor":24,"turns":8},{"damage":29,"enemies":"Book of Stabbing","floor":25,"turns":7},{"damage":31,"enemies":"Shelled Parasite and Fungi","floor":27,"turns":7},{"damage":62,"enemies":"Gremlin Leader","floor":29,"turns":9},{"damage":0,"enemies":"Snecko","floor":30,"turns":4},{"damage":3,"enemies":"Cultist and Chosen","floor":31,"turns":4},{"damage":78,"enemies":"Champ","floor":33,"turns":11}],"seed_played":"-6970124254693143851","potions_obtained":[{"floor":0,"key":"Ancient Potion"},{"floor":0,"key":"SkillPotion"},{"floor":0,"key":"LiquidBronze"},{"floor":2,"key":"SkillPotion"},{"floor":6,"key":"AttackPotion"},{"floor":12,"key":"BloodPotion"},{"floor":14,"key":"SkillPotion"},{"floor":18,"key":"SteroidPotion"},{"floor":27,"key":"FearPotion"},{"floor":31,"key":"GamblersBrew"}],"is_trial":false,"path_per_floor":["?","?","?","?","M","?","?","M"],"character_chosen":"IRONCLAD","items_purchased":["Feel No Pain","Trip","HandOfGreed","Entrench"],"campfire_rested":3,"item_purchase_floors":[10,10,20,20],"current_hp_per_floor":[75,72,72,78,78,52,45,45,52,52,58,57,57,37,63,12,68,51,34,34,34,32,59,74,57,57,36,66,37,45,64,64,0],"gold":309,"neow_bonus":"THREE_SMALL_POTIONS","is_prod":false,"is_daily":false,"chose_seed":false,"campfire_upgraded":2,"win_rate":0,"timestamp":1557609911,"path_taken":["M","M","?","M","?","E","?","?","T","$","E","?","R","E","R","BOSS","M","?","$","?","M","R","E","E","T","M","R","E","?","M","R","BOSS"],"build_version":"2019-01-23","purchased_purges":1,"victory":false,"max_hp_per_floor":[80,80,80,80,80,80,80,80,87,87,87,87,87,87,87,87,87,87,92,92,92,92,92,102,102,102,102,102,102,102,102,102,102],"card_choices":[{"not_picked":["Corruption","Clash"],"picked":"Shrug It Off","floor":1},{"not_picked":["Clothesline","Sword Boomerang"],"picked":"Shrug It Off","floor":2},{"not_picked":["Carnage","Rage"],"picked":"Whirlwind","floor":4},{"not_picked":["Berserk","Pommel Strike"],"picked":"Pummel","floor":6},{"not_picked":["Warcry","Carnage"],"picked":"Shrug It Off","floor":11},{"not_picked":["Shrug It Off","Heavy Blade"],"picked":"True Grit","floor":12},{"not_picked":["Bloodletting","True Grit"],"picked":"Uppercut","floor":14},{"not_picked":["Fiend Fire","Dark Embrace"],"picked":"Reaper","floor":16},{"not_picked":["Intimidate","Rampage"],"picked":"Clothesline+1","floor":18},{"not_picked":["Warcry","Cleave"],"picked":"Impervious","floor":22},{"not_picked":["Armaments","Thunderclap"],"picked":"Havoc+1","floor":24},{"not_picked":["Cleave","Flex"],"picked":"Entrench","floor":25},{"not_picked":["Blood for Blood","Wild Strike"],"picked":"Warcry","floor":27},{"not_picked":["Sword Boomerang","Twin Strike"],"picked":"Body Slam","floor":29},{"not_picked":["True Grit","Sentinel"],"picked":"Burning Pact","floor":30},{"not_picked":["Thunderclap","Fiend Fire"],"picked":"Headbutt","floor":31}],"player_experience":383649,"relics_obtained":[{"floor":6,"key":"Shuriken"},{"floor":9,"key":"Strawberry"},{"floor":11,"key":"WingedGreaves"},{"floor":14,"key":"Red Skull"},{"floor":24,"key":"Pear"},{"floor":25,"key":"Blood Vial"},{"floor":26,"key":"Paper Frog"},{"floor":29,"key":"Anchor"}],"event_choices":[{"cards_removed":["Strike_R"],"damage_healed":0,"gold_gain":0,"player_choice":"Card Removal","damage_taken":0,"max_hp_gain":0,"max_hp_loss":0,"event_name":"The Cleric","floor":3,"gold_loss":50},{"damage_healed":0,"gold_gain":175,"player_choice":"AGREE","damage_taken":0,"max_hp_gain":0,"max_hp_loss":0,"event_name":"Liars Game","floor":5,"gold_loss":0,"cards_obtained":["Doubt"]},{"cards_removed":["Doubt"],"damage_healed":0,"gold_gain":0,"player_choice":"Card Removal","damage_taken":7,"max_hp_gain":0,"max_hp_loss":0,"event_name":"Golden Wing","floor":7,"gold_loss":0},{"damage_healed":0,"gold_gain":0,"player_choice":"Rummage","damage_taken":0,"relics_obtained":["WarpedTongs"],"max_hp_gain":0,"max_hp_loss":0,"event_name":"Accursed Blacksmith","floor":8,"gold_loss":0,"cards_obtained":["Pain"]},{"damage_healed":0,"gold_gain":0,"player_choice":"Shed Blood","damage_taken":22,"max_hp_gain":5,"max_hp_loss":0,"event_name":"Forgotten Altar","floor":19,"gold_loss":0},{"damage_healed":0,"gold_gain":0,"player_choice":"Gave Potion","damage_taken":0,"relics_obtained":["Mummified Hand"],"max_hp_gain":0,"max_hp_loss":0,"event_name":"WeMeetAgain","floor":21,"gold_loss":0}],"is_beta":false,"boss_relics":[{"not_picked":["Eternal Feather","Runic Cube"],"picked":"Runic Dome"}],"items_purged_floors":[10],"is_endless":false,"potions_floor_spawned":[2,6,12,14,18,27,31],"killed_by":"Champ","ascension_level":9}