{"gold_per_floor":[113,44,44,63,77,77,108,119,164,164,164,164,114,145,145,247,247,258,12,12,12,112,112,112,112],"floor_reached":25,"playtime":2950,"items_purged":[],"score":322,"play_id":"d480c632-8a57-406e-b648-6061cc9c86f5","local_time":"20180717091919","is_ascension_mode":true,"campfire_choices":[{"data":"Zap","floor":6.0,"key":"SMITH"},{"data":"Go for the Eyes","floor":10,"key":"SMITH"},{"data":"Dualcast","floor":12,"key":"SMITH"},{"data":"Stack","floor":15,"key":"SMITH"},{"data":"Seek","floor":23,"key":"SMITH"}],"neow_cost":"NONE","seed_source_timestamp":433890293650570,"circlet_count":0,"master_deck":["Strike_B","Strike_B+1","Defend_B","Defend_B","Defend_B","Defend_B","Zap+1","Dualcast+1","Seek+1","Go for the Eyes+1","Self Repair","Ball Lightning+1","Streamline","All For One","Beam Cell+1","Stack+1","Core Surge"],"special_seed":0,"relics":["Cracked Core","Pear","Whetstone","Juzu Bracelet","Coffee Dripper","Molten Egg 2","Oddly Smooth Stone"],"potions_floor_usage":[8,14],"damage_taken":[{"damage":0.0,"enemies":"Small Slimes","floor":1.0,"turns":2.0},{"damage":7.0,"enemies":"Jaw Worm","floor":4.0,"turns":4.0},{"damage":0.0,"enemies":"Cultist","floor":5.0,"turns":2.0},{"damage":22,"enemies":"Gremlin Nob","floor":7,"turns":4},{"damage":16,"enemies":"Lots of Slimes","floor":8,"turns":4},{"damage":8,"enemies":"3 Sentries","floor":14,"turns":6},{"damage":2,"enemies":"The Guardian","floor":16,"turns":8},{"damage":7,"enemies":"Chosen","floor":18,"turns":4},{"damage":75,"enemies":"Gremlin Leader","floor":25,"turns":5}],"seed_played":"-7194622517075833355","potions_obtained":[{"floor":5.0,"key":"Dexterity Potion"},{"floor":7,"key":"SpeedPotion"},{"floor":8,"key":"Swift Potion"}],"is_trial":false,"path_per_floor":["M","$","?","M","M","R","E","M","T","R","?","R","?","E","R","B",null,"M","$","?","?","?","R","?"],"character_chosen":"DEFECT","items_purchased":["Self Repair","Molten Egg 2"],"campfire_rested":0,"item_purchase_floors":[2,19],"current_hp_per_floor":[68,68,61,61,68,68,63,54,54,54,54,54,54,53,53,58,78,78,78,62,62,62,62,62,0],"gold":112,"neow_bonus":"ONE_RANDOM_RARE_CARD","is_prod":false,"is_daily":false,"chose_seed":false,"campfire_upgraded":5,"win_rate":0,"timestamp":1531811959,"path_taken":["M","$","?","M","?","R","E","?","T","R","?","R","?","E","R","BOSS","M","$","?","?","?","R","?","E"],"build_version":"2018-07-12","purchased_purges":0,"victory":false,"max_hp_per_floor":[75,75,75,75,75,75,85,85,85,85,85,85,85,85,85,85,85,85,85,90,90,90,90,90,90],"card_choices":[{"not_picked":["Fusion","Streamline"],"picked":"Go for the Eyes","floor":1.0},{"not_picked":["Go for the Eyes","Conserve Battery"],"picked":"Ball Lightning","floor":4.0},{"not_picked":["Self Repair","Rebound"],"picked":"Streamline","floor":5.0},{"not_picked":["Sweeping Beam","Streamline"],"picked":"All For One","floor":7},{"not_picked":["Sunder","White Noise"],"picked":"Beam Cell","floor":8},{"not_picked":["Force Field","Rebound"],"picked":"Stack","floor":14},{"not_picked":["Biased Cognition","Amplify"],"picked":"Core Surge","floor":16}],"player_experience":844347,"relics_obtained":[{"floor":7,"key":"Pear"},{"floor":9,"key":"Whetstone"},{"floor":14,"key":"Juzu Bracelet"}],"event_choices":[{"event_name":"Golden Wing","player_choice":"Card Removal","floor":3.0,"damage_taken":0.0},{"event_name":"Accursed Blacksmith","player_choice":"Forge","floor":11,"damage_taken":0},{"event_name":"The Cleric","player_choice":"Card Removal","floor":13,"damage_taken":0},{"event_name":"Forgotten Altar","player_choice":"Shed Blood","floor":20,"damage_taken":0},{"event_name":"Drug Dealer","player_choice":"Ignored","floor":21,"damage_taken":0},{"event_name":"Golden Shrine","player_choice":"Pray","floor":22,"damage_taken":0},{"event_name":"Wheel of Change","player_choice":"Relic","floor":24,"damage_taken":0}],"boss_relics":[{"not_picked":["Eternal Feather","Nuclear Battery"],"picked":"Coffee Dripper"}],"items_purged_floors":[],"is_endless":false,"potions_floor_spawned":[5,7,8],"killed_by":"Gremlin Leader","ascension_level":9}