{"gold_per_floor":[111,111,111,126,145,145,178,178,202,237,251,266,285,319,319,414,414,427,526,68,84,84,112,124,124,208,233,233,179,199,199,199,199],"floor_reached":33,"playtime":2895,"items_purged":[],"score":336,"play_id":"01295132-5293-4562-b84e-bd9478520118","local_time":"20190530190842","is_ascension_mode":true,"campfire_choices":[{"data":"Quick Slash","floor":6,"key":"SMITH"},{"data":"All Out Attack","floor":8,"key":"SMITH"},{"data":"Deadly Poison","floor":15,"key":"SMITH"},{"data":"Calculated Gamble","floor":25,"key":"SMITH"},{"data":"Footwork","floor":28,"key":"SMITH"},{"floor":32,"key":"REST"}],"neow_cost":"TEN_PERCENT_HP_LOSS","seed_source_timestamp":112376673711949,"circlet_count":0,"master_deck":["Defend_G","Defend_G","Defend_G","Defend_G","Strike_G","Strike_G","Strike_G","Strike_G+1","Survivor","Neutralize+1","Poisoned Stab+1","Quick Slash+1","All Out Attack+1","Poisoned Stab","Deadly Poison+1","Die Die Die","Dash","Calculated Gamble+1","Predator","Footwork+1","Underhanded Strike","Bouncing Flask"],"relics":["Ring of the Snake","Whetstone","Centennial Puzzle","Blood Vial","PreservedInsect","Snecko Eye","Vajra","Letter Opener","Nunchaku","Tiny Chest","Snake Skull"],"potions_floor_usage":[10,16,21,30],"damage_taken":[{"damage":1,"enemies":"Jaw Worm","floor":1,"turns":4},{"damage":0,"enemies":"2 Louse","floor":4,"turns":3},{"damage":0,"enemies":"Cultist","floor":5,"turns":3},{"damage":19,"enemies":"3 Sentries","floor":7,"turns":11},{"damage":13,"enemies":"Lagavulin","floor":10,"turns":4},{"damage":0,"enemies":"Gremlin Gang","floor":11,"turns":1},{"damage":4,"enemies":"Exordium Wildlife","floor":12,"turns":3},{"damage":1,"enemies":"2 Fungi Beasts","floor":13,"turns":2},{"damage":4,"enemies":"Gremlin Nob","floor":14,"turns":3},{"damage":21,"enemies":"Hexaghost","floor":16,"turns":7},{"damage":15,"enemies":"Chosen","floor":18,"turns":4},{"damage":0,"enemies":"3 Byrds","floor":21,"turns":3},{"damage":9,"enemies":"Book of Stabbing","floor":23,"turns":4},{"damage":0,"enemies":"3 Cultists","floor":24,"turns":4},{"damage":21,"enemies":"Slavers","floor":27,"turns":4},{"damage":6,"enemies":"Centurion and Healer","floor":30,"turns":2},{"damage":40,"enemies":"Champ","floor":33,"turns":8}],"seed_played":"-4531733284655106444","potions_obtained":[{"floor":5,"key":"AttackPotion"},{"floor":11,"key":"Poison Potion"},{"floor":16,"key":"Block Potion"},{"floor":18,"key":"Swift Potion"},{"floor":23,"key":"SteroidPotion"}],"is_trial":false,"path_per_floor":["M","?","?","M","M","R","E","R","T","E","M","M","M","E","R","B",null,"M","?","$","M","?","E","M","R","T","E","R","$","M","?","R","B"],"character_chosen":"THE_SILENT","items_purchased":["Calculated Gamble","Vajra","Letter Opener","Underhanded Strike"],"campfire_rested":1,"item_purchase_floors":[20,20,20,29],"current_hp_per_floor":[62,67,67,67,67,67,48,48,48,35,37,35,36,34,34,15,68,53,53,53,55,55,48,50,50,50,31,31,31,27,15,36,0],"gold":199,"neow_bonus":"REMOVE_TWO","is_prod":false,"is_daily":false,"chose_seed":false,"campfire_upgraded":5,"win_rate":0,"timestamp":1559268522,"path_taken":["M","?","?","M","M","R","E","R","T","E","?","?","M","E","R","BOSS","M","?","$","M","?","E","M","R","T","E","R","$","?","?","R","BOSS"],"build_version":"2019-01-23","purchased_purges":0,"victory":false,"max_hp_per_floor":[63,68,68,68,68,68,68,68,68,68,68,68,68,68,68,68,68,68,68,68,68,68,68,68,68,68,68,68,68,68,73,73,73],"card_choices":[{"not_picked":["Bane","Acrobatics"],"picked":"Poisoned Stab","floor":1},{"not_picked":["Dodge and Roll","Underhanded Strike","Tactician"],"picked":"SKIP","floor":4},{"not_picked":["Prepared","Bane"],"picked":"Quick Slash","floor":5},{"not_picked":["Underhanded Strike","Glass Knife"],"picked":"All Out Attack","floor":7},{"not_picked":["Bane","Concentrate"],"picked":"Poisoned Stab","floor":10},{"not_picked":["Dagger Throw","Masterful Stab","Outmaneuver"],"picked":"SKIP","floor":11},{"not_picked":["Die Die Die","Accuracy"],"picked":"Deadly Poison","floor":12},{"not_picked":["Sucker Punch","Prepared","Blade Dance"],"picked":"SKIP","floor":13},{"not_picked":["Underhanded Strike","Storm of Steel","Acrobatics"],"picked":"SKIP","floor":14},{"not_picked":["Burst","Doppelganger"],"picked":"Die Die Die","floor":16},{"not_picked":["Sucker Punch","Blade Dance+1"],"picked":"Dash","floor":18},{"not_picked":["Outmaneuver","Cloak And Dagger+1","Dodge and Roll"],"picked":"SKIP","floor":21},{"not_picked":["Terror","Sucker Punch"],"picked":"Predator","floor":23},{"not_picked":["All Out Attack","Tactician"],"picked":"Footwork","floor":24},{"not_picked":["Sucker Punch","Escape Plan","Infinite Blades"],"picked":"SKIP","floor":27},{"not_picked":["Dagger Spray","Underhanded Strike"],"picked":"Bouncing Flask","floor":30}],"player_experience":139450,"relics_obtained":[{"floor":7,"key":"Whetstone"},{"floor":9,"key":"Centennial Puzzle"},{"floor":10,"key":"Blood Vial"},{"floor":14,"key":"PreservedInsect"},{"floor":23,"key":"Nunchaku"},{"floor":26,"key":"Tiny Chest"},{"floor":27,"key":"Snake Skull"}],"event_choices":[{"damage_healed":0,"gold_gain":0,"player_choice":"Donut","damage_taken":0,"max_hp_gain":5,"max_hp_loss":0,"event_name":"Big Fish","floor":2,"gold_loss":0},{"damage_healed":0,"gold_gain":0,"player_choice":"Forge","damage_taken":0,"max_hp_gain":0,"max_hp_loss":0,"event_name":"Accursed Blacksmith","floor":3,"gold_loss":0,"cards_upgraded":["Neutralize"]},{"damage_healed":0,"gold_gain":99,"player_choice":"Stole From Cult","damage_taken":0,"max_hp_gain":0,"max_hp_loss":0,"event_name":"Nest","floor":19,"gold_loss":0},{"damage_healed":0,"gold_gain":0,"player_choice":"Shed Blood","damage_taken":17,"max_hp_gain":5,"max_hp_loss":0,"event_name":"Forgotten Altar","floor":31,"gold_loss":0}],"is_beta":false,"boss_relics":[{"not_picked":["Fusion Hammer","Runic Dome"],"picked":"Snecko Eye"}],"items_purged_floors":[],"is_endless":false,"potions_floor_spawned":[5,11,16,18,23],"killed_by":"Champ","ascension_level":2}