{"gold_per_floor":[113,113,126,126,136,136,0,0,46,61,61,79,79,107,107,209,209,228,22,22,22,38,38,54,54,54,5,5,37,49,81,81,177,177,191,191,211,211,211,211,237,15,15,15],"floor_reached":44,"playtime":4247,"items_purged":[],"score":497,"play_id":"fa87516e-e086-4fde-84d1-e5a0a8a35a4e","local_time":"20190529000724","is_ascension_mode":false,"campfire_choices":[{"data":"Perfected Strike","floor":6,"key":"SMITH"},{"data":"Anger","floor":13,"key":"SMITH"},{"data":"Whirlwind","floor":15,"key":"SMITH"},{"data":"RitualDagger","floor":23,"key":"SMITH"},{"data":"Armaments","floor":25,"key":"SMITH"},{"data":"Entrench","floor":28,"key":"SMITH"},{"floor":32,"key":"REST"},{"floor":40,"key":"REST"}],"neow_cost":"","seed_source_timestamp":1187112270333612,"circlet_count":0,"master_deck":["Strike_R","Strike_R","Strike_R","Strike_R","Strike_R","Defend_R","Defend_R","Defend_R","Defend_R+1","Bash","Perfected Strike+1","Pommel Strike","Anger+1","Perfected Strike","Intimidate+1","Pommel Strike","Armaments+1","Body Slam","Whirlwind+1","Bludgeon","Rage","Discovery","Armaments","RitualDagger+1","Headbutt+1","Entrench+1","Shrug It Off","Anger+1","Perfected Strike","Feed","Double Tap","Clothesline+1","Panacea","Transmutation","Mind Blast","Shockwave+1","Seeing Red+1","Shrug It Off"],"relics":["Burning Blood","Anchor","War Paint","Bird Faced Urn","Torii","Runic Pyramid","Potion Belt","Boot","Frozen Egg 2","Kunai","Lizard Tail","Regal Pillow","Paper Frog"],"potions_floor_usage":[16,16,33,33,41,41,44,44,44,44],"damage_taken":[{"damage":17,"enemies":"Jaw Worm","floor":1,"turns":5},{"damage":5,"enemies":"2 Louse","floor":3,"turns":3},{"damage":0,"enemies":"Cultist","floor":5,"turns":3},{"damage":0,"enemies":"Blue Slaver","floor":10,"turns":2},{"damage":7,"enemies":"Lots of Slimes","floor":12,"turns":4},{"damage":10,"enemies":"3 Sentries","floor":14,"turns":6},{"damage":37,"enemies":"The Guardian","floor":16,"turns":7},{"damage":0,"enemies":"Spheric Guardian","floor":18,"turns":3},{"damage":10,"enemies":"Chosen","floor":22,"turns":6},{"damage":1,"enemies":"Centurion and Healer","floor":24,"turns":5},{"damage":44,"enemies":"Slavers","floor":29,"turns":7},{"damage":1,"enemies":"Snecko","floor":30,"turns":4},{"damage":21,"enemies":"Gremlin Leader","floor":31,"turns":7},{"damage":17,"enemies":"Champ","floor":33,"turns":11},{"damage":27,"enemies":"Orb Walker","floor":35,"turns":5},{"damage":31,"enemies":"3 Shapes","floor":37,"turns":5},{"damage":114,"enemies":"Giant Head","floor":41,"turns":10},{"damage":43,"enemies":"Maw","floor":44,"turns":8}],"seed_played":"3632870089505879562","potions_obtained":[{"floor":3,"key":"FearPotion"},{"floor":5,"key":"Dexterity Potion"},{"floor":10,"key":"Poison Potion"},{"floor":29,"key":"Block Potion"},{"floor":31,"key":"AttackPotion"},{"floor":33,"key":"Swift Potion"},{"floor":37,"key":"SkillPotion"},{"floor":41,"key":"Block Potion"}],"is_trial":false,"path_per_floor":["M","?","M","?","M","R","$","?","T","M","?","M","R","E","R","B",null,"M","$","T","?","M","R","M","R","T","$","R","E","M","E","R","B",null,"M","?","M","?","?","R","E","$","T","M"],"character_chosen":"IRONCLAD","items_purchased":["Perfected Strike","Intimidate","Pommel Strike","Discovery","Inflame","Armaments","Shrug It Off","Regen Potion","Shrug It Off","SpeedPotion","PowerPotion"],"campfire_rested":2,"item_purchase_floors":[7,7,7,19,19,19,27,42,42,42,42],"current_hp_per_floor":[69,69,70,67,73,73,73,73,73,79,79,78,78,74,74,43,80,80,80,80,74,72,72,79,79,79,79,79,41,48,35,59,52,80,63,53,31,31,31,56,19,19,19,0],"gold":15,"neow_bonus":"","is_prod":false,"is_daily":false,"chose_seed":false,"campfire_upgraded":6,"win_rate":0.0,"timestamp":1559102844,"path_taken":["M","?","M","?","M","R","$","?","T","?","?","M","R","E","R","BOSS","M","$","?","?","M","R","M","R","T","$","R","E","M","E","R","BOSS","M","?","M","?","?","R","E","$","T","M"],"build_version":"2019-01-23","purchased_purges":0,"victory":false,"max_hp_per_floor":[80,80,80,80,80,80,80,80,80,80,80,80,80,80,80,80,80,80,80,80,80,80,80,80,80,80,80,80,80,80,80,80,80,80,83,83,86,86,86,86,86,86,86,86],"card_choices":[{"not_picked":["Cleave","Rampage"],"picked":"Perfected Strike","floor":1},{"not_picked":["Cleave","Thunderclap"],"picked":"Pommel Strike","floor":3},{"not_picked":["Pommel Strike","Thunderclap"],"picked":"Anger","floor":5},{"not_picked":["Iron Wave","Cleave"],"picked":"Armaments","floor":10},{"not_picked":["Sever Soul","Clash"],"picked":"Body Slam","floor":12},{"not_picked":["Anger","Clothesline"],"picked":"Whirlwind","floor":14},{"not_picked":["Dark Embrace","Fiend Fire"],"picked":"Bludgeon","floor":16},{"not_picked":["Anger","Corruption"],"picked":"Rage","floor":18},{"not_picked":["Burning Pact","Thunderclap"],"picked":"Headbutt+1","floor":22},{"not_picked":["Pummel","Clothesline"],"picked":"Entrench","floor":24},{"not_picked":["Carnage","Hemokinesis"],"picked":"Anger+1","floor":29},{"not_picked":["Anger","Clash"],"picked":"Perfected Strike","floor":30},{"not_picked":["Metallicize+1","Body Slam"],"picked":"Feed","floor":31},{"not_picked":["Dark Embrace+1","Juggernaut+1"],"picked":"Double Tap","floor":33},{"not_picked":["Blood for Blood","Clash+1"],"picked":"Clothesline+1","floor":35},{"not_picked":["Secret Technique","Mind Blast"],"picked":"Panacea","floor":36},{"not_picked":["Sadistic Nature+1","Violence"],"picked":"Transmutation","floor":36},{"not_picked":["Transmutation","Madness"],"picked":"Mind Blast","floor":36},{"not_picked":["Dropkick","Clothesline+1"],"picked":"Shockwave+1","floor":37},{"not_picked":["Burning Pact","Whirlwind"],"picked":"Seeing Red+1","floor":41}],"player_experience":0,"relics_obtained":[{"floor":9,"key":"War Paint"},{"floor":14,"key":"Torii"},{"floor":20,"key":"Potion Belt"},{"floor":26,"key":"Boot"},{"floor":29,"key":"Frozen Egg 2"},{"floor":31,"key":"Kunai"},{"floor":41,"key":"Regal Pillow"},{"floor":43,"key":"Paper Frog"}],"event_choices":[{"damage_healed":0,"gold_gain":0,"player_choice":"Ignored","damage_taken":0,"max_hp_gain":0,"max_hp_loss":0,"event_name":"Liars Game","floor":2,"gold_loss":0},{"damage_healed":0,"gold_gain":0,"player_choice":"Success","damage_taken":3,"relics_obtained":["Anchor"],"max_hp_gain":0,"max_hp_loss":0,"event_name":"Scrap Ooze","floor":4,"gold_loss":0},{"cards_removed":["Iron Wave"],"damage_healed":0,"gold_gain":0,"player_choice":"Took Card","damage_taken":0,"max_hp_gain":0,"max_hp_loss":0,"event_name":"NoteForYourself","floor":8,"gold_loss":0,"cards_obtained":["Iron Wave"]},{"damage_healed":0,"gold_gain":0,"player_choice":"Gave Potion","damage_taken":0,"relics_obtained":["Bird Faced Urn"],"max_hp_gain":0,"max_hp_loss":0,"event_name":"WeMeetAgain","floor":11,"gold_loss":0},{"damage_healed":0,"gold_gain":0,"player_choice":"Joined the Cult","damage_taken":6,"max_hp_gain":0,"max_hp_loss":0,"event_name":"Nest","floor":21,"gold_loss":0,"cards_obtained":["RitualDagger"]},{"damage_healed":0,"gold_gain":0,"player_choice":"Memory 3","damage_taken":10,"max_hp_gain":0,"max_hp_loss":0,"event_name":"SensoryStone","floor":36,"gold_loss":0},{"cards_removed":["Inflame"],"damage_healed":0,"gold_gain":0,"player_choice":"Removed Power","damage_taken":0,"max_hp_gain":0,"max_hp_loss":0,"event_name":"Falling","floor":38,"gold_loss":0},{"damage_healed":0,"gold_gain":0,"player_choice":"Ignored","damage_taken":0,"max_hp_gain":0,"max_hp_loss":0,"event_name":"Mysterious Sphere","floor":39,"gold_loss":0}],"is_beta":false,"boss_relics":[{"not_picked":["White Beast Statue","Snecko Eye"],"picked":"Runic Pyramid"},{"not_picked":["Empty Cage","Orrery"],"picked":"Lizard Tail"}],"items_purged_floors":[],"is_endless":false,"potions_floor_spawned":[3,5,10,29,31,33,37,41],"killed_by":"Maw","ascension_level":0}