{"gold_per_floor":[119,30,30,49,60,60,88,88,115,115,115,129,143,159,159,238,238,248,248],"floor_reached":19,"playtime":422,"items_purged":[],"score":321,"play_id":"76faee52-2176-4a6b-a078-339502d807dd","local_time":"20190529141559","is_ascension_mode":true,"campfire_choices":[{"data":"Defragment","floor":6,"key":"SMITH"},{"data":"Defragment","floor":11,"key":"SMITH"},{"data":"Beam Cell","floor":15,"key":"SMITH"}],"neow_cost":"NONE","seed_source_timestamp":184163302548546,"circlet_count":0,"master_deck":["AscendersBane","Strike_B","Strike_B","Strike_B","Strike_B","Defend_B","Defend_B","Defend_B","Defend_B","Zap","Dualcast","Beam Cell+1","Defragment+1","Defragment+1","Beam Cell","Cold Snap","Cold Snap","FTL"],"relics":["Cracked Core","NeowsBlessing","Boot","Pen Nib","Strawberry","Philosopher\u0027s Stone"],"potions_floor_usage":[12,19,19],"damage_taken":[{"damage":0,"enemies":"2 Louse","floor":1,"turns":1},{"damage":0,"enemies":"Jaw Worm","floor":4,"turns":1},{"damage":0,"enemies":"Small Slimes","floor":5,"turns":1},{"damage":37,"enemies":"Gremlin Nob","floor":7,"turns":4},{"damage":0,"enemies":"2 Fungi Beasts","floor":12,"turns":2},{"damage":14,"enemies":"Exordium Thugs","floor":13,"turns":4},{"damage":7,"enemies":"Red Slaver","floor":14,"turns":4},{"damage":3,"enemies":"Hexaghost","floor":16,"turns":15},{"damage":15,"enemies":"Shell Parasite","floor":18,"turns":5},{"damage":46,"enemies":"Masked Bandits","floor":19,"turns":4}],"seed_played":"-3558390247477064779","potions_obtained":[{"floor":7,"key":"Fire Potion"},{"floor":14,"key":"SpeedPotion"},{"floor":16,"key":"FearPotion"},{"floor":18,"key":"FocusPotion"}],"is_trial":false,"path_per_floor":["M","$","?","M","M","R","E","?","T","?","R","M","M","M","R","B",null,"M","?"],"character_chosen":"DEFECT","items_purchased":["Defragment"],"campfire_rested":0,"item_purchase_floors":[2],"current_hp_per_floor":[64,64,64,64,64,64,27,27,34,34,34,34,20,13,13,10,61,46,0],"gold":248,"neow_bonus":"THREE_ENEMY_KILL","is_prod":false,"is_daily":false,"chose_seed":false,"campfire_upgraded":3,"win_rate":0,"timestamp":1559132159,"path_taken":["M","$","?","M","M","R","E","?","T","?","R","M","M","M","R","BOSS","M","?"],"build_version":"2019-01-23","purchased_purges":0,"victory":false,"max_hp_per_floor":[71,71,71,71,71,71,71,71,78,78,78,78,78,78,78,78,78,78,78],"card_choices":[{"not_picked":["Rebound","Conserve Battery"],"picked":"Beam Cell","floor":1},{"not_picked":["Double Energy","Hologram"],"picked":"Defragment","floor":4},{"not_picked":["Darkness","Barrage"],"picked":"Beam Cell","floor":5},{"not_picked":["Go for the Eyes","Ball Lightning"],"picked":"Cold Snap","floor":7},{"not_picked":["Stack","Compile Driver","Rebound"],"picked":"SKIP","floor":12},{"not_picked":["Stack","Rebound"],"picked":"Cold Snap","floor":13},{"not_picked":["Rebound","Tempest","Static Discharge"],"picked":"SKIP","floor":14},{"not_picked":["Compile Driver","Recycle"],"picked":"FTL","floor":18}],"player_experience":269963,"relics_obtained":[{"floor":7,"key":"Pen Nib"},{"floor":9,"key":"Strawberry"}],"event_choices":[{"damage_healed":0,"gold_gain":0,"player_choice":"Box","damage_taken":0,"relics_obtained":["Boot"],"max_hp_gain":0,"max_hp_loss":0,"event_name":"Big Fish","floor":3,"gold_loss":0,"cards_obtained":["Regret"]},{"cards_removed":["Regret"],"damage_healed":0,"gold_gain":0,"player_choice":"Forget","damage_taken":0,"max_hp_gain":0,"max_hp_loss":0,"event_name":"Living Wall","floor":8,"gold_loss":0},{"damage_healed":0,"gold_gain":0,"player_choice":"Ignored","damage_taken":0,"max_hp_gain":0,"max_hp_loss":0,"event_name":"Liars Game","floor":10,"gold_loss":0},{"damage_healed":0,"gold_gain":0,"player_choice":"Fought Bandits","damage_taken":0,"max_hp_gain":0,"max_hp_loss":0,"event_name":"Masked Bandits","floor":19,"gold_loss":0}],"is_beta":false,"boss_relics":[{"not_picked":["Velvet Choker","Calling Bell"],"picked":"Philosopher\u0027s Stone"}],"items_purged_floors":[],"is_endless":false,"potions_floor_spawned":[7,14,16,18],"killed_by":"Masked Bandits","ascension_level":18}