{"gold_per_floor":[112,130,130,146,71,71,84,96,153,170,247,282,282,297,297,400,400,400],"floor_reached":18,"playtime":409,"items_purged":["Strike_B"],"score":164,"play_id":"596cbcff-92e2-48bd-ad6a-05dfb9253193","local_time":"20190202181930","is_ascension_mode":false,"campfire_choices":[{"data":"Streamline","floor":6.0,"key":"SMITH"},{"floor":13,"key":"REST"},{"floor":15,"key":"REST"}],"neow_cost":"NONE","seed_source_timestamp":0,"circlet_count":0,"master_deck":["Strike_B","Strike_B","Strike_B","Defend_B","Defend_B","Defend_B","Defend_B","Zap","Dualcast","Cold Snap","Gash","Streamline+1","Loop","Rip and Tear","Streamline","Creative AI","Steam","Buffer"],"special_seed":0,"relics":["Cracked Core","Tiny Chest","Potion Belt","Sozu"],"potions_floor_usage":[10,12,12,16],"damage_taken":[{"damage":1.0,"enemies":"Cultist","floor":1.0,"turns":3.0},{"damage":0.0,"enemies":"Small Slimes","floor":2.0,"turns":3.0},{"damage":0.0,"enemies":"2 Louse","floor":4.0,"turns":2.0},{"damage":23.0,"enemies":"Exordium Thugs","floor":7.0,"turns":4.0},{"damage":25,"enemies":"Large Slime","floor":8,"turns":5},{"damage":6,"enemies":"2 Fungi Beasts","floor":10,"turns":2},{"damage":17,"enemies":"Gremlin Nob","floor":12,"turns":4},{"damage":15,"enemies":"Lots of Slimes","floor":14,"turns":4},{"damage":34,"enemies":"The Guardian","floor":16,"turns":9},{"damage":0,"enemies":"Spheric Guardian","floor":18,"turns":1}],"seed_played":"8066489703402258392","potions_obtained":[{"floor":2.0,"key":"FocusPotion"},{"floor":4.0,"key":"Explosive Potion"},{"floor":7.0,"key":"Regen Potion"},{"floor":10,"key":"Ancient Potion"},{"floor":12,"key":"PowerPotion"}],"is_trial":false,"path_per_floor":["M","M","?","M","$","R","M","M","T","M","?","E","R","M","R","B",null,"M"],"character_chosen":"DEFECT","items_purchased":[],"campfire_rested":2,"item_purchase_floors":[],"current_hp_per_floor":[74,74,79,79,79,79,56,31,31,25,25,20,44,29,53,19,80,80],"gold":400,"neow_bonus":"THREE_CARDS","is_prod":false,"is_daily":false,"chose_seed":false,"campfire_upgraded":1,"win_rate":0,"timestamp":1549127970,"path_taken":["M","M","?","M","$","R","M","M","T","M","?","E","R","M","R","BOSS","M"],"build_version":"2019-01-23","purchased_purges":1,"victory":false,"max_hp_per_floor":[75,75,80,80,80,80,80,80,80,80,80,80,80,80,80,80,80,80],"card_choices":[{"not_picked":["Barrage","Turbo"],"picked":"Cold Snap","floor":0.0},{"not_picked":["Steam","Cold Snap"],"picked":"Gash","floor":1.0},{"not_picked":["Turbo","Static Discharge"],"picked":"Streamline","floor":2.0},{"not_picked":["Double Energy","Self Repair","Multi-Cast"],"picked":"SKIP","floor":4.0},{"not_picked":["Redo","Compile Driver"],"picked":"Loop","floor":7.0},{"not_picked":["Chill","Melter"],"picked":"Rip and Tear","floor":8},{"not_picked":["Recycle","Beam Cell"],"picked":"Streamline","floor":10},{"not_picked":["Amplify","Beam Cell"],"picked":"Creative AI","floor":12},{"not_picked":["Conserve Battery","Double Energy"],"picked":"Steam","floor":14},{"not_picked":["Seek","Rainbow"],"picked":"Buffer","floor":16}],"player_experience":62702,"relics_obtained":[{"floor":9,"key":"Tiny Chest"},{"floor":12,"key":"Potion Belt"}],"event_choices":[{"damage_healed":0.0,"max_hp_gain":5.0,"max_hp_loss":0.0,"gold_gain":0.0,"event_name":"Big Fish","player_choice":"Donut","floor":3.0,"gold_loss":0.0,"damage_taken":0.0},{"damage_healed":0,"gold_gain":77,"player_choice":"Gained Gold","damage_taken":0,"max_hp_gain":0,"max_hp_loss":0,"event_name":"Golden Wing","floor":11,"gold_loss":0}],"is_beta":false,"boss_relics":[{"not_picked":["Lizard Tail","Coffee Dripper"],"picked":"Sozu"}],"items_purged_floors":[5],"is_endless":false,"potions_floor_spawned":[2,4,7,10,12],"killed_by":"Spheric Guardian","ascension_level":0}