{"gold_per_floor":[119,133,133,145,145,180,197,88,111,111,111,122,149,23,23,98,98,116,66,0,14,30,30,47,47,47,58,58,58,8,8,8,85,85,104,114,114,124,124],"floor_reached":39,"playtime":1416,"items_purged":["Pain","Strike_G","Strike_G","Strike_G"],"score":768,"play_id":"467713c5-2721-4740-bbd6-7058e59cfd8b","local_time":"20190527012257","is_ascension_mode":true,"campfire_choices":[{"floor":10,"key":"REST"},{"data":"Noxious Fumes","floor":15,"key":"SMITH"},{"data":"Footwork","floor":23,"key":"SMITH"},{"floor":25,"key":"REST"},{"data":"After Image","floor":28,"key":"SMITH"},{"floor":32,"key":"REST"}],"neow_cost":"NONE","seed_source_timestamp":25654384327674,"circlet_count":0,"master_deck":["AscendersBane","Defend_G","Defend_G","Defend_G","Defend_G","Survivor","Neutralize","Heel Hook","Deadly Poison","Noxious Fumes+1","Blur","After Image+1","Deadly Poison+1","Sucker Punch+1","After Image+1","Footwork+1","Deadly Poison","Malaise","Clumsy","Doubt","Regret","Noxious Fumes","Dodge and Roll+1","Parasite"],"special_seed":0,"relics":["Ring of the Snake","Orichalcum","WarpedTongs","Pen Nib","Centennial Puzzle","Smiling Mask","Astrolabe","Calipers","Sundial","NlothsMask","Calling Bell","Lantern","Toxic Egg 2","Torii"],"potions_floor_usage":[6,7,12,16,16,27,31,33,38],"damage_taken":[{"damage":0.0,"enemies":"2 Louse","floor":1.0,"turns":3.0},{"damage":0.0,"enemies":"Cultist","floor":2.0,"turns":4.0},{"damage":5.0,"enemies":"Jaw Worm","floor":4.0,"turns":4.0},{"damage":36,"enemies":"Gremlin Nob","floor":6,"turns":6},{"damage":2,"enemies":"Blue Slaver","floor":7,"turns":2},{"damage":1,"enemies":"Lots of Slimes","floor":12,"turns":3},{"damage":7,"enemies":"Lagavulin","floor":13,"turns":7},{"damage":17,"enemies":"The Guardian","floor":16,"turns":10},{"damage":8,"enemies":"3 Byrds","floor":18,"turns":5},{"damage":0,"enemies":"Shell Parasite","floor":21,"turns":6},{"damage":12,"enemies":"Snake Plant","floor":22,"turns":7},{"damage":14,"enemies":"Sentry and Sphere","floor":24,"turns":6},{"damage":7,"enemies":"Cultist and Chosen","floor":27,"turns":7},{"damage":0,"enemies":"Snecko","floor":31,"turns":3},{"damage":13,"enemies":"Collector","floor":33,"turns":11},{"damage":22,"enemies":"3 Darklings","floor":35,"turns":9},{"damage":0,"enemies":"3 Shapes","floor":36,"turns":6},{"damage":4,"enemies":"Writhing Mass","floor":38,"turns":8},{"damage":38,"enemies":"Jaw Worm Horde","floor":39,"turns":3}],"seed_played":"-4670544808885656951","potions_obtained":[{"floor":4.0,"key":"Swift Potion"},{"floor":6,"key":"AttackPotion"},{"floor":11,"key":"PowerPotion"},{"floor":11,"key":"Energy Potion"},{"floor":13,"key":"EssenceOfSteel"},{"floor":21,"key":"SmokeBomb"},{"floor":22,"key":"GamblersBrew"},{"floor":27,"key":"EssenceOfSteel"},{"floor":36,"key":"Block Potion"}],"is_trial":false,"path_per_floor":["M","M","?","M","?","E","M","$","T","R","?","M","E","$","R","B",null,"M","$","?","M","M","R","M","R","T","M","R","?","$","M","R","B",null,"M","M","?","M","M"],"character_chosen":"THE_SILENT","items_purchased":["Noxious Fumes","Blur"],"campfire_rested":3,"item_purchase_floors":[8,14],"current_hp_per_floor":[59,59,59,54,54,18,16,16,16,35,35,34,27,27,27,10,52,44,44,44,44,32,32,18,37,37,30,30,30,30,30,49,36,59,37,37,37,33,0],"gold":124,"neow_bonus":"RANDOM_COMMON_RELIC","is_prod":false,"is_daily":false,"chose_seed":false,"campfire_upgraded":3,"win_rate":0,"timestamp":1558912977,"path_taken":["M","M","?","?","?","E","M","$","T","R","?","M","E","$","R","BOSS","M","?","?","?","M","R","?","R","T","M","R","?","$","M","R","BOSS","M","M","?","?","M"],"build_version":"2019-01-23","purchased_purges":4,"victory":false,"max_hp_per_floor":[66,66,66,66,66,66,66,66,66,66,66,66,66,66,66,66,66,66,66,66,66,66,66,66,66,66,66,66,66,66,66,66,66,66,66,66,66,66,66],"card_choices":[{"not_picked":["Dodge and Roll","Slice","Outmaneuver"],"picked":"SKIP","floor":1.0},{"not_picked":["Underhanded Strike","Slice","Eviscerate"],"picked":"SKIP","floor":2.0},{"not_picked":["PiercingWail","Underhanded Strike"],"picked":"Heel Hook","floor":4.0},{"not_picked":["Bane","Catalyst"],"picked":"Deadly Poison","floor":6},{"not_picked":["Acrobatics","Blade Dance","Cloak And Dagger"],"picked":"SKIP","floor":7},{"not_picked":["Quick Slash","Prepared","Backflip"],"picked":"SKIP","floor":12},{"not_picked":["All Out Attack","Prepared","Acrobatics"],"picked":"SKIP","floor":13},{"not_picked":["Grand Finale","Corpse Explosion"],"picked":"After Image","floor":16},{"not_picked":["Terror+1","Accuracy"],"picked":"Footwork","floor":18},{"not_picked":["Sucker Punch","Flechettes","Blade Dance"],"picked":"SKIP","floor":21},{"not_picked":["Dagger Throw","Endless Agony","Deflect"],"picked":"SKIP","floor":22},{"not_picked":["Bane","Acrobatics"],"picked":"Deadly Poison","floor":24},{"not_picked":["Dodge and Roll","Acrobatics+1","Riddle With Holes+1"],"picked":"SKIP","floor":27},{"not_picked":["Wraith Form v2","Grand Finale"],"picked":"Malaise","floor":33},{"not_picked":["Underhanded Strike","Quick Slash"],"picked":"Noxious Fumes","floor":35},{"not_picked":["Calculated Gamble+1","Terror+1"],"picked":"Dodge and Roll+1","floor":36},{"not_picked":["Underhanded Strike","Doppelganger+1","Dagger Throw"],"picked":"SKIP","floor":38}],"player_experience":257670,"relics_obtained":[{"floor":6,"key":"Pen Nib"},{"floor":9,"key":"Centennial Puzzle"},{"floor":13,"key":"Smiling Mask"},{"floor":26,"key":"Sundial"},{"floor":34,"key":"Lantern"},{"floor":34,"key":"Toxic Egg 2"},{"floor":34,"key":"Torii"}],"event_choices":[{"damage_healed":0.0,"max_hp_gain":0.0,"max_hp_loss":0.0,"gold_gain":0.0,"event_name":"Accursed Blacksmith","player_choice":"Rummage","floor":3.0,"gold_loss":0.0,"damage_taken":0.0,"relics_obtained":["WarpedTongs"],"cards_obtained":["Pain"]},{"damage_healed":0,"gold_gain":0,"player_choice":"Fled","damage_taken":0,"max_hp_gain":0,"max_hp_loss":0,"event_name":"Scrap Ooze","floor":5,"gold_loss":0},{"damage_healed":0,"gold_gain":0,"player_choice":"Got Potions","damage_taken":0,"max_hp_gain":0,"max_hp_loss":0,"event_name":"Lab","floor":11,"gold_loss":0},{"damage_healed":0,"gold_gain":0,"player_choice":"Paid Gold","damage_taken":0,"relics_obtained":["Calipers"],"max_hp_gain":0,"max_hp_loss":0,"event_name":"WeMeetAgain","floor":20,"gold_loss":66},{"damage_healed":0,"gold_gain":0,"player_choice":"Trade","damage_taken":0,"relics_obtained":["NlothsMask"],"max_hp_gain":0,"max_hp_loss":0,"event_name":"FaceTrader","floor":29,"gold_loss":0},{"damage_healed":0,"gold_gain":0,"player_choice":"Bought 0 Potions","damage_taken":0,"max_hp_gain":0,"max_hp_loss":0,"event_name":"The Woman in Blue","floor":37,"gold_loss":0}],"is_beta":false,"boss_relics":[{"not_picked":["White Beast Statue","WristBlade"],"picked":"Astrolabe"},{"not_picked":["Black Star","Coffee Dripper"],"picked":"Calling Bell"}],"items_purged_floors":[8,14,19,30],"is_endless":false,"potions_floor_spawned":[4,6,13,21,22,27,36],"killed_by":"Jaw Worm Horde","ascension_level":14}