{"gold_per_floor":[110,110,110,125,138,170,189,214,214,214,248,248,30,56,56,159,159,173,173,241,257,269,269,302,312,312,312,20,55,55,72,72,173,173,193,212,312,312,312,347,347,357,357,357,373,406,406,143,143,143,143,143,33,33],"floor_reached":54,"playtime":7084,"items_purged":[],"score":1214,"play_id":"486dd60b-b863-4dff-96fa-094bfc14502d","local_time":"20190514171733","is_ascension_mode":true,"campfire_choices":[{"data":"Defragment","floor":10,"key":"SMITH"},{"data":"Dualcast","floor":12,"key":"SMITH"},{"data":"Reinforced Body","floor":15,"key":"SMITH"},{"floor":23,"key":"RECALL"},{"floor":27,"key":"REST"},{"floor":32,"key":"REST"},{"data":"Blind","floor":41,"key":"SMITH"},{"data":"Go for the Eyes","floor":44,"key":"SMITH"},{"floor":49,"key":"REST"},{"data":"Thunder Strike","floor":52,"key":"SMITH"}],"neow_cost":"NONE","seed_source_timestamp":94056711679946,"circlet_count":0,"master_deck":["AscendersBane","Strike_B+1","Strike_B+1","Strike_B+1","Strike_B+1","Defend_B+1","Defend_B+1","Defend_B+1","Defend_B+1","Zap+1","Dualcast+1","Self Repair","Coolheaded+1","Cold Snap","Core Surge","Reinforced Body+1","Defragment+1","Thunder Strike+1","Defragment+1","Ball Lightning","Echo Form+1","Undo","Reinforced Body+1","Blizzard+1","Chaos+1","Turbo+1","Go for the Eyes+1","Cold Snap","Biased Cognition+1","Sunder","Trip","Finesse","Blind+1","Skim","Defragment+1","Fusion+1","Echo Form+1","Defragment+1","Redo+1","Loop+1","Double Energy"],"relics":["Cracked Core","Art of War","War Paint","Regal Pillow","Dream Catcher","Frozen Egg 2","Tiny Chest","Blood Vial","Philosopher\u0027s Stone","Question Card","Centennial Puzzle","Singing Bowl","FossilizedHelix","Bag of Marbles","Bottled Tornado","Runic Dome","Turnip","Anchor","Dodecahedron","Oddly Smooth Stone","Runic Capacitor"],"potions_floor_usage":[8,24,29,29,33,54],"damage_taken":[{"damage":0,"enemies":"Small Slimes","floor":1,"turns":2},{"damage":0,"enemies":"Jaw Worm","floor":4,"turns":4},{"damage":0,"enemies":"2 Louse","floor":5,"turns":3},{"damage":20,"enemies":"3 Sentries","floor":6,"turns":10},{"damage":3,"enemies":"Large Slime","floor":7,"turns":6},{"damage":1,"enemies":"Lagavulin","floor":8,"turns":9},{"damage":7,"enemies":"3 Sentries","floor":11,"turns":12},{"damage":12,"enemies":"The Guardian","floor":16,"turns":10},{"damage":1,"enemies":"Chosen","floor":18,"turns":5},{"damage":8,"enemies":"Spheric Guardian","floor":21,"turns":4},{"damage":3,"enemies":"Centurion and Healer","floor":22,"turns":8},{"damage":63,"enemies":"Slavers","floor":24,"turns":7},{"damage":6,"enemies":"Sentry and Sphere","floor":25,"turns":6},{"damage":20,"enemies":"Gremlin Leader","floor":29,"turns":8},{"damage":15,"enemies":"3 Cultists","floor":31,"turns":5},{"damage":0,"enemies":"Collector","floor":33,"turns":8},{"damage":20,"enemies":"3 Shapes","floor":35,"turns":4},{"damage":0,"enemies":"Orb Walker","floor":36,"turns":4},{"damage":9,"enemies":"Mind Bloom Boss Battle","floor":37,"turns":7},{"damage":18,"enemies":"Nemesis","floor":40,"turns":9},{"damage":0,"enemies":"Maw","floor":42,"turns":7},{"damage":12,"enemies":"Sphere and 2 Shapes","floor":45,"turns":6},{"damage":17,"enemies":"Reptomancer","floor":46,"turns":7},{"damage":28,"enemies":"Time Eater","floor":50,"turns":9},{"damage":81,"enemies":"Shield and Spear","floor":54,"turns":6}],"seed_played":"-3834884404456601697","potions_obtained":[{"floor":6,"key":"SteroidPotion"},{"floor":7,"key":"SteroidPotion"},{"floor":8,"key":"Strength Potion"},{"floor":21,"key":"Ancient Potion"},{"floor":24,"key":"Weak Potion"},{"floor":29,"key":"PowerPotion"},{"floor":31,"key":"FearPotion"},{"floor":33,"key":"LiquidBronze"},{"floor":37,"key":"Weak Potion"},{"floor":40,"key":"GamblersBrew"}],"is_trial":false,"path_per_floor":["?","?","T","?","T","T","?","?","?","T"],"character_chosen":"DEFECT","items_purchased":["Defragment+1","Tiny Chest","Ball Lightning","FossilizedHelix","Runic Capacitor","Defragment+1","Loop+1","Double Energy"],"campfire_rested":3,"item_purchase_floors":[13,13,13,28,48,48,53,53],"current_hp_per_floor":[68,73,57,64,71,58,62,68,68,68,68,68,68,68,68,65,76,80,80,80,72,80,80,24,27,27,66,66,55,55,44,84,84,84,78,82,86,76,76,74,74,86,86,86,81,73,73,73,86,58,79,79,79,0],"gold":33,"neow_bonus":"RANDOM_COMMON_RELIC","is_prod":false,"is_daily":false,"chose_seed":false,"campfire_upgraded":6,"win_rate":0,"timestamp":1557868653,"path_taken":["M","?","?","M","M","E","M","E","T","R","E","R","$","?","R","BOSS","M","?","?","M","M","R","E","M","T","R","$","E","?","M","R","BOSS","M","M","?","?","?","E","R","M","T","R","M","E","?","$","R","BOSS","R","$","E"],"build_version":"2019-01-23","purchased_purges":0,"victory":false,"max_hp_per_floor":[75,80,80,80,80,80,80,80,80,80,80,80,80,80,80,80,80,80,80,80,80,80,80,80,80,80,80,80,80,80,82,84,84,84,84,86,86,86,86,86,86,86,86,86,86,86,86,86,86,86,86,86,86,86],"card_choices":[{"not_picked":["Rebound","Steam"],"picked":"Self Repair","floor":1},{"not_picked":["Double Energy","Beam Cell"],"picked":"Coolheaded","floor":4},{"not_picked":["Heatsinks","Leap"],"picked":"Cold Snap","floor":5},{"not_picked":["Go for the Eyes","Streamline"],"picked":"Core Surge","floor":6},{"not_picked":["Hologram","Beam Cell"],"picked":"Reinforced Body","floor":7},{"not_picked":["Static Discharge","Rebound"],"picked":"Defragment","floor":8},{"not_picked":["Rip and Tear","Gash"],"picked":"Thunder Strike","floor":11},{"not_picked":["Hyperbeam","Reboot"],"picked":"Echo Form+1","floor":16},{"not_picked":["Fusion","Streamline"],"picked":"Undo","floor":18},{"not_picked":["Conserve Battery","Cold Snap","Sweeping Beam"],"picked":"Reinforced Body+1","floor":21},{"not_picked":["Cold Snap","Storm+1","Sweeping Beam"],"picked":"Blizzard+1","floor":22},{"not_picked":["Rip and Tear","Gash","Turbo"],"picked":"Chaos+1","floor":24},{"not_picked":["Stack","Blizzard","Cold Snap"],"picked":"Turbo+1","floor":25},{"not_picked":["Lockon+1","Steam","Reboot"],"picked":"Go for the Eyes","floor":27},{"not_picked":["Go for the Eyes","Gash+1","Redo"],"picked":"Cold Snap","floor":29},{"not_picked":["Turbo","Gash+1","Redo","Melter"],"picked":"Singing Bowl","floor":31},{"not_picked":["Scrape","Gash","Auto Shields","Static Discharge+1"],"picked":"Singing Bowl","floor":32},{"not_picked":["Creative AI+1","Core Surge","Amplify"],"picked":"Biased Cognition+1","floor":33},{"not_picked":["Hologram+1","Compile Driver+1","FTL+1"],"picked":"Sunder","floor":35},{"not_picked":["Rebound+1","Sweeping Beam+1","Recycle","Ball Lightning"],"picked":"Singing Bowl","floor":36},{"not_picked":["Scrape+1","Gash","Rebound+1"],"picked":"Skim+1","floor":37},{"not_picked":["PanicButton","Dramatic Entrance","Impatience"],"picked":"Trip","floor":38},{"not_picked":["Panacea","Mind Blast","Deep Breath"],"picked":"Finesse","floor":38},{"not_picked":["Violence","PanicButton","Master of Strategy"],"picked":"Blind","floor":38},{"not_picked":["Turbo","Steam","Compile Driver"],"picked":"Skim","floor":40},{"not_picked":["Go for the Eyes","Ball Lightning+1","Multi-Cast"],"picked":"Defragment+1","floor":42},{"not_picked":["Melter","Sweeping Beam+1","Streamline+1"],"picked":"Fusion+1","floor":45},{"not_picked":["Rebound","Leap","Cold Snap"],"picked":"Echo Form+1","floor":46},{"not_picked":["Steam","Sweeping Beam","Rebound+1"],"picked":"Redo+1","floor":49}],"player_experience":464059,"relics_obtained":[{"floor":6,"key":"War Paint"},{"floor":8,"key":"Regal Pillow"},{"floor":9,"key":"Dream Catcher"},{"floor":11,"key":"Frozen Egg 2"},{"floor":14,"key":"Blood Vial"},{"floor":20,"key":"Question Card"},{"floor":24,"key":"Centennial Puzzle"},{"floor":26,"key":"Singing Bowl"},{"floor":29,"key":"Bag of Marbles"},{"floor":30,"key":"Bottled Tornado"},{"floor":37,"key":"Turnip"},{"floor":40,"key":"Anchor"},{"floor":46,"key":"Dodecahedron"},{"floor":47,"key":"Oddly Smooth Stone"}],"event_choices":[{"damage_healed":0,"gold_gain":0,"player_choice":"Donut","damage_taken":0,"max_hp_gain":5,"max_hp_loss":0,"event_name":"Big Fish","floor":2,"gold_loss":0},{"damage_healed":0,"gold_gain":0,"player_choice":"Entered Light","damage_taken":16,"max_hp_gain":0,"max_hp_loss":0,"event_name":"Shining Light","floor":3,"gold_loss":0,"cards_upgraded":["Defend_B","Zap"]},{"damage_healed":0,"gold_gain":0,"player_choice":"Simplicity","damage_taken":0,"max_hp_gain":0,"max_hp_loss":0,"event_name":"Back to Basics","floor":19,"gold_loss":0,"cards_upgraded":["Strike_B","Strike_B","Strike_B","Strike_B","Defend_B","Defend_B"]},{"damage_healed":0,"gold_gain":0,"player_choice":"Fight","damage_taken":0,"max_hp_gain":0,"max_hp_loss":0,"event_name":"MindBloom","floor":37,"gold_loss":0},{"damage_healed":0,"gold_gain":0,"player_choice":"Memory 3","damage_taken":10,"max_hp_gain":0,"max_hp_loss":0,"event_name":"SensoryStone","floor":38,"gold_loss":0},{"cards_removed":["Skim"],"damage_healed":0,"gold_gain":0,"player_choice":"Removed Skill","damage_taken":0,"max_hp_gain":0,"max_hp_loss":0,"event_name":"Falling","floor":39,"gold_loss":0}],"is_beta":false,"boss_relics":[{"not_picked":["Sozu","Empty Cage"],"picked":"Philosopher\u0027s Stone"},{"not_picked":["Tiny House","Orrery"],"picked":"Runic Dome"}],"items_purged_floors":[],"is_endless":false,"potions_floor_spawned":[6,7,8,21,24,29,31,33,37,40,42],"killed_by":"Shield and Spear","ascension_level":10}