{"gold_per_floor":[115,115,125,140,157,157,109,124,177,206,93,93,123,143,143,241,241,251,270,283,17,27,54,54,71,71,170,204,221,221,234,234,330,330,348,348,348,367,419,419,434,434,457,492,65,65,97,33,33,33],"floor_reached":51,"playtime":4742,"items_purged":["Parasite"],"score":782,"play_id":"23cec8d2-e9d9-4007-a218-be5a935345db","local_time":"20190531213717","is_ascension_mode":false,"campfire_choices":[{"data":"Feel No Pain","floor":6.0,"key":"SMITH"},{"data":"Inflame","floor":12.0,"key":"SMITH"},{"data":"Inflame","floor":15.0,"key":"SMITH"},{"floor":24.0,"key":"REST"},{"floor":32,"key":"REST"},{"floor":40,"key":"REST"},{"floor":46,"key":"REST"},{"floor":49,"key":"REST"}],"neow_cost":"CURSE","seed_source_timestamp":0,"circlet_count":0,"master_deck":["Strike_R","Strike_R","Strike_R","Defend_R","Defend_R","Defend_R","Anger","Fire Breathing","Ghostly Armor","Feel No Pain+1","Havoc","Shrug It Off","Reckless Charge","Inflame+1","Second Wind","Inflame+1","Juggernaut","Bludgeon+1","Flex+1","Barricade+1","Power Through+1","Infernal Blade","Corruption","Shrug It Off","Seeing Red","Reckless Charge","Evolve+1","Dark Embrace","Second Wind+1","Fiend Fire","Offering","Flame Barrier","Body Slam","Feel No Pain","Feel No Pain","Shockwave","Havoc+1","Metallicize"],"special_seed":0,"relics":["Burning Blood","FossilizedHelix","Oddly Smooth Stone","Pear","Omamori","Astrolabe","Juzu Bracelet","Ancient Tea Set","Pantograph","Fusion Hammer","Nunchaku","The Courier","Centennial Puzzle","Torii","Frozen Eye","Art of War"],"potions_floor_usage":[28,28,28,35,39,47,50],"damage_taken":[{"damage":0.0,"enemies":"Jaw Worm","floor":1.0,"turns":4.0},{"damage":0.0,"enemies":"Cultist","floor":3.0,"turns":4.0},{"damage":0.0,"enemies":"2 Louse","floor":4.0,"turns":2.0},{"damage":2.0,"enemies":"Looter","floor":5.0,"turns":4.0},{"damage":0.0,"enemies":"3 Louse","floor":8.0,"turns":3.0},{"damage":15.0,"enemies":"Lagavulin","floor":10.0,"turns":11.0},{"damage":1.0,"enemies":"3 Sentries","floor":13.0,"turns":10.0},{"damage":8.0,"enemies":"Lots of Slimes","floor":14.0,"turns":5.0},{"damage":51.0,"enemies":"The Guardian","floor":16.0,"turns":10.0},{"damage":0.0,"enemies":"2 Thieves","floor":18.0,"turns":4.0},{"damage":6.0,"enemies":"Shell Parasite","floor":19.0,"turns":7.0},{"damage":34.0,"enemies":"Centurion and Healer","floor":20.0,"turns":5.0},{"damage":22.0,"enemies":"Snake Plant","floor":22.0,"turns":7.0},{"damage":3.0,"enemies":"Book of Stabbing","floor":23.0,"turns":6.0},{"damage":11.0,"enemies":"Snecko","floor":25.0,"turns":8.0},{"damage":25,"enemies":"Slavers","floor":28,"turns":6},{"damage":0,"enemies":"Chosen and Byrds","floor":29,"turns":6},{"damage":8,"enemies":"Snake Plant","floor":31,"turns":5},{"damage":16,"enemies":"Champ","floor":33,"turns":10},{"damage":6,"enemies":"Orb Walker","floor":35,"turns":4},{"damage":0,"enemies":"3 Shapes","floor":38,"turns":3},{"damage":20,"enemies":"2 Orb Walkers","floor":39,"turns":4},{"damage":6,"enemies":"Transient","floor":41,"turns":5},{"damage":65,"enemies":"Reptomancer","floor":44,"turns":7},{"damage":6,"enemies":"Giant Head","floor":47,"turns":6},{"damage":14,"enemies":"Time Eater","floor":50,"turns":10}],"seed_played":"6095595442234373682","potions_obtained":[{"floor":1.0,"key":"FearPotion"},{"floor":2.0,"key":"AttackPotion"},{"floor":2.0,"key":"Swift Potion"},{"floor":3.0,"key":"Swift Potion"},{"floor":13.0,"key":"GamblersBrew"},{"floor":19.0,"key":"Poison Potion"},{"floor":23.0,"key":"Fire Potion"},{"floor":25.0,"key":"Ancient Potion"},{"floor":28,"key":"Swift Potion"},{"floor":38,"key":"Block Potion"},{"floor":44,"key":"SpeedPotion"}],"is_trial":false,"path_per_floor":["M","?","M","M","M","R","$","M","T","E","$","R","E","M","R","B",null,"M","M","M","$","M","E","R","M","T","?","E","M","?","M","R","B",null,"M","?","?","M","?","R","M","T","T","E","$","R","E","$","R","B",null],"character_chosen":"IRONCLAD","items_purchased":["Havoc","Inflame","Corruption","Shrug It Off","Seeing Red","Reckless Charge","Feel No Pain","Feel No Pain","Regen Potion","Regen Potion","Shockwave","Frozen Eye","Metallicize"],"campfire_rested":5,"item_purchase_floors":[7,11,21,21,21,21,45,45,45,45,45,45,48],"current_hp_per_floor":[80,80,80,80,80,80,80,80,80,81,81,81,86,84,84,39,87,87,87,59,59,43,46,72,67,67,67,48,54,54,52,78,77,87,87,83,83,83,69,83,83,83,83,24,24,48,62,62,83,83],"gold":33,"neow_bonus":"ONE_RARE_RELIC","is_prod":false,"is_daily":false,"chose_seed":false,"campfire_upgraded":3,"win_rate":0,"timestamp":1559353037,"path_taken":["M","?","M","M","M","R","$","M","T","E","$","R","E","M","R","BOSS","M","M","M","$","M","E","R","M","T","?","E","M","?","M","R","BOSS","M","?","?","M","?","R","M","?","T","E","$","R","E","$","R","BOSS"],"build_version":"2019-01-23","purchased_purges":1,"victory":true,"max_hp_per_floor":[80,80,80,80,80,80,80,80,80,90,87,87,87,87,87,87,87,87,87,87,87,87,87,87,87,87,87,87,87,87,87,87,87,87,87,83,83,83,83,83,83,83,83,83,83,83,83,83,83,83],"card_choices":[{"not_picked":["Hemokinesis","Pommel Strike"],"picked":"Anger","floor":1.0},{"not_picked":["Combust","Flex"],"picked":"Fire Breathing","floor":3.0},{"not_picked":["Iron Wave","Sword Boomerang"],"picked":"Ghostly Armor","floor":4.0},{"not_picked":["Rampage","Searing Blow"],"picked":"Feel No Pain","floor":5.0},{"not_picked":["Clothesline","Clash"],"picked":"Shrug It Off","floor":8.0},{"not_picked":["Reaper","Seeing Red"],"picked":"Reckless Charge","floor":10.0},{"not_picked":["Perfected Strike","Clothesline"],"picked":"Second Wind","floor":13.0},{"not_picked":["Rage","Twin Strike"],"picked":"Inflame","floor":14.0},{"not_picked":["Bludgeon","Berserk"],"picked":"Juggernaut","floor":16.0},{"not_picked":["Armaments","Warcry"],"picked":"Power Through+1","floor":18.0},{"not_picked":["Hemokinesis","Sword Boomerang","Clash+1"],"picked":"SKIP","floor":19.0},{"not_picked":["Clash","Armaments"],"picked":"Infernal Blade","floor":20.0},{"not_picked":["Hemokinesis","Inflame"],"picked":"Evolve+1","floor":22.0},{"not_picked":["Perfected Strike","True Grit"],"picked":"Dark Embrace","floor":23.0},{"not_picked":["Flame Barrier+1","Corruption"],"picked":"Second Wind+1","floor":25.0},{"not_picked":["Headbutt+1","Warcry+1","Thunderclap+1"],"picked":"SKIP","floor":28},{"not_picked":["Second Wind","Blood for Blood"],"picked":"Fiend Fire","floor":29},{"not_picked":["Rupture","Wild Strike","Clash"],"picked":"SKIP","floor":31},{"not_picked":["Reaper","Exhume"],"picked":"Offering","floor":33},{"not_picked":["Spot Weakness","Armaments+1"],"picked":"Flame Barrier","floor":35},{"not_picked":["Blood for Blood","Corruption","Twin Strike+1"],"picked":"SKIP","floor":38},{"not_picked":["True Grit+1","Rampage+1"],"picked":"Body Slam","floor":39},{"not_picked":["Limit Break","Clash","Intimidate"],"picked":"SKIP","floor":41},{"not_picked":["Wild Strike","Uppercut+1","Iron Wave"],"picked":"SKIP","floor":44},{"not_picked":["Headbutt+1","Spot Weakness"],"picked":"Havoc+1","floor":47}],"player_experience":339361,"relics_obtained":[{"floor":9.0,"key":"Oddly Smooth Stone"},{"floor":10.0,"key":"Pear"},{"floor":13.0,"key":"Omamori"},{"floor":23.0,"key":"Juzu Bracelet"},{"floor":26.0,"key":"Ancient Tea Set"},{"floor":28,"key":"Pantograph"},{"floor":39,"key":"Nunchaku"},{"floor":42,"key":"The Courier"},{"floor":43,"key":"Centennial Puzzle"},{"floor":44,"key":"Torii"},{"floor":47,"key":"Art of War"}],"event_choices":[{"damage_healed":0.0,"max_hp_gain":0.0,"max_hp_loss":0.0,"gold_gain":0.0,"event_name":"Lab","player_choice":"Got Potions","floor":2.0,"gold_loss":0.0,"damage_taken":0.0},{"damage_healed":0,"gold_gain":99,"player_choice":"Stole From Cult","damage_taken":0,"max_hp_gain":0,"max_hp_loss":0,"event_name":"Nest","floor":27,"gold_loss":0},{"damage_healed":0,"gold_gain":0,"player_choice":"Ignored","damage_taken":0,"max_hp_gain":0,"max_hp_loss":0,"event_name":"Beggar","floor":30,"gold_loss":0},{"damage_healed":0,"gold_gain":0,"player_choice":"Max HP","damage_taken":0,"max_hp_gain":0,"max_hp_loss":4,"event_name":"Winding Halls","floor":36,"gold_loss":0},{"cards_removed":["Bash"],"damage_healed":0,"gold_gain":0,"player_choice":"Removed Attack","damage_taken":0,"max_hp_gain":0,"max_hp_loss":0,"event_name":"Falling","floor":37,"gold_loss":0},{"damage_healed":0,"gold_gain":0,"player_choice":"Fight","damage_taken":0,"max_hp_gain":0,"max_hp_loss":0,"event_name":"Mysterious Sphere","floor":39,"gold_loss":0}],"is_beta":false,"boss_relics":[{"not_picked":["Lizard Tail","Tiny House"],"picked":"Astrolabe"},{"not_picked":["Runic Pyramid","Eternal Feather"],"picked":"Fusion Hammer"}],"items_purged_floors":[11],"is_endless":false,"potions_floor_spawned":[1,3,5,13,19,23,25,28,38,44],"ascension_level":0}