{"gold_per_floor":[110,110,21,32,46,79,29,57,57,57,57,70,70,82,82,185,185,199,199,298,74,149,174,174,191,218,218],"floor_reached":27,"playtime":1738,"items_purged":[],"score":239,"play_id":"b2b6ed0a-deb2-482d-bae4-178ab5de13f4","local_time":"20180919034516","is_ascension_mode":false,"campfire_choices":[{"data":"Barrage","floor":13,"key":"SMITH"},{"floor":15,"key":"REST"},{"data":"Metamorphosis","floor":24,"key":"SMITH"}],"neow_cost":"","seed_source_timestamp":338991351605962,"circlet_count":0,"master_deck":["Strike_B","Strike_B","Strike_B","Defend_B","Defend_B","Defend_B","Zap","Dualcast","Compile Driver","White Noise","Ball Lightning","Barrage+1","Conserve Battery","Rebound","Force Field","Capacitor","Storm","Loop","Rainbow","Skim","Defragment","Metamorphosis+1","Ball Lightning+1","Lockon+1"],"relics":["Cracked Core","Centennial Puzzle","Dodecahedron","PreservedInsect","Sozu","Bottled Flame","Orichalcum"],"potions_floor_usage":[16,27],"damage_taken":[{"damage":2,"enemies":"Small Slimes","floor":1,"turns":3},{"damage":8,"enemies":"Jaw Worm","floor":4,"turns":3},{"damage":0,"enemies":"Cultist","floor":5,"turns":2},{"damage":24,"enemies":"Lagavulin","floor":6,"turns":5},{"damage":2,"enemies":"3 Sentries","floor":8,"turns":3},{"damage":2,"enemies":"Blue Slaver","floor":12,"turns":3},{"damage":32,"enemies":"Exordium Thugs","floor":14,"turns":3},{"damage":20,"enemies":"Hexaghost","floor":16,"turns":6},{"damage":5,"enemies":"Spheric Guardian","floor":18,"turns":3},{"damage":37,"enemies":"Gremlin Leader","floor":23,"turns":6},{"damage":25,"enemies":"3 Byrds","floor":25,"turns":4},{"damage":15,"enemies":"Snake Plant","floor":27,"turns":2}],"seed_played":"9038790028631096627","potions_obtained":[{"floor":1,"key":"PowerPotion"},{"floor":4,"key":"GamblersBrew"},{"floor":8,"key":"AttackPotion"},{"floor":10,"key":"FairyPotion"},{"floor":10,"key":"EssenceOfSteel"},{"floor":16,"key":"Poison Potion"}],"is_trial":false,"path_per_floor":["M","?","$","M","M","E","?","E","T","?","?","M","R","M","R","B",null,"M","?","?","$","?","E","R","M","T"],"character_chosen":"DEFECT","items_purchased":["White Noise","Ball Lightning","Defragment","Metamorphosis"],"campfire_rested":1,"item_purchase_floors":[3,3,21,21],"current_hp_per_floor":[73,78,78,70,70,46,46,44,44,44,44,42,42,10,34,14,80,75,75,75,75,67,30,30,5,5,0],"gold":218,"neow_bonus":"","is_prod":false,"is_daily":false,"chose_seed":false,"campfire_upgraded":2,"win_rate":0,"timestamp":1537343116,"path_taken":["M","?","?","M","M","E","?","E","T","?","?","?","R","M","R","BOSS","M","?","?","$","?","E","R","M","T","?"],"build_version":"2018-09-06","purchased_purges":0,"victory":false,"max_hp_per_floor":[75,80,80,80,80,80,80,80,80,80,80,80,80,80,80,80,80,80,80,80,80,80,80,80,80,80,80],"card_choices":[{"not_picked":["Defragment","Fusion"],"picked":"Compile Driver","floor":1},{"not_picked":["Leap","Gash"],"picked":"Barrage","floor":4},{"not_picked":["Streamline","Auto Shields"],"picked":"Conserve Battery","floor":5},{"not_picked":["Steam","Hologram"],"picked":"Rebound","floor":6},{"not_picked":["Reinforced Body","Glacier"],"picked":"Force Field","floor":8},{"not_picked":["Consume","Beam Cell"],"picked":"Storm","floor":12},{"not_picked":["Genetic Algorithm","Rebound"],"picked":"Loop","floor":14},{"not_picked":["Machine Learning","Amplify"],"picked":"Rainbow","floor":16},{"not_picked":["Steam Power+1","Ball Lightning"],"picked":"Skim","floor":18},{"not_picked":["Compile Driver+1","Redo"],"picked":"Ball Lightning+1","floor":23},{"not_picked":["Rebound+1","Skim+1"],"picked":"Lockon+1","floor":25}],"player_experience":22094,"relics_obtained":[{"floor":6,"key":"Centennial Puzzle"},{"floor":8,"key":"Dodecahedron"},{"floor":9,"key":"PreservedInsect"},{"floor":23,"key":"Bottled Flame"},{"floor":26,"key":"Orichalcum"}],"event_choices":[{"event_name":"Big Fish","player_choice":"Donut","floor":2,"damage_taken":0},{"event_name":"The Cleric","player_choice":"Card Removal","floor":7,"damage_taken":0},{"event_name":"The Lab","player_choice":"Got Potions","floor":10,"damage_taken":0},{"event_name":"Transmorgrifier","player_choice":"Transform","floor":11,"damage_taken":0},{"event_name":"The Mausoleum","player_choice":"No","floor":19,"damage_taken":0},{"event_name":"Nest","player_choice":"Stole From Cult","floor":20,"damage_taken":0},{"event_name":"FaceTrader","player_choice":"Touch","floor":22,"damage_taken":0}],"is_beta":false,"boss_relics":[{"not_picked":["Calling Bell","White Beast Statue"],"picked":"Sozu"}],"items_purged_floors":[],"is_endless":false,"potions_floor_spawned":[1,4,8,16,18],"killed_by":"Snake Plant","ascension_level":0}