{"gold_per_floor":[116,116,116,130,145,145,145,171,171,171,203,80,80,92,92,92],"floor_reached":16,"playtime":331,"items_purged":["Defend_B"],"score":173,"play_id":"c3bd418c-c90e-4145-b0ac-cbdae66b4fe0","local_time":"20190512105854","is_ascension_mode":true,"campfire_choices":[{"data":"Zap","floor":6,"key":"SMITH"},{"data":"Dualcast","floor":10,"key":"SMITH"},{"data":"Defragment","floor":13,"key":"SMITH"},{"floor":15,"key":"REST"}],"neow_cost":"PERCENT_DAMAGE","seed_source_timestamp":2730215432527468,"circlet_count":0,"master_deck":["AscendersBane","Strike_B","Strike_B","Strike_B","Strike_B","Defend_B","Defend_B","Defend_B","Zap+1","Dualcast+1","Conserve Battery","Gash","Defragment+1","Parasite","Steam","Gash","Conserve Battery"],"relics":["Cracked Core","Ice Cream","Oddly Smooth Stone","Art of War","Blue Candle","Anchor"],"potions_floor_usage":[11,11],"damage_taken":[{"damage":12,"enemies":"Jaw Worm","floor":1,"turns":4},{"damage":0,"enemies":"2 Louse","floor":4,"turns":3},{"damage":2,"enemies":"Small Slimes","floor":5,"turns":3},{"damage":14,"enemies":"Lagavulin","floor":8,"turns":7},{"damage":36,"enemies":"Gremlin Nob","floor":11,"turns":5},{"damage":0,"enemies":"2 Fungi Beasts","floor":14,"turns":3},{"damage":30,"enemies":"The Guardian","floor":16,"turns":5}],"seed_played":"3154073089255799527","potions_obtained":[{"floor":5,"key":"Block Potion"},{"floor":8,"key":"FearPotion"},{"floor":14,"key":"Ancient Potion"}],"is_trial":false,"path_per_floor":["M","?","?","M","M","R","?","E","T","R","E","$","R","M","R","B"],"character_chosen":"DEFECT","items_purchased":["Conserve Battery"],"campfire_rested":1,"item_purchase_floors":[12],"current_hp_per_floor":[38,63,38,38,36,36,54,40,40,40,4,4,4,4,26,0],"gold":92,"neow_bonus":"ONE_RARE_RELIC","is_prod":false,"is_daily":false,"chose_seed":false,"campfire_upgraded":3,"win_rate":0,"timestamp":1557651534,"path_taken":["M","?","?","M","M","R","?","E","T","R","E","$","R","?","R","BOSS"],"build_version":"2019-01-23","purchased_purges":1,"victory":false,"max_hp_per_floor":[75,75,75,75,75,75,75,75,75,75,75,75,75,75,75,75],"card_choices":[{"not_picked":["Chill","Leap"],"picked":"Conserve Battery","floor":1},{"not_picked":["Self Repair","Streamline"],"picked":"Gash","floor":4},{"not_picked":["Force Field","FTL"],"picked":"Defragment","floor":5},{"not_picked":["Barrage","Static Discharge"],"picked":"Steam","floor":8},{"not_picked":["Rip and Tear","Streamline"],"picked":"Gash","floor":11},{"not_picked":["Ball Lightning","Steam Power","Sunder"],"picked":"SKIP","floor":14}],"player_experience":209475,"relics_obtained":[{"floor":8,"key":"Art of War"},{"floor":9,"key":"Blue Candle"},{"floor":11,"key":"Anchor"}],"event_choices":[{"damage_healed":25,"gold_gain":0,"player_choice":"Banana","damage_taken":0,"max_hp_gain":0,"max_hp_loss":0,"event_name":"Big Fish","floor":2,"gold_loss":0},{"damage_healed":0,"gold_gain":0,"player_choice":"Success","damage_taken":25,"relics_obtained":["Oddly Smooth Stone"],"max_hp_gain":0,"max_hp_loss":0,"event_name":"Scrap Ooze","floor":3,"gold_loss":0},{"damage_healed":18,"gold_gain":0,"player_choice":"Healed and dodged fight","damage_taken":0,"max_hp_gain":0,"max_hp_loss":0,"event_name":"Mushrooms","floor":7,"gold_loss":0,"cards_obtained":["Parasite"]}],"is_beta":false,"boss_relics":[],"items_purged_floors":[12],"is_endless":false,"potions_floor_spawned":[5,8,14],"killed_by":"The Guardian","ascension_level":12}