{"gold_per_floor":[116,41,41,60,60,60,90,120,120,183,183,201,65,79,79,183,183,195,209,209,209,209,209,229,229,229,13,45,64,64,90,90,190,190,205,48,63,75,89,89,0,34,83,83,108,119,29,46,46,46],"floor_reached":50,"playtime":1324,"items_purged":["Regret","Strike_G"],"score":735,"play_id":"92e64e54-6de8-4f42-9409-ed086b412945","local_time":"20190204163935","is_ascension_mode":true,"campfire_choices":[{"data":"Dagger Spray","floor":6.0,"key":"SMITH"},{"floor":11.0,"key":"REST"},{"data":"A Thousand Cuts","floor":15.0,"key":"SMITH"},{"data":"Glass Knife","floor":23.0,"key":"SMITH"},{"data":"Sucker Punch","floor":25.0,"key":"SMITH"},{"data":"Accuracy","floor":32.0,"key":"SMITH"},{"floor":40.0,"key":"REST"},{"floor":49,"key":"REST"}],"neow_cost":"CURSE","seed_source_timestamp":575586608223375,"circlet_count":0,"master_deck":["Defend_G+1","Defend_G","Defend_G","Defend_G","Strike_G+1","Strike_G+1","Survivor+1","Neutralize","Sucker Punch+1","Glass Knife+1","Dagger Spray+1","A Thousand Cuts+1","Backflip","Escape Plan","Escape Plan","Infinite Blades","Blade Dance+1","Accuracy+1","Accuracy","Finisher+1","Blade Dance","Slice+1","Envenom","Riddle With Holes+1","Finisher+1","Prepared+1","Terror","Backstab+1","PiercingWail+1"],"special_seed":0,"relics":["Ring of the Serpent","Anchor","Odd Mushroom","Ninja Scroll","Bag of Marbles","MutagenicStrength","Letter Opener","Vajra","Juzu Bracelet","Centennial Puzzle","Cursed Key","Snake Skull","Red Mask","Question Card","Omamori","Whetstone"],"potions_floor_usage":[42,46,50,50],"damage_taken":[{"damage":0.0,"enemies":"Cultist","floor":1.0,"turns":3.0},{"damage":2.0,"enemies":"Jaw Worm","floor":4.0,"turns":3.0},{"damage":6.0,"enemies":"Gremlin Nob","floor":7.0,"turns":4.0},{"damage":11.0,"enemies":"The Mushroom Lair","floor":8.0,"turns":3.0},{"damage":0.0,"enemies":"3 Sentries","floor":10.0,"turns":4.0},{"damage":0.0,"enemies":"2 Louse","floor":12.0,"turns":1.0},{"damage":0.0,"enemies":"Large Slime","floor":14.0,"turns":2.0},{"damage":28.0,"enemies":"The Guardian","floor":16.0,"turns":11.0},{"damage":0.0,"enemies":"3 Byrds","floor":18.0,"turns":2.0},{"damage":4.0,"enemies":"Shell Parasite","floor":19.0,"turns":3.0},{"damage":0.0,"enemies":"3 Cultists","floor":24.0,"turns":3.0},{"damage":0.0,"enemies":"Gremlin Leader","floor":28.0,"turns":3.0},{"damage":6.0,"enemies":"Shelled Parasite and Fungi","floor":29.0,"turns":4.0},{"damage":10.0,"enemies":"Book of Stabbing","floor":31.0,"turns":3.0},{"damage":10.0,"enemies":"Collector","floor":33.0,"turns":6.0},{"damage":12.0,"enemies":"3 Darklings","floor":35.0,"turns":3.0},{"damage":2.0,"enemies":"3 Shapes","floor":37.0,"turns":4.0},{"damage":0.0,"enemies":"Spire Growth","floor":38.0,"turns":1.0},{"damage":17.0,"enemies":"Writhing Mass","floor":39.0,"turns":4.0},{"damage":0,"enemies":"Reptomancer","floor":42,"turns":1},{"damage":18,"enemies":"Nemesis","floor":45,"turns":3},{"damage":17,"enemies":"Maw","floor":46,"turns":4},{"damage":0,"enemies":"Jaw Worm Horde","floor":48,"turns":1},{"damage":44,"enemies":"Donu and Deca","floor":50,"turns":3}],"seed_played":"7796958968787567089","potions_obtained":[{"floor":1.0,"key":"GhostInAJar"},{"floor":12.0,"key":"Regen Potion"},{"floor":16.0,"key":"AttackPotion"},{"floor":33.0,"key":"SteroidPotion"},{"floor":38.0,"key":"Fire Potion"},{"floor":39.0,"key":"FearPotion"},{"floor":45,"key":"Weak Potion"}],"is_trial":false,"path_per_floor":["M","$","?","M","?","R","E","?","T","?","R","M","$","M","R","B",null,"M","M","?","?","?","R","M","R","T","$","E","M","?","E","R","B",null,"M","$","M","M","M","R","?","E","T","$","E","M","?","M","R","B"],"character_chosen":"THE_SILENT","items_purchased":["Infinite Blades","Vajra","Accuracy","Snake Skull"],"campfire_rested":3,"item_purchase_floors":[13,27,27,36],"current_hp_per_floor":[70,70,56,54,54,54,48,37,37,37,58,58,58,58,58,30,60,60,56,56,56,56,56,56,56,56,56,56,50,50,40,40,45,64,52,52,50,50,33,54,54,54,54,54,36,19,19,19,40,0],"gold":46,"neow_bonus":"TRANSFORM_TWO_CARDS","is_prod":false,"is_daily":false,"chose_seed":false,"campfire_upgraded":5,"win_rate":0,"timestamp":1549294775,"path_taken":["M","$","?","M","?","R","E","?","T","?","R","M","$","?","R","BOSS","M","M","?","?","?","R","M","R","T","$","E","M","?","E","R","BOSS","M","$","M","M","M","R","?","E","T","$","E","M","?","M","R","BOSS"],"build_version":"2019-01-23","purchased_purges":2,"victory":false,"max_hp_per_floor":[70,70,70,70,70,70,70,70,70,70,70,70,70,70,70,70,70,70,70,70,70,70,70,70,70,70,70,70,70,70,70,70,70,70,70,70,70,70,70,70,70,70,70,70,70,70,70,70,70,70],"card_choices":[{"not_picked":["Backflip","Well Laid Plans"],"picked":"Dagger Spray","floor":1.0},{"not_picked":["Skewer","Outmaneuver","Underhanded Strike"],"picked":"SKIP","floor":4.0},{"not_picked":["Escape Plan","Underhanded Strike"],"picked":"A Thousand Cuts","floor":7.0},{"not_picked":["Deadly Poison","Deflect"],"picked":"Backflip","floor":8.0},{"not_picked":["Prepared","Dagger Spray"],"picked":"Escape Plan","floor":10.0},{"not_picked":["Quick Slash","Outmaneuver"],"picked":"Escape Plan","floor":12.0},{"not_picked":["Grand Finale","Terror","Deadly Poison"],"picked":"SKIP","floor":14.0},{"not_picked":["Blade Dance","Prepared","Backflip"],"picked":"SKIP","floor":18.0},{"not_picked":["Sucker Punch","Slice"],"picked":"Blade Dance+1","floor":19.0},{"not_picked":["Tactician","Underhanded Strike","Dagger Throw"],"picked":"SKIP","floor":24.0},{"not_picked":["Deadly Poison","Reflex"],"picked":"Accuracy","floor":28.0},{"not_picked":["Poisoned Stab","Choke+1"],"picked":"Finisher+1","floor":29.0},{"not_picked":["Tools of the Trade","Calculated Gamble"],"picked":"Slice","floor":31.0},{"not_picked":["Tools of the Trade","Phantasmal Killer"],"picked":"Envenom","floor":33.0},{"not_picked":["Dash","Crippling Poison","Concentrate+1"],"picked":"SKIP","floor":35.0},{"not_picked":["Catalyst+1","Distraction"],"picked":"Riddle With Holes+1","floor":37.0},{"not_picked":["Setup","Crippling Poison"],"picked":"Finisher+1","floor":38.0},{"not_picked":["Bane+1","Cloak And Dagger"],"picked":"Prepared+1","floor":39.0},{"not_picked":["Finisher+1","Quick Slash","Poisoned Stab"],"picked":"SKIP","floor":42},{"not_picked":["Setup+1","Terror","Flying Knee","Outmaneuver+1"],"picked":"SKIP","floor":45},{"not_picked":["Setup+1","Flying Knee","Outmaneuver+1"],"picked":"Terror","floor":45},{"not_picked":["Masterful Stab","PiercingWail","All Out Attack+1"],"picked":"Backstab+1","floor":46},{"not_picked":["Quick Slash+1","Bullet Time","Sucker Punch"],"picked":"PiercingWail+1","floor":48}],"player_experience":64942,"relics_obtained":[{"floor":7.0,"key":"Anchor"},{"floor":8.0,"key":"Odd Mushroom"},{"floor":9.0,"key":"Ninja Scroll"},{"floor":10.0,"key":"Bag of Marbles"},{"floor":26.0,"key":"Letter Opener"},{"floor":28.0,"key":"Juzu Bracelet"},{"floor":31.0,"key":"Centennial Puzzle"},{"floor":42,"key":"Question Card"},{"floor":43,"key":"Omamori"},{"floor":45,"key":"Whetstone"}],"event_choices":[{"damage_healed":0.0,"max_hp_gain":0.0,"max_hp_loss":0.0,"gold_gain":0.0,"event_name":"Shining Light","player_choice":"Entered Light","floor":3.0,"gold_loss":0.0,"damage_taken":14.0,"cards_upgraded":["Survivor","Strike_G"]},{"cards_removed":["Strike_G"],"damage_healed":0.0,"max_hp_gain":0.0,"max_hp_loss":0.0,"gold_gain":0.0,"event_name":"Living Wall","player_choice":"Forget","floor":5.0,"gold_loss":0.0,"damage_taken":0.0},{"damage_healed":0.0,"max_hp_gain":0.0,"max_hp_loss":0.0,"gold_gain":0.0,"event_name":"Mushrooms","player_choice":"Fought Mushrooms","floor":8.0,"gold_loss":0.0,"damage_taken":0.0},{"damage_healed":0.0,"max_hp_gain":0.0,"max_hp_loss":0.0,"gold_gain":0.0,"event_name":"Dead Adventurer","player_choice":"Searched \u00272\u0027 times","floor":10.0,"gold_loss":0.0,"damage_taken":0.0},{"damage_healed":0.0,"max_hp_gain":0.0,"max_hp_loss":0.0,"gold_gain":0.0,"event_name":"Drug Dealer","player_choice":"Inject Mutagens","floor":20.0,"gold_loss":0.0,"damage_taken":0.0,"relics_obtained":["MutagenicStrength"]},{"damage_healed":0.0,"max_hp_gain":0.0,"max_hp_loss":0.0,"gold_gain":0.0,"event_name":"Cursed Tome","player_choice":"Ignored","floor":21.0,"gold_loss":0.0,"damage_taken":0.0},{"damage_healed":0.0,"max_hp_gain":0.0,"max_hp_loss":0.0,"gold_gain":0.0,"event_name":"The Woman in Blue","player_choice":"Bought 0 Potions","floor":22.0,"gold_loss":0.0,"damage_taken":0.0},{"damage_healed":0.0,"max_hp_gain":0.0,"max_hp_loss":0.0,"gold_gain":0.0,"event_name":"The Library","player_choice":"Read","floor":30.0,"gold_loss":0.0,"damage_taken":0.0,"cards_obtained":["Blade Dance"]},{"damage_healed":0.0,"max_hp_gain":0.0,"max_hp_loss":0.0,"gold_gain":0.0,"event_name":"Tomb of Lord Red Mask","player_choice":"Paid","floor":41.0,"gold_loss":89.0,"damage_taken":0.0,"relics_obtained":["Red Mask"]},{"cards_removed":["Writhe"],"damage_healed":0,"gold_gain":0,"player_choice":"Upgrade and Remove","damage_taken":0,"max_hp_gain":0,"max_hp_loss":0,"event_name":"Designer","floor":47,"gold_loss":90,"cards_upgraded":["Defend_G"]}],"is_beta":false,"boss_relics":[{"not_picked":["Philosopher\u0027s Stone","Orrery"],"picked":"Ring of the Serpent"},{"not_picked":["Tiny House","Snecko Eye"],"picked":"Cursed Key"}],"items_purged_floors":[2,13],"is_endless":false,"potions_floor_spawned":[1,12,16,18,24,29,33,38,39,45],"killed_by":"Donu and Deca","ascension_level":5}