{"gold_per_floor":[115,290,290,311,330,330,114,114,190,230,230,246,270,283,283,283],"floor_reached":16,"playtime":643,"items_purged":["Doubt"],"score":173,"play_id":"a34f5588-79db-48b9-b1fe-7bad8fe4c921","local_time":"20190524172037","is_ascension_mode":true,"campfire_choices":[{"data":"Neutralize","floor":6,"key":"SMITH"},{"floor":8,"key":"REST"},{"data":"Blur","floor":15,"key":"SMITH"}],"neow_cost":"PERCENT_DAMAGE","seed_source_timestamp":353286125302837,"circlet_count":0,"master_deck":["AscendersBane","Defend_G","Defend_G","Defend_G","Defend_G","Defend_G","Strike_G","Strike_G","Strike_G","Strike_G","Strike_G","Survivor","Neutralize+1","Blade Dance","Blade Dance","Well Laid Plans","Footwork+1","Corpse Explosion","Blur+1","Heel Hook"],"relics":["Ring of the Snake","Gambling Chip","Golden Idol","Bottled Tornado","Ninja Scroll"],"potions_floor_usage":[13,16],"damage_taken":[{"damage":1,"enemies":"Jaw Worm","floor":1,"turns":4},{"damage":1,"enemies":"2 Louse","floor":4,"turns":3},{"damage":4,"enemies":"Small Slimes","floor":5,"turns":4},{"damage":29,"enemies":"3 Sentries","floor":10,"turns":12},{"damage":0,"enemies":"Blue Slaver","floor":12,"turns":4},{"damage":1,"enemies":"Gremlin Gang","floor":13,"turns":2},{"damage":0,"enemies":"Looter","floor":14,"turns":4},{"damage":14,"enemies":"Hexaghost","floor":16,"turns":16}],"seed_played":"3355898698929172654","potions_obtained":[{"floor":10,"key":"Weak Potion"},{"floor":13,"key":"Ancient Potion"}],"is_trial":false,"path_per_floor":["M","?","?","M","M","R","$","R","T","E","?","M","M","M","R","B"],"character_chosen":"THE_SILENT","items_purchased":["Footwork","GhostInAJar"],"campfire_rested":1,"item_purchase_floors":[7,7],"current_hp_per_floor":[43,43,27,26,22,22,22,41,41,12,12,12,11,11,11,0],"gold":283,"neow_bonus":"ONE_RARE_RELIC","is_prod":false,"is_daily":false,"chose_seed":false,"campfire_upgraded":2,"win_rate":0,"timestamp":1558711237,"path_taken":["M","?","?","M","M","R","$","R","T","E","?","M","M","M","R","BOSS"],"build_version":"2019-01-23","purchased_purges":1,"victory":false,"max_hp_per_floor":[66,66,66,66,66,66,66,66,66,66,66,66,66,66,66,66],"card_choices":[{"not_picked":["Backflip","Sucker Punch"],"picked":"Blade Dance","floor":1},{"not_picked":["Slice","Poisoned Stab"],"picked":"Blade Dance","floor":4},{"not_picked":["Flying Knee","Backflip"],"picked":"Well Laid Plans","floor":5},{"not_picked":["All Out Attack","Quick Slash","Sucker Punch"],"picked":"SKIP","floor":10},{"not_picked":["Escape Plan","Blade Dance"],"picked":"Corpse Explosion","floor":12},{"not_picked":["Underhanded Strike","Slice"],"picked":"Blur","floor":13},{"not_picked":["PiercingWail","Sucker Punch"],"picked":"Heel Hook","floor":14}],"player_experience":243715,"relics_obtained":[{"floor":9,"key":"Bottled Tornado"},{"floor":10,"key":"Ninja Scroll"}],"event_choices":[{"damage_healed":0,"gold_gain":175,"player_choice":"AGREE","damage_taken":0,"max_hp_gain":0,"max_hp_loss":0,"event_name":"Liars Game","floor":2,"gold_loss":0,"cards_obtained":["Doubt"]},{"damage_healed":0,"gold_gain":0,"player_choice":"Take Damage","damage_taken":16,"relics_obtained":["Golden Idol"],"max_hp_gain":0,"max_hp_loss":0,"event_name":"Golden Idol","floor":3,"gold_loss":0},{"damage_healed":0,"gold_gain":0,"player_choice":"Grow","damage_taken":0,"max_hp_gain":0,"max_hp_loss":0,"event_name":"Living Wall","floor":11,"gold_loss":0,"cards_upgraded":["Footwork"]}],"is_beta":false,"boss_relics":[],"items_purged_floors":[7],"is_endless":false,"potions_floor_spawned":[10,12,13],"killed_by":"Hexaghost","ascension_level":14}