{"gold_per_floor":[110,130,130,140,215,215,243,243,243,3,16,16,46,60,60,155,155,167,181,191,208,42,71,71,81,127,127,160,160,172,200,200,295,295,309,309,329,2,2,2,34,34,34,34,54,66,66,92,92,92],"floor_reached":51,"playtime":2828,"items_purged":["Strike_B"],"score":1151,"play_id":"6421af6c-382d-493d-acfb-3483a035edea","local_time":"20180717165459","is_ascension_mode":true,"campfire_choices":[{"data":"Hologram","floor":6.0,"key":"SMITH"},{"data":"Ball Lightning","floor":8.0,"key":"SMITH"},{"data":"Redo","floor":12.0,"key":"SMITH"},{"data":"Leap","floor":15.0,"key":"SMITH"},{"floor":24,"key":"REST"},{"data":"Defragment","floor":29,"key":"SMITH"},{"data":"Defragment","floor":32,"key":"SMITH"},{"data":"Creative AI","floor":40,"key":"SMITH"},{"data":"Defragment","floor":42,"key":"SMITH"},{"data":"Capacitor","floor":47,"key":"SMITH"},{"data":"Glacier","floor":49,"key":"SMITH"}],"neow_cost":"NONE","seed_source_timestamp":0,"circlet_count":0,"master_deck":["Strike_B","Strike_B","Strike_B","Defend_B","Defend_B","Defend_B","Defend_B","Zap+1","Dualcast","Turbo","Electrodynamics","Hologram+1","Ball Lightning+1","Redo+1","Leap+1","Doom and Gloom","Defragment+1","Defragment+1","Conserve Battery","Steam","Conserve Battery","Undo","Capacitor","Bandage Up","Conserve Battery","Ghostly","Ghostly","Ghostly","Ghostly","Ghostly","Capacitor+1","Defragment+1","Glacier+1","Creative AI+1","Loop","Reinforced Body","Writhe","Storm+1","Ghostly","Defragment+1","Force Field+1"],"special_seed":17729,"relics":["Cracked Core","Mercury Hourglass","Bronze Scales","Pantograph","Lantern","Orrery","Question Card","Bag of Marbles","Vajra","Pen Nib","Cursed Key","Centennial Puzzle","Symbiotic Virus","Strawberry"],"potions_floor_usage":[23,28,33,41,50,50],"damage_taken":[{"damage":2.0,"enemies":"Jaw Worm","floor":1.0,"turns":3.0},{"damage":0.0,"enemies":"2 Louse","floor":2.0,"turns":2.0},{"damage":1.0,"enemies":"Cultist","floor":4.0,"turns":3.0},{"damage":4.0,"enemies":"3 Sentries","floor":7.0,"turns":3.0},{"damage":0.0,"enemies":"Gremlin Gang","floor":11.0,"turns":1.0},{"damage":18.0,"enemies":"Gremlin Nob","floor":13.0,"turns":4.0},{"damage":0.0,"enemies":"Blue Slaver","floor":14.0,"turns":2.0},{"damage":18.0,"enemies":"The Guardian","floor":16.0,"turns":9.0},{"damage":0.0,"enemies":"Chosen","floor":18.0,"turns":4.0},{"damage":6.0,"enemies":"Spheric Guardian","floor":19.0,"turns":3.0},{"damage":14.0,"enemies":"Snecko","floor":20.0,"turns":5.0},{"damage":7.0,"enemies":"Chosen and Byrds","floor":21.0,"turns":5.0},{"damage":40,"enemies":"Gremlin Leader","floor":23,"turns":7},{"damage":22,"enemies":"Centurion and Healer","floor":25,"turns":6},{"damage":3,"enemies":"Book of Stabbing","floor":28,"turns":8},{"damage":0,"enemies":"Cultist and Chosen","floor":30,"turns":4},{"damage":13,"enemies":"Gremlin Leader","floor":31,"turns":6},{"damage":7,"enemies":"Collector","floor":33,"turns":9},{"damage":0,"enemies":"3 Shapes","floor":35,"turns":4},{"damage":3,"enemies":"Flame Bruiser 1 Orb","floor":37,"turns":6},{"damage":16,"enemies":"Nemesis","floor":41,"turns":8},{"damage":10,"enemies":"Transient","floor":45,"turns":5},{"damage":1,"enemies":"Spire Growth","floor":46,"turns":5},{"damage":10,"enemies":"Giant Head","floor":48,"turns":8},{"damage":43,"enemies":"Time Eater","floor":50,"turns":7}],"seed_played":"-6709258171721631228","potions_obtained":[{"floor":11.0,"key":"Weak Potion"},{"floor":13.0,"key":"FearPotion"},{"floor":14.0,"key":"Explosive Potion"},{"floor":20.0,"key":"Energy Potion"},{"floor":25,"key":"Energy Potion"},{"floor":30,"key":"FocusPotion"},{"floor":31,"key":"PowerPotion"},{"floor":33,"key":"PowerPotion"},{"floor":36,"key":"FocusPotion"},{"floor":41,"key":"FearPotion"}],"is_trial":false,"path_per_floor":["M","M","?","M","?","R","E","R","T","$","M","R","E","M","R","B",null,"M","M","M","M","$","E","R","M","T","?","E","R","M","E","R","B",null,"M","?","M","$","?","R","E","R","T","?","M","M","R","E","R","B"],"character_chosen":"DEFECT","items_purchased":["Pantograph","Capacitor","Bandage Up","Loop","Reinforced Body","Centennial Puzzle"],"campfire_rested":1,"item_purchase_floors":[10,22,22,38,38,38],"current_hp_per_floor":[66,66,71,70,59,59,55,55,55,55,55,55,37,37,37,44,71,71,65,51,44,44,8,32,14,14,14,15,15,15,6,6,28,37,37,37,34,34,40,40,28,28,28,28,22,25,25,26,26,8],"gold":92,"neow_bonus":"UPGRADE_CARD","is_prod":false,"is_daily":false,"chose_seed":false,"campfire_upgraded":10,"win_rate":0,"timestamp":1531839299,"path_taken":["M","M","?","M","?","R","E","R","T","$","M","R","E","M","R","BOSS","M","?","M","M","$","E","R","?","T","?","E","R","?","E","R","BOSS","M","?","M","$","?","R","E","R","T","?","M","?","R","E","R","BOSS"],"build_version":"2018-07-12","purchased_purges":1,"victory":true,"max_hp_per_floor":[75,75,80,80,80,80,80,80,80,80,80,80,80,80,80,80,80,80,80,80,80,80,80,80,80,80,40,40,40,40,40,40,40,40,40,40,40,40,40,40,40,40,40,40,40,40,40,47,47,47],"card_choices":[{"not_picked":["Sweeping Beam","Barrage"],"picked":"Turbo","floor":1.0},{"not_picked":["Recycle","Barrage"],"picked":"Electrodynamics","floor":2.0},{"not_picked":["Leap","Compile Driver"],"picked":"Hologram","floor":4.0},{"not_picked":["Steam","Reboot"],"picked":"Ball Lightning","floor":7.0},{"not_picked":["Steam Power","Beam Cell"],"picked":"Redo","floor":11.0},{"not_picked":["Genetic Algorithm","Cold Snap"],"picked":"Leap","floor":13.0},{"not_picked":["Barrage","Streamline"],"picked":"Doom and Gloom","floor":14.0},{"not_picked":["Sweeping Beam","Undo"],"picked":"Defragment","floor":17.0},{"not_picked":["Lockon","Sweeping Beam"],"picked":"Defragment","floor":17.0},{"not_picked":["Rebound","Ball Lightning"],"picked":"Conserve Battery","floor":17.0},{"not_picked":["Barrage","Beam Cell"],"picked":"Steam","floor":17.0},{"not_picked":["Tempest","Steam"],"picked":"Conserve Battery","floor":19.0},{"not_picked":["Recycle","Static Discharge"],"picked":"Undo","floor":21.0},{"not_picked":["Hello World","FTL","Undo"],"picked":"Conserve Battery","floor":25},{"not_picked":["Chill","Static Discharge+1","Scrape"],"picked":"Capacitor","floor":28},{"not_picked":["Hologram","Rip and Tear","Scrape"],"picked":"Defragment","floor":30},{"not_picked":["Self Repair","Fusion+1","Melter"],"picked":"Glacier","floor":31},{"not_picked":["Machine Learning","Electrodynamics","Buffer"],"picked":"Creative AI","floor":33},{"not_picked":["Capacitor+1","Steam","Doom and Gloom+1"],"picked":"Storm+1","floor":41},{"not_picked":["Beam Cell","Chaos","Sweeping Beam"],"picked":"Defragment+1","floor":46},{"not_picked":["Multi-Cast","Streamline","Beam Cell+1"],"picked":"Force Field+1","floor":48}],"player_experience":850566,"relics_obtained":[{"floor":7.0,"key":"Mercury Hourglass"},{"floor":9.0,"key":"Bronze Scales"},{"floor":13.0,"key":"Lantern"},{"floor":23,"key":"Question Card"},{"floor":26,"key":"Bag of Marbles"},{"floor":28,"key":"Vajra"},{"floor":31,"key":"Pen Nib"},{"floor":41,"key":"Symbiotic Virus"},{"floor":48,"key":"Strawberry"}],"event_choices":[{"event_name":"Big Fish","player_choice":"Donut","floor":3.0,"damage_taken":0.0},{"event_name":"World of Goop","player_choice":"Gather Gold","floor":5.0,"damage_taken":0.0},{"event_name":"Ghosts","player_choice":"Became a Ghost","floor":27,"damage_taken":0},{"event_name":"The Lab","player_choice":"Got Potions","floor":36,"damage_taken":0},{"event_name":"Winding Halls","player_choice":"Writhe","floor":39,"damage_taken":0},{"event_name":"Duplicator","player_choice":"One dupe","floor":44,"damage_taken":0}],"boss_relics":[{"not_picked":["Tiny House","FrozenCore"],"picked":"Orrery"},{"not_picked":["Astrolabe","Fusion Hammer"],"picked":"Cursed Key"}],"items_purged_floors":[38],"is_endless":false,"potions_floor_spawned":[11,13,14,20,25,30,31,33,41,46,48],"ascension_level":9}