{"gold_per_floor":[114,114,114,130,37,65,65,83,83,83],"floor_reached":10,"playtime":887,"items_purged":[],"score":109,"play_id":"ad4850a4-43b9-4404-bddd-face4f6ea7a0","local_time":"20190519151958","is_ascension_mode":true,"campfire_choices":[{"floor":7,"key":"REST"}],"neow_cost":"NONE","seed_source_timestamp":36281537522202,"circlet_count":0,"master_deck":["AscendersBane","Strike_B","Strike_B","Strike_B","Strike_B","Defend_B","Defend_B","Defend_B","Defend_B","Zap","Dualcast","Rebound","Reinforced Body+1","Hologram+1","Tempest+1","Redo+1","Seek+1"],"relics":["Inserter","Toxic Egg 2","Molten Egg 2","Dream Catcher"],"potions_floor_usage":[6],"damage_taken":[{"damage":4,"enemies":"2 Louse","floor":1,"turns":3},{"damage":0,"enemies":"Small Slimes","floor":4,"turns":3},{"damage":41,"enemies":"3 Sentries","floor":6,"turns":9},{"damage":12,"enemies":"Jaw Worm","floor":8,"turns":2},{"damage":18,"enemies":"Lots of Slimes","floor":10,"turns":3}],"seed_played":"-5995761227510002773","potions_obtained":[{"floor":4,"key":"EssenceOfSteel"},{"floor":6,"key":"SpeedPotion"}],"is_trial":false,"path_per_floor":["?","?","M","M"],"character_chosen":"DEFECT","items_purchased":["Hologram+1","Tempest+1"],"campfire_rested":1,"item_purchase_floors":[5,5],"current_hp_per_floor":[64,46,46,46,46,5,27,15,15,0],"gold":83,"neow_bonus":"BOSS_RELIC","is_prod":false,"is_daily":false,"chose_seed":false,"campfire_upgraded":0,"win_rate":0,"timestamp":1558293598,"path_taken":["M","?","?","M","$","E","R","?","T","?"],"build_version":"2019-01-23","purchased_purges":0,"victory":false,"max_hp_per_floor":[75,75,75,75,75,75,75,75,75,75],"card_choices":[{"not_picked":["Redo","Streamline"],"picked":"Rebound","floor":1},{"not_picked":["Ball Lightning","FTL"],"picked":"Reinforced Body+1","floor":4},{"not_picked":["Go for the Eyes","Recycle+1"],"picked":"Redo+1","floor":6},{"not_picked":["Beam Cell+1","Turbo+1"],"picked":"Seek+1","floor":8}],"player_experience":572290,"relics_obtained":[{"floor":6,"key":"Molten Egg 2"},{"floor":9,"key":"Dream Catcher"}],"event_choices":[{"damage_healed":0,"gold_gain":0,"player_choice":"Success","damage_taken":18,"relics_obtained":["Toxic Egg 2"],"max_hp_gain":0,"max_hp_loss":0,"event_name":"Scrap Ooze","floor":2,"gold_loss":0},{"damage_healed":0,"gold_gain":0,"player_choice":"Ignored","damage_taken":0,"max_hp_gain":0,"max_hp_loss":0,"event_name":"Shining Light","floor":3,"gold_loss":0}],"is_beta":false,"boss_relics":[],"items_purged_floors":[],"is_endless":false,"potions_floor_spawned":[4,6],"killed_by":"Lots of Slimes","ascension_level":13}