{"gold_per_floor":[115,37,54,67,67,67,99,99,99,24,13,13],"floor_reached":12,"playtime":639,"items_purged":["Injury"],"score":148,"play_id":"4e5696ab-2b4f-4578-87e9-6c0c9e22164a","local_time":"20190526140243","is_ascension_mode":true,"campfire_choices":[{"floor":6,"key":"REST"},{"data":"Shockwave","floor":8,"key":"SMITH"}],"neow_cost":"CURSE","seed_source_timestamp":636693018963768,"circlet_count":0,"master_deck":["AscendersBane","Strike_R","Strike_R","Strike_R","Strike_R","Strike_R","Defend_R","Defend_R","Defend_R","Defend_R","Bash","Demon Form","Burning Pact","Shockwave+1","Clothesline","Sever Soul","Battle Trance"],"relics":["Burning Blood","Peace Pipe","Blue Candle","Darkstone Periapt"],"potions_floor_usage":[7,7,12],"damage_taken":[{"damage":6,"enemies":"Cultist","floor":1,"turns":3},{"damage":16,"enemies":"Small Slimes","floor":3,"turns":5},{"damage":14,"enemies":"2 Louse","floor":4,"turns":7},{"damage":5,"enemies":"Lagavulin","floor":7,"turns":7},{"damage":28,"enemies":"Exordium Thugs","floor":11,"turns":5},{"damage":19,"enemies":"Gremlin Gang","floor":12,"turns":3}],"seed_played":"8178730561380644075","potions_obtained":[{"floor":1,"key":"Energy Potion"},{"floor":3,"key":"Block Potion"},{"floor":7,"key":"GamblersBrew"}],"is_trial":false,"path_per_floor":["M","?"],"character_chosen":"IRONCLAD","items_purchased":["Shockwave"],"campfire_rested":1,"item_purchase_floors":[2],"current_hp_per_floor":[68,68,58,50,15,37,38,38,38,38,16,0],"gold":13,"neow_bonus":"THREE_RARE_CARDS","is_prod":false,"is_daily":false,"chose_seed":false,"campfire_upgraded":1,"win_rate":0,"timestamp":1558893763,"path_taken":["M","$","M","?","?","R","E","R","T","$","M","M"],"build_version":"2019-01-23","purchased_purges":1,"victory":false,"max_hp_per_floor":[75,75,75,75,75,75,75,75,75,75,75,75],"card_choices":[{"not_picked":["Reaper","Bludgeon"],"picked":"Demon Form","floor":0},{"not_picked":["True Grit","Flex"],"picked":"Burning Pact","floor":1},{"not_picked":["Twin Strike","Flex","Rage"],"picked":"SKIP","floor":3},{"not_picked":["Headbutt","Pommel Strike"],"picked":"Clothesline","floor":4},{"not_picked":["Infernal Blade","Twin Strike"],"picked":"Sever Soul","floor":7},{"not_picked":["Headbutt","Intimidate"],"picked":"Battle Trance","floor":11}],"player_experience":713703,"relics_obtained":[{"floor":7,"key":"Blue Candle"},{"floor":9,"key":"Darkstone Periapt"}],"event_choices":[{"damage_healed":0,"gold_gain":0,"player_choice":"Success","damage_taken":35,"relics_obtained":["Peace Pipe"],"max_hp_gain":0,"max_hp_loss":0,"event_name":"Scrap Ooze","floor":5,"gold_loss":0}],"is_beta":false,"boss_relics":[],"items_purged_floors":[10],"is_endless":false,"potions_floor_spawned":[1,3,7],"killed_by":"Gremlin Gang","ascension_level":18}