{"gold_per_floor":[111,111,111,180,155,155,185,4,86,116,166,194,94,109,109,188,188,203,186,326,50,100,100,129,143,166,226,76,95,90,102,102,177,177,187,206,356,406,128,163,163,213,213,227,27,27,47,65,65,65],"floor_reached":51,"playtime":1749,"items_purged":["Strike_R","Strike_R","Strike_R","Defend_R","Decay","Strike_R+1"],"score":1498,"play_id":"071c7a36-1101-4f70-9b38-91bad3c9858b","local_time":"20190530213946","is_ascension_mode":true,"campfire_choices":[{"data":"Clothesline","floor":6.0,"key":"SMITH"},{"data":"Ghostly Armor","floor":15.0,"key":"SMITH"},{"floor":23.0,"key":"REST"},{"data":"Bash","floor":32.0,"key":"SMITH"},{"data":"Barricade","floor":41.0,"key":"SMITH"},{"data":"Body Slam","floor":46,"key":"SMITH"},{"data":"Juggernaut","floor":49,"key":"SMITH"}],"neow_cost":"NONE","seed_source_timestamp":295853969033638,"circlet_count":0,"master_deck":["AscendersBane","Defend_R","Defend_R","Bash+1","Clothesline+1","Ghostly Armor+1","Dropkick+1","Barricade+1","Impervious","Impervious","Metallicize+1","Dropkick","Juggernaut+1","Body Slam+1","Metallicize","Evolve"],"special_seed":0,"relics":["Burning Blood","NeowsBlessing","SsserpentHead","Dodecahedron","Whetstone","Paper Frog","Oddly Smooth Stone","Sundial","Philosopher\u0027s Stone","Happy Flower","Bottled Tornado","Ornamental Fan","Dream Catcher","Tiny Chest","Cursed Key","Unceasing Top","Juzu Bracelet"],"potions_floor_usage":[50,50],"damage_taken":[{"damage":0.0,"enemies":"Cultist","floor":1.0,"turns":1.0},{"damage":0.0,"enemies":"Jaw Worm","floor":4.0,"turns":1.0},{"damage":0.0,"enemies":"Lagavulin","floor":7.0,"turns":1.0},{"damage":27.0,"enemies":"3 Sentries","floor":10.0,"turns":11.0},{"damage":12.0,"enemies":"Gremlin Nob","floor":12.0,"turns":3.0},{"damage":7.0,"enemies":"2 Louse","floor":14.0,"turns":3.0},{"damage":0.0,"enemies":"Slime Boss","floor":16.0,"turns":13.0},{"damage":29.0,"enemies":"3 Byrds","floor":18.0,"turns":7.0},{"damage":12.0,"enemies":"2 Thieves","floor":19.0,"turns":4.0},{"damage":3.0,"enemies":"Book of Stabbing","floor":24.0,"turns":8.0},{"damage":11.0,"enemies":"Centurion and Healer","floor":25.0,"turns":7.0},{"damage":9.0,"enemies":"Snake Plant","floor":27.0,"turns":5.0},{"damage":1.0,"enemies":"Snecko","floor":29.0,"turns":5.0},{"damage":1.0,"enemies":"Centurion and Healer","floor":31.0,"turns":9.0},{"damage":0.0,"enemies":"Champ","floor":33.0,"turns":16.0},{"damage":0.0,"enemies":"Orb Walker","floor":35.0,"turns":5.0},{"damage":6.0,"enemies":"3 Darklings","floor":36.0,"turns":6.0},{"damage":0.0,"enemies":"Mind Bloom Boss Battle","floor":37.0,"turns":6.0},{"damage":20.0,"enemies":"Reptomancer","floor":40.0,"turns":9.0},{"damage":0,"enemies":"Spire Growth","floor":44,"turns":4},{"damage":0,"enemies":"Maw","floor":47,"turns":5},{"damage":7,"enemies":"3 Darklings","floor":48,"turns":5},{"damage":26,"enemies":"Awakened One","floor":50,"turns":11}],"seed_played":"2967577694695329540","potions_obtained":[{"floor":1.0,"key":"FearPotion"},{"floor":12.0,"key":"Ancient Potion"},{"floor":14.0,"key":"AttackPotion"},{"floor":19.0,"key":"PowerPotion"},{"floor":25.0,"key":"Energy Potion"},{"floor":27.0,"key":"BloodPotion"},{"floor":31.0,"key":"Poison Potion"},{"floor":33.0,"key":"BloodPotion"},{"floor":35.0,"key":"PowerPotion"},{"floor":40.0,"key":"Poison Potion"},{"floor":44,"key":"Swift Potion"}],"is_trial":false,"path_per_floor":["M","?","?","M","?","R","E","$","T","E","?","E","$","M","R","B",null,"M","M","?","$","T","R","E","M","T","M","$","M","?","M","R","B",null,"M","M","?","?","$","E","R","?","T","M","$","R","M","M","R","B",null],"character_chosen":"IRONCLAD","items_purchased":["Whetstone","Happy Flower","Body Slam","Metallicize"],"campfire_rested":1,"item_purchase_floors":[8,21,39,39],"current_hp_per_floor":[74,67,67,73,73,73,75,75,75,54,54,48,48,47,47,53,70,47,41,27,27,27,49,52,47,47,44,44,56,56,61,61,67,73,75,75,75,75,75,68,68,68,68,71,71,71,71,70,70,50],"gold":65,"neow_bonus":"THREE_ENEMY_KILL","is_prod":false,"is_daily":false,"chose_seed":false,"campfire_upgraded":6,"win_rate":0,"timestamp":1559245186,"path_taken":["M","?","?","?","?","R","E","?","T","E","?","E","$","M","R","BOSS","M","M","?","$","?","R","E","M","T","?","$","M","?","M","R","BOSS","M","M","?","?","$","E","R","?","T","M","$","R","M","M","R","BOSS"],"build_version":"2019-01-23","purchased_purges":6,"victory":true,"max_hp_per_floor":[75,75,75,75,75,75,75,75,75,75,75,75,75,75,75,75,75,75,75,75,75,75,75,75,75,75,75,75,75,75,75,75,75,75,75,75,75,75,75,75,75,71,71,71,71,71,71,71,71,71],"card_choices":[{"not_picked":["Pummel","Cleave"],"picked":"Clothesline","floor":1.0},{"not_picked":["Intimidate","Havoc"],"picked":"Ghostly Armor","floor":4.0},{"not_picked":["Havoc","Entrench"],"picked":"Dropkick","floor":7.0},{"not_picked":["Feel No Pain","Clash","Twin Strike"],"picked":"SKIP","floor":10.0},{"not_picked":["Sever Soul","Infernal Blade","Headbutt"],"picked":"SKIP","floor":12.0},{"not_picked":["Warcry","Flex"],"picked":"Barricade","floor":14.0},{"not_picked":["Offering","Exhume"],"picked":"Impervious","floor":16.0},{"not_picked":["Havoc","Perfected Strike","Clothesline"],"picked":"SKIP","floor":18.0},{"not_picked":["Anger","Twin Strike","Perfected Strike"],"picked":"SKIP","floor":19.0},{"not_picked":["Combust+1","Armaments"],"picked":"Impervious","floor":24.0},{"not_picked":["Clash","Cleave","Anger+1"],"picked":"SKIP","floor":25.0},{"not_picked":["Shrug It Off","True Grit"],"picked":"Metallicize+1","floor":27.0},{"not_picked":["Armaments","True Grit"],"picked":"Dropkick","floor":29.0},{"not_picked":["Clothesline","Exhume","Anger"],"picked":"SKIP","floor":31.0},{"not_picked":["Fiend Fire","Immolate"],"picked":"Juggernaut","floor":33.0},{"not_picked":["Fire Breathing","Heavy Blade","Warcry"],"picked":"SKIP","floor":35.0},{"not_picked":["Power Through","Cleave","Wild Strike"],"picked":"SKIP","floor":36.0},{"not_picked":["Infernal Blade+1","Spot Weakness","Burning Pact+1"],"picked":"SKIP","floor":40.0},{"not_picked":["Thunderclap+1","Sentinel","Clash+1"],"picked":"SKIP","floor":44},{"not_picked":["Bloodletting+1","Anger","Thunderclap"],"picked":"SKIP","floor":47},{"not_picked":["Uppercut","Thunderclap"],"picked":"Evolve","floor":48}],"player_experience":273793,"relics_obtained":[{"floor":7.0,"key":"Dodecahedron"},{"floor":9.0,"key":"Paper Frog"},{"floor":10.0,"key":"Oddly Smooth Stone"},{"floor":12.0,"key":"Sundial"},{"floor":22.0,"key":"Bottled Tornado"},{"floor":24.0,"key":"Ornamental Fan"},{"floor":26.0,"key":"Dream Catcher"},{"floor":37.0,"key":"Unceasing Top"},{"floor":40.0,"key":"Juzu Bracelet"}],"event_choices":[{"cards_removed":["Strike_R"],"damage_healed":0.0,"max_hp_gain":0.0,"max_hp_loss":0.0,"gold_gain":0.0,"event_name":"Golden Wing","player_choice":"Card Removal","floor":2.0,"gold_loss":0.0,"damage_taken":7.0},{"damage_healed":0.0,"max_hp_gain":0.0,"max_hp_loss":0.0,"gold_gain":0.0,"event_name":"FaceTrader","player_choice":"Trade","floor":3.0,"gold_loss":0.0,"damage_taken":0.0,"relics_obtained":["SsserpentHead"]},{"cards_removed":["Defend_R"],"damage_healed":0.0,"max_hp_gain":0.0,"max_hp_loss":0.0,"gold_gain":0.0,"event_name":"The Cleric","player_choice":"Card Removal","floor":5.0,"gold_loss":75.0,"damage_taken":0.0},{"damage_healed":0.0,"max_hp_gain":0.0,"max_hp_loss":0.0,"gold_gain":0.0,"event_name":"Liars Game","player_choice":"Ignored","floor":11.0,"gold_loss":0.0,"damage_taken":0.0},{"damage_healed":0.0,"max_hp_gain":0.0,"max_hp_loss":0.0,"gold_gain":90.0,"event_name":"Knowing Skull","player_choice":"GOLD ","floor":20.0,"potions_obtained":[],"gold_loss":0.0,"damage_taken":14.0,"cards_obtained":[]},{"damage_healed":0.0,"max_hp_gain":0.0,"max_hp_loss":0.0,"gold_gain":0.0,"event_name":"Addict","player_choice":"Obtained Relic","floor":30.0,"gold_loss":85.0,"damage_taken":0.0,"relics_obtained":["Tiny Chest"]},{"damage_healed":0.0,"max_hp_gain":0.0,"max_hp_loss":0.0,"gold_gain":0.0,"event_name":"MindBloom","player_choice":"Fight","floor":37.0,"gold_loss":0.0,"damage_taken":0.0},{"damage_healed":0.0,"max_hp_gain":0.0,"max_hp_loss":0.0,"gold_gain":0.0,"event_name":"Wheel of Change","player_choice":"Cursed","floor":38.0,"gold_loss":0.0,"damage_taken":0.0,"cards_obtained":["Decay"]},{"damage_healed":0.0,"max_hp_gain":0.0,"max_hp_loss":4.0,"gold_gain":0.0,"event_name":"Winding Halls","player_choice":"Max HP","floor":42.0,"gold_loss":0.0,"damage_taken":0.0}],"is_beta":false,"boss_relics":[{"not_picked":["Black Blood","Ectoplasm"],"picked":"Philosopher\u0027s Stone"},{"not_picked":["Velvet Choker","Runic Pyramid"],"picked":"Cursed Key"}],"items_purged_floors":[8,13,21,28,39,45],"is_endless":false,"potions_floor_spawned":[1,12,14,19,25,27,31,33,35,40,44],"ascension_level":15}