{"gold_per_floor":[15,15,31,51,51,51,79,89,89,89,102,102,102,126,126,246,246,262,262,537,15,30,30,54,54,103,53,87,87,123,144,144,144],"floor_reached":33,"playtime":914,"items_purged":["Regret","Strike_G"],"score":397,"play_id":"2d9437ae-7ce6-421c-9de4-6782dec5d467","local_time":"20190222133056","is_ascension_mode":true,"campfire_choices":[{"data":"A Thousand Cuts","floor":6,"key":"SMITH"},{"floor":10,"key":"REST"},{"data":"Deadly Poison","floor":12,"key":"SMITH"},{"data":"Bouncing Flask","floor":15,"key":"SMITH"},{"data":"Burst","floor":25,"key":"SMITH"},{"data":"Neutralize","floor":29,"key":"SMITH"},{"floor":32,"key":"REST"}],"neow_cost":"NO_GOLD","seed_source_timestamp":596507691020164,"circlet_count":0,"master_deck":["Defend_G","Defend_G","Defend_G","Defend_G","Strike_G","Strike_G","Strike_G","Survivor","Neutralize+1","A Thousand Cuts+1","Deadly Poison+1","Deflect","Deflect","Poisoned Stab","Bouncing Flask+1","Burst+1","Finesse+1","Backflip+1","Slice+1","Noxious Fumes+1"],"relics":["Ring of the Snake","The Courier","Smiling Mask","Ninja Scroll","Golden Idol","Eternal Feather","MutagenicStrength","Frozen Egg 2","Tiny Chest","Snake Skull","War Paint","Pear","Question Card"],"potions_floor_usage":[8,22,23,23,28,33],"damage_taken":[{"damage":5,"enemies":"Small Slimes","floor":1,"turns":4},{"damage":0,"enemies":"Cultist","floor":3,"turns":4},{"damage":3,"enemies":"2 Louse","floor":4,"turns":2},{"damage":16,"enemies":"Lagavulin","floor":7,"turns":7},{"damage":12,"enemies":"Exordium Thugs","floor":8,"turns":4},{"damage":5,"enemies":"Blue Slaver","floor":11,"turns":3},{"damage":3,"enemies":"Lots of Slimes","floor":14,"turns":3},{"damage":14,"enemies":"The Guardian","floor":16,"turns":8},{"damage":0,"enemies":"Spheric Guardian","floor":18,"turns":3},{"damage":19,"enemies":"2 Thieves","floor":22,"turns":2},{"damage":5,"enemies":"Book of Stabbing","floor":23,"turns":4},{"damage":3,"enemies":"Snecko","floor":24,"turns":3},{"damage":13,"enemies":"Gremlin Leader","floor":28,"turns":5},{"damage":29,"enemies":"Slavers","floor":30,"turns":7},{"damage":7,"enemies":"3 Cultists","floor":31,"turns":5},{"damage":53,"enemies":"Automaton","floor":33,"turns":6}],"seed_played":"1295502172666948156","potions_obtained":[{"floor":3,"key":"SmokeBomb"},{"floor":4,"key":"Fire Potion"},{"floor":8,"key":"Strength Potion"},{"floor":14,"key":"AttackPotion"},{"floor":18,"key":"Fire Potion"},{"floor":22,"key":"Weak Potion"},{"floor":30,"key":"SmokeBomb"},{"floor":31,"key":"Dexterity Potion"}],"is_trial":false,"path_per_floor":["M","?","M","M","T","R","E","M","T","R","M","R","?","M","R","B",null,"M","?","?","$","M","E","M","R","T","$","E","R","E","M","R","B"],"character_chosen":"THE_SILENT","items_purchased":["Finesse","Frozen Egg 2","Tiny Chest","Snake Skull"],"campfire_rested":2,"item_purchase_floors":[21,21,21,21],"current_hp_per_floor":[58,58,58,55,55,55,39,27,27,48,43,43,43,40,40,26,55,55,55,55,55,36,31,28,40,40,40,37,46,17,10,44,0],"gold":144,"neow_bonus":"TRANSFORM_TWO_CARDS","is_prod":false,"is_daily":false,"chose_seed":false,"campfire_upgraded":5,"win_rate":0,"timestamp":1550838656,"path_taken":["M","?","?","M","?","R","E","M","T","R","M","R","?","M","R","BOSS","M","?","?","$","M","E","M","R","T","$","E","R","E","M","R","BOSS"],"build_version":"2019-01-23","purchased_purges":2,"victory":false,"max_hp_per_floor":[70,70,70,70,70,70,70,70,70,70,70,70,65,65,65,65,65,65,65,65,65,65,65,65,65,65,65,75,75,75,75,75,75],"card_choices":[{"not_picked":["Sucker Punch","Slice"],"picked":"Deflect","floor":1},{"not_picked":["Endless Agony","Quick Slash"],"picked":"Deflect","floor":3},{"not_picked":["Well Laid Plans","Tactician","Endless Agony"],"picked":"SKIP","floor":4},{"not_picked":["Flechettes","Tactician"],"picked":"Poisoned Stab","floor":7},{"not_picked":["Terror","Deflect"],"picked":"Bouncing Flask","floor":8},{"not_picked":["Prepared","Underhanded Strike","Dodge and Roll"],"picked":"SKIP","floor":11},{"not_picked":["Flying Knee","Backflip","Die Die Die"],"picked":"SKIP","floor":14},{"not_picked":["A Thousand Cuts","Grand Finale"],"picked":"Burst","floor":16},{"not_picked":["Flying Knee","Outmaneuver","Acrobatics"],"picked":"SKIP","floor":18},{"not_picked":["Flying Knee","Dodge and Roll"],"picked":"Backflip","floor":22},{"not_picked":["Bouncing Flask","Blade Dance"],"picked":"Slice+1","floor":24},{"not_picked":["Quick Slash","Dagger Throw","PiercingWail"],"picked":"SKIP","floor":28},{"not_picked":["Bane","Dash"],"picked":"Noxious Fumes+1","floor":30},{"not_picked":["Bullet Time","Endless Agony","Masterful Stab","Slice"],"picked":"SKIP","floor":31}],"player_experience":83066,"relics_obtained":[{"floor":5,"key":"The Courier"},{"floor":7,"key":"Smiling Mask"},{"floor":9,"key":"Ninja Scroll"},{"floor":26,"key":"War Paint"},{"floor":28,"key":"Pear"},{"floor":30,"key":"Question Card"}],"event_choices":[{"damage_healed":0,"gold_gain":0,"player_choice":"Ignored","damage_taken":0,"max_hp_gain":0,"max_hp_loss":0,"event_name":"WeMeetAgain","floor":2,"gold_loss":0},{"damage_healed":0,"gold_gain":0,"player_choice":"Lose Max HP","damage_taken":0,"relics_obtained":["Golden Idol"],"max_hp_gain":0,"max_hp_loss":5,"event_name":"Golden Idol","floor":13,"gold_loss":0},{"damage_healed":0,"gold_gain":0,"player_choice":"Inject Mutagens","damage_taken":0,"relics_obtained":["MutagenicStrength"],"max_hp_gain":0,"max_hp_loss":0,"event_name":"Drug Dealer","floor":19,"gold_loss":0},{"damage_healed":0,"gold_gain":275,"player_choice":"Desecrate","damage_taken":0,"max_hp_gain":0,"max_hp_loss":0,"event_name":"Golden Shrine","floor":20,"gold_loss":0,"cards_obtained":["Regret"]}],"is_beta":false,"boss_relics":[{"not_picked":["WristBlade","Black Star"],"picked":"Eternal Feather"}],"items_purged_floors":[21,27],"is_endless":false,"potions_floor_spawned":[3,4,8,14,18,22,30,31],"killed_by":"Automaton","ascension_level":6}