{"gold_per_floor":[214,214,228,153,153,197,197,217,243,243,258,297,297,297,297,425,425,448,93,116,241,272,272,308,308,308,346,372,372,407,421,421,542,542,567,567,136,152,152,177,177,210,222,58,83,83,106,175,175,175],"floor_reached":51,"playtime":2287,"items_purged":["Strike_B","Defend_B","Strike_B"],"score":903,"play_id":"48fb595a-2db1-41af-89db-99c4112bcdae","local_time":"20190128004728","is_ascension_mode":true,"campfire_choices":[{"data":"Dualcast","floor":7.0,"key":"SMITH"},{"floor":10.0,"key":"REST"},{"data":"Hologram","floor":13.0,"key":"SMITH"},{"data":"Scrape","floor":15.0,"key":"SMITH"},{"data":"Buffer","floor":23.0,"key":"SMITH"},{"data":"Self Repair","floor":25.0,"key":"SMITH"},{"data":"Rip and Tear","floor":29.0,"key":"SMITH"},{"data":"Machine Learning","floor":32.0,"key":"SMITH"},{"data":"Seek","floor":41,"key":"SMITH"},{"data":"Defragment","floor":46,"key":"SMITH"},{"data":"Steam","floor":49,"key":"SMITH"}],"neow_cost":"NONE","seed_source_timestamp":0,"circlet_count":0,"master_deck":["Defend_B","Defend_B+1","Zap+1","Dualcast+1","Rip and Tear+1","Scrape+1","Steam+1","Hologram+1","Buffer+1","Self Repair+1","Glacier","Cold Snap+1","Hologram+1","Capacitor+1","Machine Learning+1","Seek+1","Gash+1","Blind+1","Beam Cell","Master of Strategy","Go for the Eyes+1","Steam","Machine Learning","Gash","Defragment+1","Steam+1","Gash+1"],"special_seed":0,"relics":["Cracked Core","Golden Idol","Pen Nib","Bronze Scales","Thread and Needle","Philosopher\u0027s Stone","Lantern","Ginger","Bottled Lightning","Red Mask","War Paint","Bird Faced Urn","Orichalcum","Omamori","Art of War","Empty Cage","MawBank","Meat on the Bone","Unceasing Top"],"potions_floor_usage":[42,42,48,50,50,50],"damage_taken":[{"damage":1.0,"enemies":"Cultist","floor":1.0,"turns":3.0},{"damage":2.0,"enemies":"2 Louse","floor":3.0,"turns":2.0},{"damage":30.0,"enemies":"3 Sentries","floor":6.0,"turns":5.0},{"damage":0.0,"enemies":"Small Slimes","floor":8.0,"turns":4.0},{"damage":3.0,"enemies":"2 Fungi Beasts","floor":11.0,"turns":3.0},{"damage":6.0,"enemies":"Gremlin Nob","floor":12.0,"turns":3.0},{"damage":10.0,"enemies":"The Guardian","floor":16.0,"turns":9.0},{"damage":4.0,"enemies":"3 Byrds","floor":18.0,"turns":1.0},{"damage":8.0,"enemies":"2 Thieves","floor":20.0,"turns":3.0},{"damage":9.0,"enemies":"Colosseum Slavers","floor":21.0,"turns":3.0},{"damage":32.0,"enemies":"Colosseum Nobs","floor":21.0,"turns":6.0},{"damage":0.0,"enemies":"Masked Bandits","floor":22.0,"turns":4.0},{"damage":19.0,"enemies":"Slavers","floor":24.0,"turns":5.0},{"damage":0.0,"enemies":"Book of Stabbing","floor":27.0,"turns":5.0},{"damage":36.0,"enemies":"Gremlin Leader","floor":30.0,"turns":10.0},{"damage":0.0,"enemies":"Snecko","floor":31.0,"turns":6.0},{"damage":0.0,"enemies":"Champ","floor":33.0,"turns":16.0},{"damage":0,"enemies":"3 Darklings","floor":35,"turns":7},{"damage":0,"enemies":"3 Shapes","floor":38,"turns":3},{"damage":0,"enemies":"Transient","floor":40,"turns":5},{"damage":0,"enemies":"Reptomancer","floor":42,"turns":10},{"damage":17,"enemies":"3 Darklings","floor":45,"turns":6},{"damage":0,"enemies":"Writhing Mass","floor":47,"turns":6},{"damage":0,"enemies":"2 Orb Walkers","floor":48,"turns":5},{"damage":13,"enemies":"Donu and Deca","floor":50,"turns":10}],"seed_played":"3505205908165944275","potions_obtained":[{"floor":6.0,"key":"Regen Potion"},{"floor":11.0,"key":"Explosive Potion"},{"floor":20.0,"key":"PowerPotion"},{"floor":21.0,"key":"Explosive Potion"},{"floor":22.0,"key":"Regen Potion"},{"floor":24.0,"key":"Block Potion"},{"floor":30.0,"key":"Explosive Potion"},{"floor":35,"key":"Strength Potion"},{"floor":40,"key":"LiquidBronze"},{"floor":42,"key":"Ancient Potion"},{"floor":47,"key":"PowerPotion"},{"floor":48,"key":"Fire Potion"}],"is_trial":false,"path_per_floor":["M","?","M","$","?","E","R","M","T","R","M","E","R","?","R","B",null,"M","$","M","?","?","R","E","R","T","E","T","R","E","M","R","B",null,"M","?","$","M","?","M","R","E","T","$","M","R","M","?","R","B",null],"character_chosen":"DEFECT","items_purchased":["Lantern","Go for the Eyes","Fire Potion","Blind","Beam Cell","Master of Strategy","Gash","Defragment","Steam"],"campfire_rested":1,"item_purchase_floors":[19,19,19,37,37,37,44,44,44],"current_hp_per_floor":[74,56,54,54,54,24,24,36,36,58,55,49,49,42,42,32,75,71,71,70,43,50,50,45,45,45,57,57,57,35,51,51,69,75,75,75,75,75,75,75,75,75,75,75,74,74,75,75,75,75],"gold":175,"neow_bonus":"HUNDRED_GOLD","is_prod":false,"is_daily":false,"chose_seed":false,"campfire_upgraded":10,"win_rate":0,"timestamp":1548632848,"path_taken":["M","?","M","$","?","E","R","M","T","R","M","E","R","?","R","BOSS","M","$","M","?","?","R","E","R","T","E","?","R","E","M","R","BOSS","M","?","$","M","?","M","R","E","T","$","M","R","?","?","R","BOSS"],"build_version":"2019-01-23","purchased_purges":3,"victory":true,"max_hp_per_floor":[75,75,75,75,75,75,75,75,75,75,75,75,75,75,75,75,75,75,75,75,75,75,75,75,75,75,75,75,75,75,75,75,75,75,75,75,75,75,75,75,75,75,75,75,75,75,75,75,75,75],"card_choices":[{"not_picked":["Hologram","Barrage"],"picked":"Rip and Tear","floor":1.0},{"not_picked":["Blizzard","Leap"],"picked":"Scrape","floor":3.0},{"not_picked":["Conserve Battery","Rip and Tear"],"picked":"Steam","floor":6.0},{"not_picked":["Double Energy","Reboot","Doom and Gloom"],"picked":"SKIP","floor":8.0},{"not_picked":["Stack","Self Repair"],"picked":"Hologram","floor":11.0},{"not_picked":["Compile Driver","Sweeping Beam","Conserve Battery"],"picked":"SKIP","floor":12.0},{"not_picked":["Amplify","Electrodynamics"],"picked":"Buffer","floor":16.0},{"not_picked":["Rip and Tear","Chill"],"picked":"Self Repair","floor":18.0},{"not_picked":["Barrage","Reinforced Body","Force Field"],"picked":"SKIP","floor":20.0},{"not_picked":["Turbo","Go for the Eyes"],"picked":"Glacier","floor":21.0},{"not_picked":["Ball Lightning+1","Barrage"],"picked":"Cold Snap+1","floor":22.0},{"not_picked":["Fission","Turbo+1"],"picked":"Hologram+1","floor":24.0},{"not_picked":["Genetic Algorithm","Sunder","Hyperbeam"],"picked":"SKIP","floor":27.0},{"not_picked":["Streamline","Coolheaded"],"picked":"Capacitor+1","floor":30.0},{"not_picked":["Go for the Eyes+1","Stack"],"picked":"Machine Learning","floor":31.0},{"not_picked":["Fission","Reboot"],"picked":"Seek","floor":33.0},{"not_picked":["Coolheaded+1","Hologram"],"picked":"Gash+1","floor":35},{"not_picked":["Steam","Skim"],"picked":"Go for the Eyes+1","floor":38},{"not_picked":["Compile Driver","Rebound+1"],"picked":"Steam","floor":40},{"not_picked":["BootSequence","Chill"],"picked":"Machine Learning","floor":42},{"not_picked":["Consume","Hologram+1"],"picked":"Gash+1","floor":45},{"not_picked":["Coolheaded+1","Recycle","Cold Snap+1"],"picked":"SKIP","floor":47}],"player_experience":17654,"relics_obtained":[{"floor":6.0,"key":"Pen Nib"},{"floor":9.0,"key":"Bronze Scales"},{"floor":12.0,"key":"Thread and Needle"},{"floor":21.0,"key":"Ginger"},{"floor":21.0,"key":"Bottled Lightning"},{"floor":22.0,"key":"Red Mask"},{"floor":24.0,"key":"War Paint"},{"floor":26.0,"key":"Bird Faced Urn"},{"floor":27.0,"key":"Orichalcum"},{"floor":28.0,"key":"Omamori"},{"floor":30.0,"key":"Art of War"},{"floor":42,"key":"MawBank"},{"floor":43,"key":"Meat on the Bone"},{"floor":48,"key":"Unceasing Top"}],"event_choices":[{"damage_healed":0.0,"max_hp_gain":0.0,"max_hp_loss":0.0,"gold_gain":0.0,"event_name":"Golden Idol","player_choice":"Take Damage","floor":2.0,"gold_loss":0.0,"damage_taken":18.0,"relics_obtained":["Golden Idol"]},{"damage_healed":0.0,"max_hp_gain":0.0,"max_hp_loss":0.0,"gold_gain":0.0,"event_name":"Living Wall","player_choice":"Grow","floor":5.0,"gold_loss":0.0,"damage_taken":0.0,"cards_upgraded":["Zap"]},{"cards_removed":["Strike_B"],"damage_healed":0.0,"max_hp_gain":0.0,"max_hp_loss":0.0,"gold_gain":0.0,"event_name":"Golden Wing","player_choice":"Card Removal","floor":14.0,"gold_loss":0.0,"damage_taken":7.0},{"damage_healed":0.0,"max_hp_gain":0.0,"max_hp_loss":0.0,"gold_gain":0.0,"event_name":"Colosseum","player_choice":"Fight","floor":21.0,"gold_loss":0.0,"damage_taken":0.0},{"damage_healed":0.0,"max_hp_gain":0.0,"max_hp_loss":0.0,"gold_gain":0.0,"event_name":"Colosseum","player_choice":"Fought Nobs","floor":21.0,"gold_loss":0.0,"damage_taken":0.0},{"damage_healed":0.0,"max_hp_gain":0.0,"max_hp_loss":0.0,"gold_gain":0.0,"event_name":"Masked Bandits","player_choice":"Fought Bandits","floor":22.0,"gold_loss":0.0,"damage_taken":0.0},{"cards_removed":["Go for the Eyes"],"damage_healed":0,"gold_gain":0,"player_choice":"Removed Attack","damage_taken":0,"max_hp_gain":0,"max_hp_loss":0,"event_name":"Falling","floor":36,"gold_loss":0},{"damage_healed":0,"gold_gain":0,"player_choice":"Forge","damage_taken":0,"max_hp_gain":0,"max_hp_loss":0,"event_name":"Accursed Blacksmith","floor":39,"gold_loss":0,"cards_upgraded":["Blind"]},{"damage_healed":0,"gold_gain":0,"player_choice":"Fight","damage_taken":0,"max_hp_gain":0,"max_hp_loss":0,"event_name":"Mysterious Sphere","floor":48,"gold_loss":0}],"is_beta":false,"boss_relics":[{"not_picked":["White Beast Statue","Snecko Eye"],"picked":"Philosopher\u0027s Stone"},{"not_picked":["Lizard Tail","Tiny House"],"picked":"Empty Cage"}],"items_purged_floors":[4,19,37],"is_endless":false,"potions_floor_spawned":[6,11,20,21,22,24,30,35,40,42,47,48],"ascension_level":1}