{"gold_per_floor":[116,291,291,291,302,302,252,286,286,286,286,297,317,317],"floor_reached":14,"playtime":217,"items_purged":[],"score":135,"play_id":"a5fea1eb-67be-49ec-baf8-8f6449bcaeae","local_time":"20190508153613","is_ascension_mode":true,"campfire_choices":[{"data":"Zap","floor":6,"key":"SMITH"},{"data":"Zap","floor":10,"key":"SMITH"}],"neow_cost":"NONE","seed_source_timestamp":2401350647166500,"circlet_count":0,"master_deck":["AscendersBane","Strike_B","Strike_B","Strike_B","Defend_B","Defend_B","Defend_B","Defend_B+1","Zap+1","Dualcast","Sunder","Zap+1","Madness+1","Loop+1"],"relics":["Cracked Core","Juzu Bracelet","Spirit Poop","Frozen Egg 2","Singing Bowl"],"potions_floor_usage":[8],"damage_taken":[{"damage":7,"enemies":"Jaw Worm","floor":1,"turns":3},{"damage":0,"enemies":"Small Slimes","floor":5,"turns":3},{"damage":15,"enemies":"3 Sentries","floor":8,"turns":5},{"damage":1,"enemies":"Cultist","floor":12,"turns":3},{"damage":22,"enemies":"Gremlin Gang","floor":13,"turns":3},{"damage":19,"enemies":"3 Louse","floor":14,"turns":2}],"seed_played":"-7256233718628876848","potions_obtained":[{"floor":1,"key":"FocusPotion"},{"floor":12,"key":"Dexterity Potion"},{"floor":13,"key":"FairyPotion"}],"is_trial":false,"path_per_floor":["M","?","?","?","M","R","?","E","T","R","?","M","M","M"],"character_chosen":"DEFECT","items_purchased":[],"campfire_rested":0,"item_purchase_floors":[],"current_hp_per_floor":[61,61,61,61,61,61,61,46,46,46,31,30,10,0],"gold":317,"neow_bonus":"RANDOM_COMMON_RELIC","is_prod":false,"is_daily":false,"chose_seed":false,"campfire_upgraded":2,"win_rate":0,"timestamp":1557322573,"path_taken":["M","?","?","?","M","R","?","E","T","R","?","M","M","M"],"build_version":"2019-01-23","purchased_purges":0,"victory":false,"max_hp_per_floor":[75,75,75,75,75,75,75,75,75,75,75,75,77,77],"card_choices":[{"not_picked":["Chaos","Ball Lightning"],"picked":"Sunder","floor":1},{"not_picked":["Hello World","Beam Cell","Blizzard"],"picked":"SKIP","floor":5},{"not_picked":["Skim","White Noise","Turbo"],"picked":"SKIP","floor":8},{"not_picked":["Streamline","Ball Lightning"],"picked":"Loop+1","floor":12},{"not_picked":["Stack","Chaos","Gash"],"picked":"Singing Bowl","floor":13}],"player_experience":198435,"relics_obtained":[{"floor":8,"key":"Frozen Egg 2"},{"floor":9,"key":"Singing Bowl"}],"event_choices":[{"damage_healed":0,"gold_gain":175,"player_choice":"AGREE","damage_taken":0,"max_hp_gain":0,"max_hp_loss":0,"event_name":"Liars Game","floor":2,"gold_loss":0,"cards_obtained":["Doubt"]},{"damage_healed":0,"gold_gain":0,"player_choice":"2 cards matched","damage_taken":0,"max_hp_gain":0,"max_hp_loss":0,"event_name":"Match and Keep!","floor":3,"gold_loss":0,"cards_obtained":["Zap","Madness"]},{"cards_removed":["Doubt"],"damage_healed":0,"gold_gain":0,"player_choice":"Offered Curse","damage_taken":0,"relics_obtained":["Spirit Poop"],"max_hp_gain":0,"max_hp_loss":0,"event_name":"Bonfire Elementals","floor":4,"gold_loss":0},{"cards_removed":["Strike_B"],"damage_healed":0,"gold_gain":0,"player_choice":"Card Removal","damage_taken":0,"max_hp_gain":0,"max_hp_loss":0,"event_name":"The Cleric","floor":7,"gold_loss":50},{"damage_healed":0,"gold_gain":0,"player_choice":"Entered Light","damage_taken":15,"max_hp_gain":0,"max_hp_loss":0,"event_name":"Shining Light","floor":11,"gold_loss":0,"cards_upgraded":["Madness","Defend_B"]}],"is_beta":false,"boss_relics":[],"items_purged_floors":[],"is_endless":false,"potions_floor_spawned":[1,12,13],"killed_by":"3 Louse","ascension_level":11}