{"gold_per_floor":[114,132,152,164,177,177,206,206,206,236,256,274,286,286,286,386,386,355,355,454,153,164,164,182,195,219,229,15,25,25],"floor_reached":30,"playtime":2457,"items_purged":["Strike_G"],"score":248,"play_id":"132aa874-278e-4d8a-8bda-3fbd2a3f8137","local_time":"20190529202455","is_ascension_mode":false,"campfire_choices":[{"data":"Noxious Fumes","floor":6,"key":"SMITH"},{"floor":15,"key":"REST"}],"neow_cost":"NONE","seed_source_timestamp":1000640163827414,"circlet_count":0,"master_deck":["Defend_G","Defend_G","Defend_G","Defend_G","Defend_G","Strike_G","Strike_G","Strike_G+1","Strike_G+1","Survivor","Neutralize+1","Well Laid Plans","Deadly Poison","Catalyst","Noxious Fumes+1","Blade Dance","Escape Plan","Blade Dance","Deflect","Blade Dance","Catalyst","Malaise","Blur","Deadly Poison","Crippling Poison+1","Noxious Fumes+1","Acrobatics+1","Leg Sweep+1","Bandage Up","Deflect","Footwork"],"relics":["Ring of the Snake","Dream Catcher","Letter Opener","Paper Crane","Snake Skull","Happy Flower"],"potions_floor_usage":[7,7,10,16,24,24,25],"damage_taken":[{"damage":3,"enemies":"2 Louse","floor":1,"turns":4},{"damage":0,"enemies":"Small Slimes","floor":2,"turns":3},{"damage":0,"enemies":"Jaw Worm","floor":3,"turns":4},{"damage":0,"enemies":"Blue Slaver","floor":4,"turns":6},{"damage":5,"enemies":"3 Louse","floor":5,"turns":5},{"damage":16,"enemies":"Gremlin Nob","floor":7,"turns":4},{"damage":6,"enemies":"3 Sentries","floor":10,"turns":7},{"damage":8,"enemies":"Lots of Slimes","floor":11,"turns":5},{"damage":10,"enemies":"Exordium Wildlife","floor":12,"turns":5},{"damage":0,"enemies":"Exordium Thugs","floor":13,"turns":3},{"damage":13,"enemies":"Hexaghost","floor":16,"turns":8},{"damage":22,"enemies":"2 Thieves","floor":18,"turns":5},{"damage":2,"enemies":"Shell Parasite","floor":22,"turns":4},{"damage":5,"enemies":"Centurion and Healer","floor":24,"turns":4},{"damage":17,"enemies":"3 Cultists","floor":25,"turns":5},{"damage":6,"enemies":"Cultist and Chosen","floor":27,"turns":5},{"damage":1,"enemies":"Snecko","floor":29,"turns":5},{"damage":12,"enemies":"Centurion and Healer","floor":30,"turns":3}],"seed_played":"-5452068379217552508","potions_obtained":[{"floor":2,"key":"Strength Potion"},{"floor":3,"key":"AttackPotion"},{"floor":5,"key":"SteroidPotion"},{"floor":13,"key":"Weak Potion"},{"floor":16,"key":"Energy Potion"},{"floor":18,"key":"Weak Potion"},{"floor":27,"key":"Ancient Potion"},{"floor":29,"key":"Strength Potion"}],"is_trial":false,"path_per_floor":["M","M","M","M","M","R","E","?","T","E","M","M","M","?","R","B",null,"M","?","?","$","M","?","M","M","T","M","$","M","M"],"character_chosen":"THE_SILENT","items_purchased":["Snake Skull","Deadly Poison","Fire Potion","Bandage Up","Deflect","Footwork"],"campfire_rested":1,"item_purchase_floors":[21,21,21,28,28,28],"current_hp_per_floor":[67,67,67,67,62,62,46,32,32,26,18,8,8,31,52,39,70,48,35,35,35,33,33,28,11,11,5,5,8,0],"gold":25,"neow_bonus":"UPGRADE_CARD","is_prod":false,"is_daily":false,"chose_seed":false,"campfire_upgraded":1,"win_rate":0.0,"timestamp":1559183095,"path_taken":["M","M","M","M","M","R","E","?","T","E","M","M","M","?","R","BOSS","M","?","?","$","M","?","?","M","T","M","?","M","M"],"build_version":"2019-01-23","purchased_purges":1,"victory":false,"max_hp_per_floor":[70,70,70,70,70,70,70,70,70,70,70,70,70,70,70,70,70,70,75,75,75,75,75,75,75,75,75,75,75,75],"card_choices":[{"not_picked":["Poisoned Stab","Skewer"],"picked":"Well Laid Plans","floor":1},{"not_picked":["Predator","Underhanded Strike"],"picked":"Deadly Poison","floor":2},{"not_picked":["PiercingWail","Reflex","Finisher"],"picked":"SKIP","floor":3},{"not_picked":["Prepared","Tactician"],"picked":"Catalyst","floor":4},{"not_picked":["Backstab","Sucker Punch"],"picked":"Noxious Fumes","floor":5},{"not_picked":["Night Terror","Quick Slash"],"picked":"Blade Dance","floor":7},{"not_picked":["Underhanded Strike","Masterful Stab"],"picked":"Escape Plan","floor":10},{"not_picked":["Masterful Stab","Terror"],"picked":"Blade Dance","floor":11},{"not_picked":["Deadly Poison","Masterful Stab"],"picked":"Deflect","floor":12},{"not_picked":["Slice","Dagger Throw"],"picked":"Blade Dance","floor":13},{"not_picked":["Footwork","Reflex"],"picked":"Catalyst","floor":15},{"not_picked":["Tools of the Trade","Doppelganger"],"picked":"Malaise","floor":16},{"not_picked":["Leg Sweep","Terror"],"picked":"Blur","floor":18},{"not_picked":["Distraction","Flying Knee"],"picked":"Crippling Poison+1","floor":22},{"not_picked":["Sucker Punch","Calculated Gamble"],"picked":"Acrobatics+1","floor":24},{"not_picked":["Deadly Poison+1","Terror"],"picked":"Leg Sweep+1","floor":25},{"not_picked":["Quick Slash","Flechettes","Sucker Punch"],"picked":"SKIP","floor":27},{"not_picked":["Bane","Flying Knee","Calculated Gamble"],"picked":"SKIP","floor":29}],"player_experience":17972,"relics_obtained":[{"floor":7,"key":"Dream Catcher"},{"floor":9,"key":"Letter Opener"},{"floor":10,"key":"Paper Crane"},{"floor":26,"key":"Happy Flower"}],"event_choices":[{"damage_healed":0,"gold_gain":0,"player_choice":"Entered Light","damage_taken":14,"max_hp_gain":0,"max_hp_loss":0,"event_name":"Shining Light","floor":8,"gold_loss":0,"cards_upgraded":["Strike_G","Strike_G"]},{"damage_healed":23,"gold_gain":0,"player_choice":"Banana","damage_taken":0,"max_hp_gain":0,"max_hp_loss":0,"event_name":"Big Fish","floor":14,"gold_loss":0},{"damage_healed":0,"gold_gain":0,"player_choice":"Shed Blood","damage_taken":18,"max_hp_gain":5,"max_hp_loss":0,"event_name":"Forgotten Altar","floor":19,"gold_loss":0},{"damage_healed":0,"gold_gain":99,"player_choice":"Stole From Cult","damage_taken":0,"max_hp_gain":0,"max_hp_loss":0,"event_name":"Nest","floor":20,"gold_loss":0},{"damage_healed":0,"gold_gain":0,"player_choice":"Copied","damage_taken":0,"max_hp_gain":0,"max_hp_loss":0,"event_name":"Duplicator","floor":23,"gold_loss":0,"cards_obtained":["Noxious Fumes"]}],"is_beta":false,"boss_relics":[{"not_picked":["Coffee Dripper","Busted Crown","Velvet Choker"]}],"items_purged_floors":[21],"is_endless":false,"potions_floor_spawned":[2,3,5,13,16,18,27,29],"killed_by":"Centurion and Healer","ascension_level":0}