{"gold_per_floor":[110,122,47,60,75,75,107,107,131,141,141,41,52,71,71,175,175,191,191,191,218,218,218,233,108,157,172,172,196,212,229,229,331,331,350,153,163,143,159,172,172,97,97,116,126,126,197,210,210,210],"floor_reached":50,"playtime":1773,"items_purged":["Strike_R","Defend_R","Defend_R","Strike_R"],"score":470,"play_id":"c84929f1-502b-49f8-bced-c2b77e71dfc9","local_time":"20190129151334","is_ascension_mode":true,"campfire_choices":[{"data":"Rampage","floor":6,"key":"SMITH"},{"data":"Disarm","floor":8,"key":"SMITH"},{"data":"Flame Barrier","floor":11,"key":"SMITH"},{"data":"Flame Barrier","floor":15,"key":"SMITH"},{"data":"Metallicize","floor":23,"key":"SMITH"},{"data":"Bash","floor":28,"key":"SMITH"},{"data":"Double Tap","floor":32,"key":"SMITH"},{"data":"Barricade","floor":41,"key":"SMITH"},{"data":"Shrug It Off","floor":46,"key":"SMITH"},{"data":"Defend_R","floor":49,"key":"SMITH"}],"neow_cost":"NONE","seed_source_timestamp":51577943685765,"circlet_count":0,"master_deck":["Strike_R+1","Strike_R+1","Defend_R","Defend_R+1","Bash+1","Rampage+1","Disarm+1","Flame Barrier+1","Flame Barrier+1","Double Tap+1","Headbutt","Metallicize+1","Flame Barrier+1","Barricade+1","Shrug It Off+1","Seeing Red+1","Body Slam+1"],"relics":["Burning Blood","Oddly Smooth Stone","Whetstone","Eternal Feather","Red Mask","Orichalcum","PreservedInsect","Runic Dome","Molten Egg 2","Pear"],"potions_floor_usage":[5,16,21,27,33,35,39,39,48,50,50],"damage_taken":[{"damage":3,"enemies":"2 Louse","floor":1,"turns":3},{"damage":1,"enemies":"Jaw Worm","floor":2,"turns":3},{"damage":0,"enemies":"Small Slimes","floor":4,"turns":3},{"damage":15,"enemies":"Exordium Thugs","floor":5,"turns":5},{"damage":16,"enemies":"Gremlin Nob","floor":7,"turns":4},{"damage":0,"enemies":"Looter","floor":10,"turns":4},{"damage":0,"enemies":"Exordium Wildlife","floor":13,"turns":3},{"damage":0,"enemies":"Large Slime","floor":14,"turns":7},{"damage":13,"enemies":"The Guardian","floor":16,"turns":9},{"damage":5,"enemies":"Chosen","floor":18,"turns":6},{"damage":31,"enemies":"Masked Bandits","floor":21,"turns":8},{"damage":2,"enemies":"3 Byrds","floor":24,"turns":4},{"damage":0,"enemies":"Centurion and Healer","floor":27,"turns":5},{"damage":0,"enemies":"Snake Plant","floor":30,"turns":4},{"damage":0,"enemies":"Snecko","floor":31,"turns":5},{"damage":43,"enemies":"Collector","floor":33,"turns":11},{"damage":20,"enemies":"Orb Walker","floor":35,"turns":5},{"damage":0,"enemies":"3 Shapes","floor":37,"turns":8},{"damage":10,"enemies":"Sphere and 2 Shapes","floor":39,"turns":8},{"damage":12,"enemies":"4 Shapes","floor":40,"turns":11},{"damage":0,"enemies":"Maw","floor":44,"turns":11},{"damage":7,"enemies":"Sphere and 2 Shapes","floor":45,"turns":8},{"damage":3,"enemies":"Spire Growth","floor":48,"turns":6},{"damage":154,"enemies":"Donu and Deca","floor":50,"turns":11}],"seed_played":"5281029999563587609","potions_obtained":[{"floor":1,"key":"Explosive Potion"},{"floor":2,"key":"SteroidPotion"},{"floor":10,"key":"Energy Potion"},{"floor":13,"key":"Block Potion"},{"floor":14,"key":"Dexterity Potion"},{"floor":18,"key":"GamblersBrew"},{"floor":31,"key":"Explosive Potion"},{"floor":33,"key":"SkillPotion"},{"floor":35,"key":"Fire Potion"},{"floor":37,"key":"Energy Potion"},{"floor":38,"key":"Regen Potion"},{"floor":40,"key":"Dexterity Potion"},{"floor":45,"key":"Ancient Potion"}],"is_trial":false,"path_per_floor":["M","M","$","M","M","R","E","R","T","M","R","$","M","M","R","B",null,"M","?","?","?","?","R","M","$","T","M","R","T","M","M","R","B",null,"M","$","M","?","M","M","R","$","T","M","M","R","T","M","R","B"],"character_chosen":"IRONCLAD","items_purchased":["Shrug It Off","Regen Potion"],"campfire_rested":0,"item_purchase_floors":[36,42],"current_hp_per_floor":[80,80,80,80,71,71,61,61,61,67,67,67,73,79,79,72,80,80,80,80,55,55,61,65,65,65,71,77,77,80,80,80,43,80,66,66,72,72,68,62,71,71,71,77,76,80,90,90,90,0],"gold":210,"neow_bonus":"REMOVE_CARD","is_prod":false,"is_daily":false,"chose_seed":false,"campfire_upgraded":10,"win_rate":0,"timestamp":1548771214,"path_taken":["M","M","$","M","M","R","E","R","T","M","R","$","M","M","R","BOSS","M","?","?","?","?","R","M","$","T","M","R","?","M","M","R","BOSS","M","$","M","?","M","M","R","$","T","M","?","R","?","M","R","BOSS"],"build_version":"2019-01-23","purchased_purges":4,"victory":false,"max_hp_per_floor":[80,80,80,80,80,80,80,80,80,80,80,80,80,80,80,80,80,80,80,80,80,80,80,80,80,80,80,80,80,80,80,80,80,80,80,80,80,80,80,80,80,80,80,80,80,80,90,90,90,90],"card_choices":[{"not_picked":["Wild Strike","Pummel"],"picked":"Rampage","floor":1},{"not_picked":["Clash","Warcry"],"picked":"Disarm","floor":2},{"not_picked":["Body Slam","Clothesline","Cleave"],"picked":"SKIP","floor":4},{"not_picked":["Power Through","Heavy Blade"],"picked":"Flame Barrier","floor":5},{"not_picked":["Intimidate","Seeing Red"],"picked":"Flame Barrier","floor":7},{"not_picked":["Body Slam","Heavy Blade","Perfected Strike"],"picked":"SKIP","floor":10},{"not_picked":["Rupture","True Grit","Sword Boomerang"],"picked":"SKIP","floor":13},{"not_picked":["Flex","Dropkick","Reaper"],"picked":"SKIP","floor":14},{"not_picked":["Exhume","Immolate"],"picked":"Double Tap","floor":16},{"not_picked":["Sword Boomerang","Anger"],"picked":"Headbutt","floor":18},{"not_picked":["Twin Strike","Spot Weakness+1"],"picked":"Flame Barrier+1","floor":24},{"not_picked":["Anger+1","Inflame","Pommel Strike"],"picked":"SKIP","floor":27},{"not_picked":["Perfected Strike+1","Sword Boomerang","Cleave"],"picked":"SKIP","floor":30},{"not_picked":["Thunderclap","Iron Wave","Corruption"],"picked":"SKIP","floor":31},{"not_picked":["Juggernaut","Bludgeon"],"picked":"Barricade","floor":33},{"not_picked":["Thunderclap","Pummel","Rampage+1"],"picked":"SKIP","floor":35},{"not_picked":["Twin Strike+1","Cleave"],"picked":"Seeing Red+1","floor":37},{"not_picked":["Fire Breathing","Rampage","Perfected Strike"],"picked":"SKIP","floor":39},{"not_picked":["Flex+1","Sword Boomerang+1","Intimidate"],"picked":"SKIP","floor":40},{"not_picked":["Rampage+1","Havoc"],"picked":"Body Slam+1","floor":44},{"not_picked":["Barricade","Carnage+1","Sword Boomerang+1"],"picked":"SKIP","floor":45},{"not_picked":["Evolve","Heavy Blade+1","Uppercut+1"],"picked":"SKIP","floor":48}],"player_experience":34833,"relics_obtained":[{"floor":7,"key":"Oddly Smooth Stone"},{"floor":9,"key":"Whetstone"},{"floor":21,"key":"Red Mask"},{"floor":26,"key":"Orichalcum"},{"floor":29,"key":"PreservedInsect"},{"floor":43,"key":"Molten Egg 2"},{"floor":47,"key":"Pear"}],"event_choices":[{"damage_healed":0,"gold_gain":0,"player_choice":"Read","damage_taken":0,"max_hp_gain":0,"max_hp_loss":0,"event_name":"The Library","floor":19,"gold_loss":0,"cards_obtained":["Metallicize"]},{"damage_healed":0,"gold_gain":0,"player_choice":"Ignored","damage_taken":0,"max_hp_gain":0,"max_hp_loss":0,"event_name":"Cursed Tome","floor":20,"gold_loss":0},{"damage_healed":0,"gold_gain":0,"player_choice":"Fought Bandits","damage_taken":0,"max_hp_gain":0,"max_hp_loss":0,"event_name":"Masked Bandits","floor":21,"gold_loss":0},{"damage_healed":0,"gold_gain":0,"player_choice":"Ignored","damage_taken":0,"max_hp_gain":0,"max_hp_loss":0,"event_name":"Ghosts","floor":22,"gold_loss":0},{"damage_healed":0,"gold_gain":0,"player_choice":"Bought 1 Potion","damage_taken":0,"max_hp_gain":0,"max_hp_loss":0,"event_name":"The Woman in Blue","floor":38,"gold_loss":0}],"is_beta":false,"boss_relics":[{"not_picked":["White Beast Statue","Orrery"],"picked":"Eternal Feather"},{"not_picked":["Runic Cube","Tiny House"],"picked":"Runic Dome"}],"items_purged_floors":[3,12,25,36],"is_endless":false,"potions_floor_spawned":[1,2,10,13,14,18,31,33,35,37,40,45],"killed_by":"Donu and Deca","ascension_level":1}