{"gold_per_floor":[15,15,15,34,34,34,63,63,63,77,2,13,47,61,61,160,160,178,278,290,190,84,84,100,199,199,114,179,179,179,198,198,198],"floor_reached":33,"playtime":755,"items_purged":["Sever Soul","Shame"],"score":298,"play_id":"3ed0c9a1-2a97-4a08-bcaa-8deb8f767a4b","local_time":"20190125063437","is_ascension_mode":false,"campfire_choices":[{"data":"Disarm","floor":6,"key":"SMITH"},{"data":"Entrench","floor":8,"key":"SMITH"},{"data":"Body Slam","floor":15,"key":"SMITH"},{"data":"Juggernaut","floor":23,"key":"SMITH"},{"floor":30,"key":"REST"},{"data":"Entrench","floor":32,"key":"SMITH"}],"neow_cost":"NO_GOLD","seed_source_timestamp":1579392791962,"circlet_count":0,"master_deck":["Strike_R","Strike_R","Strike_R","Defend_R","Defend_R","Defend_R","Defend_R","Bash","Sword Boomerang","Disarm+1","Entrench+1","Iron Wave","Body Slam+1","Juggernaut+1","Regret","Clumsy","Iron Wave","Metallicize","Entrench+1","Inflame+1"],"relics":["Burning Blood","Vajra","Anchor","Dream Catcher","Calling Bell","Centennial Puzzle","Ornamental Fan","Champion Belt","FossilizedHelix","Bottled Flame","Ancient Tea Set","Tiny Chest","Meat on the Bone"],"potions_floor_usage":[7,13,16,18,20,28],"damage_taken":[{"damage":2,"enemies":"2 Louse","floor":1,"turns":4},{"damage":0,"enemies":"Small Slimes","floor":4,"turns":3},{"damage":30,"enemies":"Lagavulin","floor":7,"turns":7},{"damage":0,"enemies":"Cultist","floor":10,"turns":2},{"damage":3,"enemies":"Exordium Wildlife","floor":12,"turns":3},{"damage":17,"enemies":"Gremlin Nob","floor":13,"turns":3},{"damage":0,"enemies":"Red Slaver","floor":14,"turns":5},{"damage":36,"enemies":"Hexaghost","floor":16,"turns":11},{"damage":39,"enemies":"3 Byrds","floor":18,"turns":7},{"damage":14,"enemies":"Chosen","floor":20,"turns":6},{"damage":1,"enemies":"Snake Plant","floor":24,"turns":4},{"damage":52,"enemies":"Gremlin Leader","floor":28,"turns":9},{"damage":8,"enemies":"Shelled Parasite and Fungi","floor":31,"turns":6},{"damage":61,"enemies":"Collector","floor":33,"turns":5}],"seed_played":"7086997506618750129","potions_obtained":[{"floor":4,"key":"Fire Potion"},{"floor":10,"key":"AttackPotion"},{"floor":13,"key":"FearPotion"},{"floor":16,"key":"Poison Potion"},{"floor":18,"key":"Weak Potion"},{"floor":24,"key":"LiquidBronze"}],"is_trial":false,"path_per_floor":["M","?","?","M","?","R","E","R","T","M","$","M","E","M","R","B",null,"M","?","M","$","?","R","M","?","T","?","E","T","R","M","R","B"],"character_chosen":"IRONCLAD","items_purchased":[],"campfire_rested":1,"item_purchase_floors":[],"current_hp_per_floor":[96,96,96,96,96,96,72,72,72,78,78,81,70,76,76,46,96,63,63,55,55,55,55,60,60,60,60,14,14,42,52,52,0],"gold":198,"neow_bonus":"TWENTY_PERCENT_HP_BONUS","is_prod":false,"is_daily":false,"chose_seed":false,"campfire_upgraded":5,"win_rate":0.0,"timestamp":1548394477,"path_taken":["M","?","?","M","?","R","E","R","T","?","$","M","E","M","R","BOSS","M","?","?","$","?","R","?","?","T","?","E","?","R","M","R","BOSS"],"build_version":"2019-01-23","purchased_purges":2,"victory":false,"max_hp_per_floor":[96,96,96,96,96,96,96,96,96,96,96,96,96,96,96,96,96,96,96,96,96,96,96,96,96,96,96,96,96,96,96,96,96],"card_choices":[{"not_picked":["Pommel Strike","Twin Strike"],"picked":"Sword Boomerang","floor":1},{"not_picked":["Flex","Warcry"],"picked":"Disarm","floor":4},{"not_picked":["Clash","Anger"],"picked":"Entrench","floor":7},{"not_picked":["Clothesline","Hemokinesis"],"picked":"Iron Wave","floor":10},{"not_picked":["Shockwave","Impervious","Clothesline"],"picked":"SKIP","floor":12},{"not_picked":["Thunderclap","Armaments"],"picked":"Body Slam","floor":13},{"not_picked":["Warcry","Clothesline","Spot Weakness"],"picked":"SKIP","floor":14},{"not_picked":["Reaper","Demon Form"],"picked":"Juggernaut","floor":16},{"not_picked":["Warcry","True Grit"],"picked":"Iron Wave","floor":18},{"not_picked":["Warcry","Iron Wave"],"picked":"Metallicize","floor":20},{"not_picked":["Pommel Strike+1","Demon Form","Fire Breathing"],"picked":"SKIP","floor":24},{"not_picked":["Twin Strike","Carnage"],"picked":"Entrench","floor":28},{"not_picked":["Rampage+1","True Grit"],"picked":"Inflame+1","floor":30},{"not_picked":["Clash","True Grit","Reaper"],"picked":"SKIP","floor":31}],"player_experience":8119,"relics_obtained":[{"floor":7,"key":"Vajra"},{"floor":9,"key":"Anchor"},{"floor":13,"key":"Dream Catcher"},{"floor":17,"key":"Centennial Puzzle"},{"floor":17,"key":"Ornamental Fan"},{"floor":17,"key":"Champion Belt"},{"floor":26,"key":"Bottled Flame"},{"floor":28,"key":"Tiny Chest"},{"floor":29,"key":"Meat on the Bone"}],"event_choices":[{"damage_healed":0,"gold_gain":0,"player_choice":"Leave","damage_taken":0,"max_hp_gain":0,"max_hp_loss":0,"event_name":"The Cleric","floor":2,"gold_loss":0},{"cards_removed":["Strike_R"],"damage_healed":0,"gold_gain":0,"player_choice":"Forget","damage_taken":0,"max_hp_gain":0,"max_hp_loss":0,"event_name":"Living Wall","floor":3,"gold_loss":0},{"damage_healed":0,"gold_gain":0,"cards_transformed":["Strike_R"],"player_choice":"Transformed","damage_taken":0,"max_hp_gain":0,"max_hp_loss":0,"event_name":"Transmorgrifier","floor":5,"gold_loss":0,"cards_obtained":["Sever Soul"]},{"damage_healed":0,"gold_gain":100,"player_choice":"Pray","damage_taken":0,"max_hp_gain":0,"max_hp_loss":0,"event_name":"Golden Shrine","floor":19,"gold_loss":0},{"damage_healed":0,"gold_gain":0,"player_choice":"Paid Gold","damage_taken":0,"relics_obtained":["FossilizedHelix"],"max_hp_gain":0,"max_hp_loss":0,"event_name":"WeMeetAgain","floor":22,"gold_loss":106},{"damage_healed":0,"gold_gain":99,"player_choice":"Stole From Cult","damage_taken":0,"max_hp_gain":0,"max_hp_loss":0,"event_name":"Nest","floor":25,"gold_loss":0},{"damage_healed":0,"gold_gain":0,"player_choice":"Obtained Relic","damage_taken":0,"relics_obtained":["Ancient Tea Set"],"max_hp_gain":0,"max_hp_loss":0,"event_name":"Addict","floor":27,"gold_loss":85}],"is_beta":false,"boss_relics":[{"not_picked":["Runic Pyramid","Eternal Feather"],"picked":"Calling Bell"}],"items_purged_floors":[11,21],"is_endless":false,"potions_floor_spawned":[4,10,13,16,18,24],"killed_by":"Collector","ascension_level":0}