{"gold_per_floor":[15,35,49,62,80,80,100,129,199,231,32,32,56,71,71,164,164,177,177,200,250,264,307,307,307,307,343,243,263,67,80,80,80],"floor_reached":33,"playtime":947,"items_purged":["Strike_R","Strike_R","Strike_R"],"score":554,"play_id":"d340e70b-ba65-41b9-b48d-c3be068613a4","local_time":"20190521001859","is_ascension_mode":true,"campfire_choices":[{"data":"Uppercut","floor":6,"key":"SMITH"},{"data":"Double Tap","floor":15,"key":"SMITH"},{"floor":24,"key":"REST"},{"data":"True Grit","floor":32,"key":"SMITH"}],"neow_cost":"NO_GOLD","seed_source_timestamp":32473690215271,"circlet_count":0,"master_deck":["AscendersBane","Defend_R","Defend_R","Defend_R","Defend_R","Bash","Iron Wave","Spot Weakness","Cleave","Uppercut+1","Immolate","Double Tap+1","Shrug It Off","Dropkick","Shrug It Off","Limit Break","Sword Boomerang","Headbutt","True Grit+1","Whirlwind"],"relics":["Burning Blood","Blue Candle","Self Forming Clay","Oddly Smooth Stone","Golden Idol","Velvet Choker","Thread and Needle","Dodecahedron","Boot"],"potions_floor_usage":[4,8,27,27,33,33],"damage_taken":[{"damage":1,"enemies":"Cultist","floor":1,"turns":3},{"damage":6,"enemies":"Jaw Worm","floor":2,"turns":4},{"damage":4,"enemies":"2 Louse","floor":3,"turns":3},{"damage":1,"enemies":"Gremlin Gang","floor":4,"turns":2},{"damage":10,"enemies":"3 Louse","floor":5,"turns":3},{"damage":6,"enemies":"Red Slaver","floor":7,"turns":3},{"damage":0,"enemies":"3 Sentries","floor":8,"turns":3},{"damage":27,"enemies":"Lagavulin","floor":10,"turns":5},{"damage":0,"enemies":"2 Fungi Beasts","floor":13,"turns":3},{"damage":0,"enemies":"Blue Slaver","floor":14,"turns":3},{"damage":24,"enemies":"Slime Boss","floor":16,"turns":11},{"damage":17,"enemies":"3 Byrds","floor":18,"turns":5},{"damage":2,"enemies":"Chosen","floor":20,"turns":3},{"damage":13,"enemies":"Snake Plant","floor":22,"turns":4},{"damage":37,"enemies":"Book of Stabbing","floor":23,"turns":5},{"damage":5,"enemies":"Slavers","floor":27,"turns":3},{"damage":0,"enemies":"3 Cultists","floor":29,"turns":4},{"damage":0,"enemies":"Centurion and Healer","floor":31,"turns":5},{"damage":64,"enemies":"Automaton","floor":33,"turns":8}],"seed_played":"8226774919276301581","potions_obtained":[{"floor":1,"key":"Explosive Potion"},{"floor":4,"key":"Weak Potion"},{"floor":7,"key":"AttackPotion"},{"floor":10,"key":"SkillPotion"},{"floor":16,"key":"Dexterity Potion"},{"floor":20,"key":"Energy Potion"},{"floor":23,"key":"Regen Potion"},{"floor":27,"key":"Block Potion"},{"floor":29,"key":"Swift Potion"}],"is_trial":false,"path_per_floor":["M","M","M","M","M","R","M","E","T","E","$","?","M","M","R","B",null,"M","?","M","?","M","E","R","?","T","E","$","M","$","M","R","B"],"character_chosen":"IRONCLAD","items_purchased":["Shrug It Off","Dropkick","Whirlwind"],"campfire_rested":1,"item_purchase_floors":[11,11,30],"current_hp_per_floor":[73,73,75,75,71,71,71,75,75,54,54,36,42,48,48,30,64,53,53,57,57,50,19,41,41,41,51,51,57,57,63,63,0],"gold":80,"neow_bonus":"REMOVE_TWO","is_prod":false,"is_daily":false,"chose_seed":false,"campfire_upgraded":3,"win_rate":0,"timestamp":1558390739,"path_taken":["M","M","M","M","?","R","M","E","T","E","$","?","M","M","R","BOSS","M","?","?","?","?","E","R","?","T","E","$","M","$","M","R","BOSS"],"build_version":"2019-01-23","purchased_purges":3,"victory":false,"max_hp_per_floor":[75,75,75,75,75,75,75,75,75,75,75,75,75,75,75,75,75,75,75,75,75,75,75,75,75,75,75,75,75,75,75,75,75],"card_choices":[{"not_picked":["Rage","Perfected Strike"],"picked":"Iron Wave","floor":1},{"not_picked":["Warcry","Second Wind"],"picked":"Spot Weakness","floor":2},{"not_picked":["Clothesline","Thunderclap"],"picked":"Cleave","floor":3},{"not_picked":["Ghostly Armor","Flame Barrier"],"picked":"Uppercut","floor":4},{"not_picked":["Clothesline","Clash","Seeing Red"],"picked":"SKIP","floor":5},{"not_picked":["Body Slam","Power Through"],"picked":"Immolate","floor":7},{"not_picked":["Intimidate","Inflame","Shockwave"],"picked":"SKIP","floor":8},{"not_picked":["Corruption","Clash"],"picked":"Double Tap","floor":10},{"not_picked":["Seeing Red","Power Through","Warcry"],"picked":"SKIP","floor":13},{"not_picked":["Clash","Second Wind"],"picked":"Shrug It Off","floor":14},{"not_picked":["Brutality","Offering"],"picked":"Limit Break","floor":16},{"not_picked":["Body Slam","Anger+1"],"picked":"Sword Boomerang","floor":18},{"not_picked":["Cleave","Clash"],"picked":"Headbutt","floor":20},{"not_picked":["Heavy Blade","Shrug It Off","Disarm"],"picked":"SKIP","floor":22},{"not_picked":["Feel No Pain","Second Wind","Body Slam"],"picked":"SKIP","floor":23},{"not_picked":["Rage","Anger"],"picked":"True Grit","floor":27},{"not_picked":["Clothesline","Clash","Corruption"],"picked":"SKIP","floor":29},{"not_picked":["Sword Boomerang+1","Dark Embrace","Hemokinesis"],"picked":"SKIP","floor":31}],"player_experience":227116,"relics_obtained":[{"floor":8,"key":"Blue Candle"},{"floor":9,"key":"Self Forming Clay"},{"floor":10,"key":"Oddly Smooth Stone"},{"floor":23,"key":"Thread and Needle"},{"floor":26,"key":"Dodecahedron"},{"floor":27,"key":"Boot"}],"event_choices":[{"damage_healed":0,"gold_gain":0,"player_choice":"Take Damage","damage_taken":18,"relics_obtained":["Golden Idol"],"max_hp_gain":0,"max_hp_loss":0,"event_name":"Golden Idol","floor":12,"gold_loss":0},{"damage_healed":0,"gold_gain":0,"player_choice":"Bought 0 Potions","damage_taken":0,"max_hp_gain":0,"max_hp_loss":0,"event_name":"The Woman in Blue","floor":19,"gold_loss":0},{"damage_healed":0,"gold_gain":100,"player_choice":"Bet on Murderer","damage_taken":0,"max_hp_gain":0,"max_hp_loss":0,"event_name":"The Joust","floor":21,"gold_loss":50},{"damage_healed":0,"gold_gain":0,"player_choice":"Ignored","damage_taken":0,"max_hp_gain":0,"max_hp_loss":0,"event_name":"Vampires","floor":25,"gold_loss":0}],"is_beta":false,"boss_relics":[{"not_picked":["Snecko Eye","White Beast Statue"],"picked":"Velvet Choker"}],"items_purged_floors":[11,28,30],"is_endless":false,"potions_floor_spawned":[1,4,7,10,16,20,23,27,29],"killed_by":"Automaton","ascension_level":14}