{"gold_per_floor":[18,34,52,52,67,67,67,67,67,67,99,112,53,70,70,145,145,163,163,163,63,74,74,124,124,124,124],"floor_reached":27,"playtime":680,"items_purged":["Writhe"],"score":369,"play_id":"dec030d5-4209-4b21-81b1-350b2dccbc51","local_time":"20190525131228","is_ascension_mode":true,"campfire_choices":[{"data":"Whirlwind","floor":6.0,"key":"SMITH"},{"data":"Bash","floor":8.0,"key":"SMITH"},{"floor":10.0,"key":"REST"},{"data":"Flame Barrier","floor":15.0,"key":"SMITH"},{"floor":23.0,"key":"REST"},{"data":"Armaments","floor":25.0,"key":"SMITH"}],"neow_cost":"NO_GOLD","seed_source_timestamp":0,"circlet_count":0,"master_deck":["AscendersBane","Strike_R","Strike_R","Strike_R+1","Strike_R","Defend_R","Defend_R","Defend_R","Defend_R","Bash+1","Demon Form+1","Headbutt","Whirlwind+1","Flame Barrier+1","Armaments+1","Body Slam+1"],"special_seed":0,"relics":["Burning Blood","Sundial","Ice Cream","Runic Pyramid","Molten Egg 2","Singing Bowl"],"potions_floor_usage":[],"damage_taken":[{"damage":9.0,"enemies":"Cultist","floor":1.0,"turns":5.0},{"damage":2.0,"enemies":"2 Louse","floor":2.0,"turns":3.0},{"damage":9.0,"enemies":"Small Slimes","floor":3.0,"turns":4.0},{"damage":12.0,"enemies":"Looter","floor":5.0,"turns":3.0},{"damage":20.0,"enemies":"Lagavulin","floor":11.0,"turns":4.0},{"damage":11.0,"enemies":"Exordium Thugs","floor":12.0,"turns":5.0},{"damage":0.0,"enemies":"Large Slime","floor":14.0,"turns":4.0},{"damage":26.0,"enemies":"Hexaghost","floor":16.0,"turns":6.0},{"damage":22.0,"enemies":"Spheric Guardian","floor":18.0,"turns":5.0},{"damage":28.0,"enemies":"Colosseum Slavers","floor":19.0,"turns":4.0},{"damage":17.0,"enemies":"Shell Parasite","floor":22.0,"turns":7.0},{"damage":43,"enemies":"Book of Stabbing","floor":27,"turns":5}],"seed_played":"1672319444407617419","potions_obtained":[{"floor":1.0,"key":"EssenceOfSteel"},{"floor":5.0,"key":"EssenceOfSteel"},{"floor":12.0,"key":"BloodPotion"},{"floor":16.0,"key":"Strength Potion"},{"floor":22.0,"key":"Poison Potion"}],"is_trial":false,"path_per_floor":["M","M","M","?","M","R","?","R","T","R","E","M","?","M","R","B",null,"M","?","?","$","M","R","?","R","T","E"],"character_chosen":"IRONCLAD","items_purchased":["Body Slam+1"],"campfire_rested":2,"item_purchase_floors":[21],"current_hp_per_floor":[65,69,66,43,37,37,37,37,37,59,45,40,40,53,53,33,65,49,27,27,27,16,38,38,38,38,0],"gold":124,"neow_bonus":"THREE_RARE_CARDS","is_prod":false,"is_daily":false,"chose_seed":false,"campfire_upgraded":4,"win_rate":0,"timestamp":1558782748,"path_taken":["M","M","?","?","M","R","?","R","T","R","E","M","?","?","R","BOSS","M","?","?","$","M","R","?","R","T","E"],"build_version":"2019-01-23","purchased_purges":1,"victory":false,"max_hp_per_floor":[75,75,75,75,75,75,75,75,75,75,75,75,75,75,75,75,75,75,75,75,75,75,75,75,75,75,75],"card_choices":[{"not_picked":["Dark Embrace","Impervious"],"picked":"Demon Form","floor":0.0},{"not_picked":["Sever Soul","Clash","Rampage"],"picked":"SKIP","floor":1.0},{"not_picked":["Havoc","Wild Strike","Body Slam"],"picked":"SKIP","floor":2.0},{"not_picked":["Thunderclap","Disarm"],"picked":"Headbutt","floor":3.0},{"not_picked":["Thunderclap","Twin Strike"],"picked":"Whirlwind","floor":5.0},{"not_picked":["Disarm","Anger"],"picked":"Flame Barrier","floor":11.0},{"not_picked":["Pommel Strike","Havoc","Clothesline"],"picked":"SKIP","floor":12.0},{"not_picked":["Shockwave","Rupture","Cleave"],"picked":"SKIP","floor":14.0},{"not_picked":["Twin Strike+1","Body Slam"],"picked":"Armaments","floor":18.0},{"not_picked":["Wild Strike+1","Warcry","Pommel Strike+1"],"picked":"SKIP","floor":22.0}],"player_experience":248969,"relics_obtained":[{"floor":9.0,"key":"Sundial"},{"floor":11.0,"key":"Ice Cream"},{"floor":26.0,"key":"Singing Bowl"}],"event_choices":[{"damage_healed":0.0,"max_hp_gain":0.0,"max_hp_loss":0.0,"gold_gain":0.0,"event_name":"Shining Light","player_choice":"Entered Light","floor":4.0,"gold_loss":0.0,"damage_taken":23.0,"cards_upgraded":["Demon Form","Strike_R"]},{"cards_removed":["Strike_R"],"damage_healed":0.0,"max_hp_gain":0.0,"max_hp_loss":0.0,"gold_gain":0.0,"event_name":"Living Wall","player_choice":"Forget","floor":7.0,"gold_loss":0.0,"damage_taken":0.0},{"damage_healed":0.0,"max_hp_gain":0.0,"max_hp_loss":0.0,"gold_gain":0.0,"event_name":"World of Goop","player_choice":"Left Gold","floor":13.0,"gold_loss":59.0,"damage_taken":0.0},{"damage_healed":0.0,"max_hp_gain":0.0,"max_hp_loss":0.0,"gold_gain":0.0,"event_name":"Colosseum","player_choice":"Fight","floor":19.0,"gold_loss":0.0,"damage_taken":0.0},{"damage_healed":0.0,"max_hp_gain":0.0,"max_hp_loss":0.0,"gold_gain":0.0,"event_name":"Colosseum","player_choice":"Fled From Nobs","floor":19.0,"gold_loss":0.0,"damage_taken":0.0},{"damage_healed":0.0,"max_hp_gain":0.0,"max_hp_loss":0.0,"gold_gain":0.0,"event_name":"The Mausoleum","player_choice":"Opened","floor":20.0,"gold_loss":0.0,"damage_taken":0.0,"relics_obtained":["Molten Egg 2"],"cards_obtained":["Writhe"]},{"damage_healed":0.0,"max_hp_gain":0.0,"max_hp_loss":0.0,"gold_gain":50.0,"event_name":"Golden Shrine","player_choice":"Pray","floor":24.0,"gold_loss":0.0,"damage_taken":0.0}],"is_beta":false,"boss_relics":[{"not_picked":["Astrolabe","Snecko Eye"],"picked":"Runic Pyramid"}],"items_purged_floors":[21],"is_endless":false,"potions_floor_spawned":[1,5,12,16,22],"killed_by":"Book of Stabbing","ascension_level":15}