{"gold_per_floor":[364,56,75,86,11,38,38,38,93,93,121,121,46,72,72,147,147,167,147,166,91,111,111,111,111,111,138,138,138,138,57,57,129,129,141,153,4,24,24,24,52,52],"floor_reached":42,"playtime":2107,"items_purged":["Strike_R","Strike_R"],"score":1133,"play_id":"5bb7726d-f858-4c41-acff-191ddea446b3","local_time":"20180714115147","is_ascension_mode":true,"campfire_choices":[{"data":"Searing Blow","floor":7,"key":"SMITH"},{"data":"Searing Blow+1","floor":10,"key":"SMITH"},{"data":"Searing Blow+2","floor":12,"key":"SMITH"},{"data":"Searing Blow+3","floor":15,"key":"SMITH"},{"data":"Abandon","floor":23,"key":"SMITH"},{"data":"Searing Blow+4","floor":25,"key":"SMITH"},{"data":"Searing Blow+5","floor":28,"key":"SMITH"},{"data":"Searing Blow+6","floor":30,"key":"SMITH"},{"data":"Searing Blow+7","floor":32,"key":"SMITH"},{"data":"Searing Blow+8","floor":40,"key":"SMITH"}],"neow_cost":"TEN_PERCENT_HP_LOSS","seed_source_timestamp":184721157419228,"circlet_count":0,"master_deck":["Defend_R","Defend_R","Defend_R","Defend_R","Bash","AscendersBane","Clothesline","Shrug It Off","Searing Blow+9","Pommel Strike","Abandon+1","Dual Wield","Demonic Infusion","Shrug It Off","Shrug It Off","Shrug It Off"],"relics":["Burning Blood","Iron Hammer","Omamori","Pet Ghost","Blood Vial","Ornamental Fan","ChewingGum","Mango","Anchor","Enchiridion","Sozu","Smiling Mask","Juzu Bracelet"],"potions_floor_usage":[16,33],"damage_taken":[{"damage":14,"enemies":"2 Louse","floor":1,"turns":4},{"damage":1,"enemies":"Small Slimes","floor":3,"turns":4},{"damage":1,"enemies":"Cultist","floor":4,"turns":3},{"damage":20,"enemies":"3 Sentries","floor":6,"turns":12},{"damage":12,"enemies":"Lagavulin","floor":11,"turns":8},{"damage":14,"enemies":"Gremlin Nob","floor":14,"turns":4},{"damage":15,"enemies":"Hexaghost","floor":16,"turns":9},{"damage":3,"enemies":"2 Thieves","floor":18,"turns":5},{"damage":17,"enemies":"3 Byrds","floor":20,"turns":6},{"damage":12,"enemies":"Centurion and Healer","floor":22,"turns":9},{"damage":25,"enemies":"Book of Stabbing","floor":27,"turns":6},{"damage":38,"enemies":"Pondfish","floor":33,"turns":11},{"damage":0,"enemies":"Flame Bruiser 1 Orb","floor":35,"turns":2},{"damage":5,"enemies":"3 Darklings","floor":36,"turns":9},{"damage":15,"enemies":"Spire Growth","floor":38,"turns":5},{"damage":57,"enemies":"Giant Head","floor":41,"turns":9},{"damage":22,"enemies":"Flame Bruiser 2 Orb","floor":42,"turns":2}],"seed_played":"3423093004628937292","potions_obtained":[{"floor":11,"key":"FairyPotion"},{"floor":14,"key":"Fire Potion"},{"floor":19,"key":"Venom Potion"},{"floor":22,"key":"Reflective Coating"},{"floor":27,"key":"GamblersBrew"},{"floor":33,"key":"Poison Potion"}],"is_trial":false,"path_per_floor":["M","$","M","M","?","E","R","?","T","R","E","R","$","E","R","B",null,"M","?","M","?","M","R","$","R","T","E","R","?","R","$","R","B",null,"M","M","$","M","T","R","E"],"character_chosen":"IRONCLAD","items_purchased":["Iron Hammer","Shrug It Off","Dual Wield","Shrug It Off"],"campfire_rested":0,"item_purchase_floors":[2,2,31,37],"current_hp_per_floor":[60,60,65,68,68,54,54,54,54,54,48,48,48,42,42,35,60,65,65,56,56,52,52,52,52,66,49,49,28,28,28,28,8,64,72,75,75,68,68,68,19,0],"gold":52,"neow_bonus":"TWO_FIFTY_GOLD","is_prod":false,"is_daily":false,"chose_seed":false,"campfire_upgraded":10,"win_rate":0,"timestamp":1531561907,"path_taken":["M","$","M","M","?","E","R","?","T","R","E","R","$","E","R","BOSS","M","?","M","?","M","R","$","R","T","E","R","?","R","?","R","BOSS","M","M","$","M","?","R","E","M"],"build_version":"2018-07-12","purchased_purges":2,"victory":false,"max_hp_per_floor":[68,68,68,68,68,68,68,68,68,68,68,68,68,68,68,68,68,68,68,68,68,68,68,68,68,82,82,82,82,82,82,82,82,82,82,82,82,82,82,82,82,82],"card_choices":[{"not_picked":["Pommel Strike","Metallicize"],"picked":"Clothesline","floor":1},{"not_picked":["True Grit","Headbutt"],"picked":"Searing Blow","floor":4},{"not_picked":["Run Through","Twin Strike"],"picked":"Pommel Strike","floor":6},{"not_picked":["Limit Break","Barricade"],"picked":"Abandon","floor":16},{"not_picked":["Limit Break","Fiend Fire"],"picked":"Demonic Infusion","floor":33},{"not_picked":["Iron Wave","Anger"],"picked":"Shrug It Off","floor":35},{"not_picked":["Barricade","Dropkick"],"picked":"Shrug It Off","floor":41}],"player_experience":755984,"relics_obtained":[{"floor":6,"key":"Omamori"},{"floor":9,"key":"Pet Ghost"},{"floor":11,"key":"Blood Vial"},{"floor":14,"key":"Ornamental Fan"},{"floor":26,"key":"Mango"},{"floor":27,"key":"Anchor"},{"floor":29,"key":"Enchiridion"},{"floor":39,"key":"Smiling Mask"},{"floor":41,"key":"Juzu Bracelet"}],"event_choices":[{"event_name":"The Cleric","player_choice":"Card Removal","floor":5,"damage_taken":0},{"event_name":"Bonfire Elementals","player_choice":"BASIC","floor":8,"damage_taken":0},{"event_name":"The Woman in Blue","player_choice":"Bought 1 Potion","floor":19,"damage_taken":0},{"event_name":"Beggar","player_choice":"Gave Gold","floor":21,"damage_taken":0},{"event_name":"Cursed Tome","player_choice":"Obtained Book","floor":29,"damage_taken":0}],"boss_relics":[{"not_picked":["Ring of Chaos","Ooze Armor"],"picked":"ChewingGum"},{"not_picked":["Busted Crown","Orrery"],"picked":"Sozu"}],"items_purged_floors":[13,37],"is_endless":false,"potions_floor_spawned":[11,14,22,27,33,36,38],"killed_by":"Flame Bruiser 2 Orb","ascension_level":15}