{"gold_per_floor":[11,11,27,27,27,27,60,60,60,94,44,44,67,111,111,237,237,260,283,283,299,299,299,342,361,361,397,397,397,19,43,43,164,164,189,214,214,214,237,270,270,305,373,373,50,89,107,107,107,107],"floor_reached":51,"playtime":8519,"items_purged":["Strike_B","Writhe"],"score":990,"play_id":"d7edc200-55e7-43d9-8837-49081f985adf","local_time":"20180709115235","is_ascension_mode":true,"campfire_choices":[{"data":"Zap","floor":6,"key":"SMITH"},{"data":"Ball Lightning","floor":8,"key":"SMITH"},{"data":"Go for the Eyes","floor":15,"key":"SMITH"},{"data":"Glacier","floor":23,"key":"SMITH"},{"data":"Conserve Battery","floor":29,"key":"SMITH"},{"data":"Stack","floor":32,"key":"SMITH"},{"data":"Amplify","floor":41,"key":"SMITH"},{"data":"Storm","floor":44,"key":"SMITH"},{"floor":49,"key":"REST"}],"neow_cost":"NO_GOLD","seed_source_timestamp":0,"circlet_count":0,"master_deck":["Strike_B","Defend_B","Defend_B","Defend_B","Defend_B","Zap+1","Dualcast","Steam","Ball Lightning+1","Storm+1","Machine Learning","Go for the Eyes+1","Sweeping Beam","Creative AI","Stack+1","Glacier+1","Ghostly","Ghostly","Ghostly","Ghostly","Ghostly","Meteor Strike","Meteor Strike","Amplify+1","Undo+1","Conserve Battery+1","Injury","Normality"],"special_seed":17721,"relics":["Cracked Core","Bird Faced Urn","Golden Idol","Ancient Tea Set","Dodecahedron","Turnip","Singing Bowl","Snecko Eye","Regal Pillow","Torii","Juzu Bracelet","Ice Cream","Cursed Key","Art of War","Unceasing Top","The Courier","Strawberry","Boot","Du-Vu Doll","Bag of Marbles"],"potions_floor_usage":[10,18,27,27,47,50,50],"damage_taken":[{"damage":7,"enemies":"Small Slimes","floor":1,"turns":4},{"damage":6,"enemies":"Jaw Worm","floor":3,"turns":3},{"damage":11,"enemies":"3 Sentries","floor":7,"turns":6},{"damage":12,"enemies":"Gremlin Nob","floor":10,"turns":4},{"damage":1,"enemies":"2 Louse","floor":13,"turns":2},{"damage":12,"enemies":"3 Sentries","floor":14,"turns":6},{"damage":43,"enemies":"Hexaghost","floor":16,"turns":12},{"damage":39,"enemies":"2 Thieves","floor":18,"turns":3},{"damage":29,"enemies":"Spheric Guardian","floor":19,"turns":6},{"damage":22,"enemies":"Snake Plant","floor":21,"turns":6},{"damage":6,"enemies":"Slavers","floor":24,"turns":9},{"damage":0,"enemies":"Slaver and Parasite","floor":25,"turns":6},{"damage":26,"enemies":"Book of Stabbing","floor":27,"turns":8},{"damage":0,"enemies":"Snecko","floor":31,"turns":5},{"damage":0,"enemies":"Champ","floor":33,"turns":8},{"damage":0,"enemies":"Orb Walker","floor":35,"turns":3},{"damage":24,"enemies":"3 Shapes","floor":36,"turns":4},{"damage":0,"enemies":"Maw","floor":39,"turns":7},{"damage":0,"enemies":"Giant Head","floor":40,"turns":7},{"damage":0,"enemies":"2 Orb Walkers","floor":42,"turns":6},{"damage":6,"enemies":"Nemesis","floor":46,"turns":6},{"damage":29,"enemies":"3 Darklings","floor":47,"turns":3},{"damage":27,"enemies":"Time Eater","floor":50,"turns":12}],"seed_played":"2365577451791200373","potions_obtained":[{"floor":1,"key":"Block Potion"},{"floor":3,"key":"FairyPotion"},{"floor":7,"key":"Energy Potion"},{"floor":24,"key":"Block Potion"},{"floor":25,"key":"FocusPotion"},{"floor":27,"key":"Strength Potion"},{"floor":31,"key":"Regen Potion"},{"floor":33,"key":"Energy Potion"},{"floor":40,"key":"AttackPotion"}],"is_trial":false,"path_per_floor":["M","?","M","$","?","R","E","R","T","E","?","$","M","E","R","B",null,"M","M","?","M","?","R","E","M","T","E","?","R","$","M","R","B",null,"M","M","?","?","M","E","R","E","T","R","$","E","M","T","R","B"],"character_chosen":"DEFECT","items_purchased":["Ice Cream","Strawberry","Boot"],"campfire_rested":1,"item_purchase_floors":[30,45,45],"current_hp_per_floor":[68,73,67,67,67,67,56,56,56,46,46,46,45,37,37,7,74,43,28,28,22,22,22,36,40,40,25,25,25,25,35,35,42,42,42,21,21,32,44,46,46,48,48,48,55,57,36,36,59,47],"gold":107,"neow_bonus":"ONE_RARE_RELIC","is_prod":false,"is_daily":false,"chose_seed":false,"campfire_upgraded":8,"win_rate":0,"timestamp":1531129955,"path_taken":["M","?","M","$","?","R","E","R","T","E","?","?","M","E","R","BOSS","M","M","?","M","?","R","E","?","T","E","?","R","$","M","R","BOSS","M","M","?","?","M","E","R","E","T","R","$","E","M","?","R","BOSS"],"build_version":"2018-07-05","purchased_purges":2,"victory":true,"max_hp_per_floor":[75,80,80,80,74,74,74,74,74,74,74,74,74,74,74,74,74,74,74,74,76,38,38,38,40,40,42,42,42,42,42,42,42,42,42,42,42,42,44,46,46,48,48,48,55,57,59,59,59,59],"card_choices":[{"not_picked":["Reinforced Body","Redo"],"picked":"Steam","floor":1},{"not_picked":["BootSequence","Redo"],"picked":"Ball Lightning","floor":3},{"not_picked":["Sweeping Beam","BootSequence"],"picked":"Storm","floor":7},{"not_picked":["Hologram","Cold Snap"],"picked":"Machine Learning","floor":10},{"not_picked":["Sweeping Beam","Reprogram"],"picked":"Go for the Eyes","floor":13},{"not_picked":["Coolheaded","Steam"],"picked":"Sweeping Beam","floor":14},{"not_picked":["Hyperbeam","Fission"],"picked":"Creative AI","floor":16},{"not_picked":["Rebound","Gash"],"picked":"Stack","floor":18},{"not_picked":["Consume","Hello World"],"picked":"Glacier","floor":19},{"not_picked":["Steam+1","Beam Cell","Barrage"],"picked":"Singing Bowl","floor":21},{"not_picked":["Melter","Redo+1"],"picked":"Conserve Battery","floor":24},{"not_picked":["Turbo","Ball Lightning","Loop"],"picked":"Singing Bowl","floor":25},{"not_picked":["Aggregate+1","Gash","Doom and Gloom"],"picked":"Singing Bowl","floor":27},{"not_picked":["Steam","Ball Lightning+1"],"picked":"Meteor Strike","floor":31},{"not_picked":["Thunder Strike","Reboot"],"picked":"Amplify","floor":33},{"not_picked":["Sweeping Beam+1","Hello World"],"picked":"Undo+1","floor":35},{"not_picked":["Coolheaded+1","Turbo"],"picked":"Conserve Battery+1","floor":36},{"not_picked":["Loop+1","Consume+1","Hologram"],"picked":"Singing Bowl","floor":39},{"not_picked":["Double Energy+1","Barrage","Sweeping Beam"],"picked":"Singing Bowl","floor":40},{"not_picked":["Steam+1","Rip and Tear+1","Genetic Algorithm"],"picked":"Singing Bowl","floor":42},{"not_picked":["Doom and Gloom","Sweeping Beam","Reprogram+1"],"picked":"Singing Bowl","floor":46},{"not_picked":["Rebound","Streamline","Go for the Eyes+1"],"picked":"Singing Bowl","floor":47}],"player_experience":765439,"relics_obtained":[{"floor":7,"key":"Ancient Tea Set"},{"floor":9,"key":"Dodecahedron"},{"floor":10,"key":"Turnip"},{"floor":14,"key":"Singing Bowl"},{"floor":24,"key":"Regal Pillow"},{"floor":26,"key":"Torii"},{"floor":27,"key":"Juzu Bracelet"},{"floor":40,"key":"Art of War"},{"floor":42,"key":"Unceasing Top"},{"floor":43,"key":"The Courier"},{"floor":46,"key":"Du-Vu Doll"},{"floor":48,"key":"Bag of Marbles"}],"event_choices":[{"event_name":"Big Fish","player_choice":"Donut","floor":2,"damage_taken":0},{"event_name":"Golden Idol","player_choice":"Lose Max HP","floor":5,"damage_taken":0},{"event_name":"The Cleric","player_choice":"Card Removal","floor":11,"damage_taken":0},{"event_name":"Bonfire Elementals","player_choice":"BASIC","floor":20,"damage_taken":0},{"event_name":"Ghosts","player_choice":"Became a Ghost","floor":22,"damage_taken":0},{"event_name":"The Library","player_choice":"Read","floor":28,"damage_taken":0},{"event_name":"Falling","player_choice":"Removed Skill","floor":37,"damage_taken":0},{"event_name":"Winding Halls","player_choice":"Writhe","floor":38,"damage_taken":0}],"boss_relics":[{"not_picked":["Astrolabe","Eternal Feather"],"picked":"Snecko Eye"},{"not_picked":["Orrery","Velvet Choker"],"picked":"Cursed Key"}],"items_purged_floors":[30,45],"is_endless":false,"potions_floor_spawned":[1,3,7,24,25,27,31,33,35,40,46],"ascension_level":3}