{"gold_per_floor":[111,127,144,219,219,219,237,266,292,302,322,347,363,410,410,513,513,523,448,448,460,460,460],"floor_reached":23,"playtime":3337,"items_purged":["Dagger Throw"],"score":253,"play_id":"6a17153b-c492-4308-9e1c-de414a7dcfc1","local_time":"20190517023020","is_ascension_mode":false,"campfire_choices":[{"floor":6,"key":"RECALL"},{"floor":15,"key":"REST"}],"neow_cost":"NONE","seed_source_timestamp":54403625044809,"circlet_count":0,"master_deck":["Defend_G","Defend_G","Defend_G","Defend_G","Defend_G","Strike_G","Strike_G","Strike_G","Strike_G","Strike_G","Survivor","Neutralize+1","Bouncing Flask+1","Escape Plan","Crippling Poison","Poisoned Stab","Adrenaline","Catalyst","Deadly Poison","Dagger Spray","Burst","Outmaneuver+1","Footwork"],"relics":["Ring of the Snake","Dream Catcher","Pen Nib","Centennial Puzzle","Runic Pyramid","Juzu Bracelet"],"potions_floor_usage":[12,12,16,23,23],"damage_taken":[{"damage":0,"enemies":"Cultist","floor":1,"turns":3},{"damage":0,"enemies":"Jaw Worm","floor":2,"turns":4},{"damage":0,"enemies":"Small Slimes","floor":3,"turns":4},{"damage":0,"enemies":"Blue Slaver","floor":7,"turns":3},{"damage":17,"enemies":"3 Sentries","floor":8,"turns":9},{"damage":0,"enemies":"Red Slaver","floor":10,"turns":5},{"damage":3,"enemies":"Exordium Wildlife","floor":11,"turns":3},{"damage":4,"enemies":"Lagavulin","floor":12,"turns":6},{"damage":6,"enemies":"Large Slime","floor":13,"turns":5},{"damage":0,"enemies":"The Guardian","floor":16,"turns":7},{"damage":9,"enemies":"3 Byrds","floor":18,"turns":4},{"damage":3,"enemies":"Shell Parasite","floor":21,"turns":3},{"damage":65,"enemies":"Slavers","floor":23,"turns":4}],"seed_played":"-2422265253979410250","potions_obtained":[{"floor":8,"key":"Dexterity Potion"},{"floor":10,"key":"PowerPotion"},{"floor":11,"key":"EssenceOfSteel"},{"floor":13,"key":"GhostInAJar"},{"floor":18,"key":"Explosive Potion"}],"is_trial":false,"path_per_floor":["M","M","M","?","?","R","M","E","T","M","M","E","M","T","R","B",null,"M","$","?","M","?","E"],"character_chosen":"THE_SILENT","items_purchased":[],"campfire_rested":1,"item_purchase_floors":[],"current_hp_per_floor":[70,70,70,59,59,59,59,42,42,42,39,35,29,29,50,50,70,61,61,61,58,58,0],"gold":460,"neow_bonus":"UPGRADE_CARD","is_prod":false,"is_daily":false,"chose_seed":false,"campfire_upgraded":0,"win_rate":0,"timestamp":1558071020,"path_taken":["M","?","M","?","?","R","M","E","T","M","M","E","M","?","R","BOSS","M","$","?","M","?","E"],"build_version":"2019-01-23","purchased_purges":1,"victory":false,"max_hp_per_floor":[70,70,70,70,70,70,70,70,70,70,70,70,70,70,70,70,70,70,70,70,70,70,70],"card_choices":[{"not_picked":["Slice","Flying Knee"],"picked":"Dagger Spray","floor":1},{"not_picked":["Prepared","Infinite Blades"],"picked":"Bouncing Flask","floor":2},{"not_picked":["Cloak And Dagger","Underhanded Strike"],"picked":"Escape Plan","floor":3},{"not_picked":["Predator","Sucker Punch"],"picked":"Dagger Throw","floor":7},{"not_picked":["Backflip","Acrobatics"],"picked":"Crippling Poison","floor":8},{"not_picked":["Terror","Flechettes"],"picked":"Poisoned Stab","floor":10},{"not_picked":["Masterful Stab","Cloak And Dagger"],"picked":"Adrenaline","floor":11},{"not_picked":["Underhanded Strike","Poisoned Stab"],"picked":"Catalyst","floor":12},{"not_picked":["Predator","Finisher"],"picked":"Deadly Poison","floor":13},{"not_picked":["Masterful Stab","Outmaneuver"],"picked":"Dagger Spray","floor":15},{"not_picked":["Malaise","Tools of the Trade"],"picked":"Burst","floor":16},{"not_picked":["Dagger Spray","Leg Sweep"],"picked":"Outmaneuver+1","floor":18},{"not_picked":["Slice","PiercingWail"],"picked":"Footwork","floor":21}],"player_experience":85467,"relics_obtained":[{"floor":8,"key":"Dream Catcher"},{"floor":12,"key":"Pen Nib"},{"floor":14,"key":"Centennial Puzzle"}],"event_choices":[{"damage_healed":0,"gold_gain":75,"player_choice":"Gather Gold","damage_taken":11,"max_hp_gain":0,"max_hp_loss":0,"event_name":"World of Goop","floor":4,"gold_loss":0},{"damage_healed":0,"gold_gain":0,"player_choice":"Grow","damage_taken":0,"max_hp_gain":0,"max_hp_loss":0,"event_name":"Living Wall","floor":5,"gold_loss":0,"cards_upgraded":["Bouncing Flask"]},{"cards_removed":["Dagger Spray"],"damage_healed":0,"gold_gain":0,"player_choice":"Gave Card","damage_taken":0,"relics_obtained":["Juzu Bracelet"],"max_hp_gain":0,"max_hp_loss":0,"event_name":"WeMeetAgain","floor":20,"gold_loss":0},{"damage_healed":0,"gold_gain":0,"player_choice":"Ignored","damage_taken":0,"max_hp_gain":0,"max_hp_loss":0,"event_name":"Ghosts","floor":22,"gold_loss":0}],"is_beta":false,"boss_relics":[{"not_picked":["Lizard Tail","Calling Bell"],"picked":"Runic Pyramid"}],"items_purged_floors":[19],"is_endless":false,"potions_floor_spawned":[8,10,11,13,18],"killed_by":"Slavers","ascension_level":0}