{"gold_per_floor":[119,139,155,167,92,124,134,134,134,134,152,3,38,213,213,213],"floor_reached":16,"playtime":2846,"items_purged":[],"score":112,"play_id":"9e9b8941-d481-47d6-a4a6-3419a63b20a1","local_time":"20190531201513","is_ascension_mode":false,"campfire_choices":[{"floor":8,"key":"REST"},{"data":"Rage","floor":10,"key":"SMITH"},{"data":"True Grit","floor":15,"key":"SMITH"}],"neow_cost":"TEN_PERCENT_HP_LOSS","seed_source_timestamp":372946179938,"circlet_count":0,"master_deck":["Strike_R","Strike_R","Strike_R","Strike_R","Strike_R","Defend_R","Defend_R","Defend_R","Defend_R","Bash","Offering","Clothesline","Pommel Strike","Warcry","Body Slam","Burning Pact","Wild Strike","Rage+1","True Grit+1","Doubt"],"relics":["Burning Blood","Bronze Scales","Matryoshka","Oddly Smooth Stone","Paper Frog"],"potions_floor_usage":[2,6,16],"damage_taken":[{"damage":1,"enemies":"2 Louse","floor":1,"turns":3},{"damage":2,"enemies":"Small Slimes","floor":2,"turns":2},{"damage":6,"enemies":"Cultist","floor":3,"turns":4},{"damage":2,"enemies":"Looter","floor":4,"turns":4},{"damage":45,"enemies":"3 Sentries","floor":6,"turns":11},{"damage":21,"enemies":"Lots of Slimes","floor":7,"turns":3},{"damage":5,"enemies":"Blue Slaver","floor":11,"turns":3},{"damage":12,"enemies":"Gremlin Nob","floor":13,"turns":3},{"damage":49,"enemies":"The Guardian","floor":16,"turns":9}],"seed_played":"-6740151429515054823","potions_obtained":[{"floor":1,"key":"Explosive Potion"},{"floor":3,"key":"Regen Potion"},{"floor":4,"key":"EssenceOfSteel"}],"is_trial":false,"path_per_floor":["M","M","M","M","$","E","M","R","T","R","M","$","E","?","R","B"],"character_chosen":"IRONCLAD","items_purchased":["Burning Pact","Oddly Smooth Stone"],"campfire_rested":1,"item_purchase_floors":[5,12],"current_hp_per_floor":[72,72,72,72,72,48,33,54,54,54,55,55,49,49,49,0],"gold":213,"neow_bonus":"THREE_RARE_CARDS","is_prod":false,"is_daily":false,"chose_seed":false,"campfire_upgraded":2,"win_rate":0,"timestamp":1559348113,"path_taken":["M","M","M","M","$","E","M","R","T","R","M","$","E","?","R","BOSS"],"build_version":"2019-01-23","purchased_purges":0,"victory":false,"max_hp_per_floor":[72,72,72,72,72,72,72,72,72,72,72,72,72,72,72,72],"card_choices":[{"not_picked":["Immolate","Demon Form"],"picked":"Offering","floor":0},{"not_picked":["Twin Strike","Wild Strike"],"picked":"Clothesline","floor":1},{"not_picked":["Flex","Hemokinesis"],"picked":"Pommel Strike","floor":2},{"not_picked":["Heavy Blade","Sword Boomerang"],"picked":"Warcry","floor":3},{"not_picked":["Entrench","Heavy Blade"],"picked":"Body Slam","floor":4},{"not_picked":["Clothesline","Dropkick"],"picked":"Wild Strike","floor":6},{"not_picked":["Heavy Blade","Warcry"],"picked":"Rage","floor":7},{"not_picked":["Pommel Strike","Sever Soul","Wild Strike"],"picked":"SKIP","floor":11},{"not_picked":["Flex","Second Wind"],"picked":"True Grit","floor":13}],"player_experience":336515,"relics_obtained":[{"floor":6,"key":"Bronze Scales"},{"floor":9,"key":"Matryoshka"},{"floor":13,"key":"Paper Frog"}],"event_choices":[{"damage_healed":0,"gold_gain":175,"player_choice":"AGREE","damage_taken":0,"max_hp_gain":0,"max_hp_loss":0,"event_name":"Liars Game","floor":14,"gold_loss":0,"cards_obtained":["Doubt"]}],"is_beta":false,"boss_relics":[],"items_purged_floors":[],"is_endless":false,"potions_floor_spawned":[1,3,4],"killed_by":"The Guardian","ascension_level":0}