{"gold_per_floor":[116,116,116,127,127,161,161,196,243,260,277,277,304,318,318,318],"floor_reached":16,"playtime":865,"items_purged":[],"score":193,"play_id":"a0b4fd4c-c864-4261-8fe5-dc4c0259a26e","local_time":"20190507191710","is_ascension_mode":true,"campfire_choices":[{"floor":12,"key":"REST"},{"data":"Entrench","floor":15,"key":"SMITH"}],"neow_cost":"NONE","seed_source_timestamp":4251248605556615,"circlet_count":0,"master_deck":["Strike_R","Strike_R","Strike_R","Strike_R","Defend_R","Defend_R","Defend_R","Defend_R","Bash","Shrug It Off","Dropkick","Shockwave","Battle Trance","Juggernaut","Entrench+1","Body Slam"],"relics":["Burning Blood","Bronze Scales","Mango","CultistMask","PreservedInsect","Happy Flower","Magic Flower"],"potions_floor_usage":[13,16],"damage_taken":[{"damage":14,"enemies":"Jaw Worm","floor":1,"turns":5},{"damage":1,"enemies":"2 Louse","floor":4,"turns":3},{"damage":37,"enemies":"3 Sentries","floor":6,"turns":13},{"damage":29,"enemies":"Lagavulin","floor":8,"turns":10},{"damage":0,"enemies":"Cultist","floor":10,"turns":3},{"damage":1,"enemies":"2 Fungi Beasts","floor":11,"turns":3},{"damage":10,"enemies":"Gremlin Nob","floor":13,"turns":4},{"damage":5,"enemies":"3 Louse","floor":14,"turns":4},{"damage":51,"enemies":"Hexaghost","floor":16,"turns":9}],"seed_played":"-8144337930271915446","potions_obtained":[{"floor":10,"key":"PowerPotion"},{"floor":13,"key":"Explosive Potion"},{"floor":14,"key":"LiquidBronze"}],"is_trial":false,"path_per_floor":["?","?","M","?","?","M"],"character_chosen":"IRONCLAD","items_purchased":[],"campfire_rested":1,"item_purchase_floors":[],"current_hp_per_floor":[72,60,52,57,50,33,33,10,10,16,21,51,47,51,51,0],"gold":318,"neow_bonus":"TEN_PERCENT_HP_BONUS","is_prod":false,"is_daily":false,"chose_seed":false,"campfire_upgraded":1,"win_rate":0,"timestamp":1557271030,"path_taken":["M","?","?","?","?","E","?","E","T","M","M","R","E","?","R","BOSS"],"build_version":"2019-01-23","purchased_purges":0,"victory":false,"max_hp_per_floor":[88,88,88,88,88,102,102,102,102,102,102,102,102,102,102,102],"card_choices":[{"not_picked":["Clash","Armaments"],"picked":"Shrug It Off","floor":1},{"not_picked":["Clothesline","Pommel Strike"],"picked":"Dropkick","floor":4},{"not_picked":["Seeing Red","Anger"],"picked":"Shockwave","floor":6},{"not_picked":["Carnage","Twin Strike"],"picked":"Battle Trance","floor":8},{"not_picked":["Body Slam","Cleave"],"picked":"Juggernaut","floor":10},{"not_picked":["Rage","Pummel"],"picked":"Entrench","floor":11},{"not_picked":["Entrench","Clash","Armaments"],"picked":"SKIP","floor":13},{"not_picked":["Anger","Sword Boomerang"],"picked":"Body Slam","floor":14}],"player_experience":303440,"relics_obtained":[{"floor":6,"key":"Mango"},{"floor":8,"key":"PreservedInsect"},{"floor":9,"key":"Happy Flower"},{"floor":13,"key":"Magic Flower"}],"event_choices":[{"damage_healed":0,"gold_gain":0,"player_choice":"Success","damage_taken":12,"relics_obtained":["Bronze Scales"],"max_hp_gain":0,"max_hp_loss":0,"event_name":"Scrap Ooze","floor":2,"gold_loss":0},{"damage_healed":0,"gold_gain":0,"player_choice":"Damaged","damage_taken":8,"max_hp_gain":0,"max_hp_loss":0,"event_name":"Wheel of Change","floor":3,"gold_loss":0},{"cards_removed":["Strike_R"],"damage_healed":0,"gold_gain":0,"player_choice":"Card Removal","damage_taken":7,"max_hp_gain":0,"max_hp_loss":0,"event_name":"Golden Wing","floor":5,"gold_loss":0},{"damage_healed":0,"gold_gain":0,"player_choice":"Trade","damage_taken":0,"relics_obtained":["CultistMask"],"max_hp_gain":0,"max_hp_loss":0,"event_name":"FaceTrader","floor":7,"gold_loss":0}],"is_beta":false,"boss_relics":[],"items_purged_floors":[],"is_endless":false,"potions_floor_spawned":[10,13,14],"killed_by":"Hexaghost","ascension_level":8}