{"gold_per_floor":[109,21,21,51,79,91,113,157,192,235,247,278,290,320,332,415,427,455,482,494,518,530,542,579,591,603,73,102,102,117,149,149,226,226,243,257,257,276,291,291,311,311,311,336,336,352,379,379,379,379],"floor_reached":51,"playtime":3492,"items_purged":["Strike_G"],"score":1334,"play_id":"b646439d-0495-4be8-b1ac-e3d1df0a56b4","local_time":"20180830165115","is_ascension_mode":true,"campfire_choices":[{"data":"Neutralize","floor":6,"key":"SMITH"},{"data":"Noxious Fumes","floor":11,"key":"SMITH"},{"data":"Dagger Spray","floor":13,"key":"SMITH"},{"data":"Backflip","floor":15,"key":"SMITH"},{"data":"Backflip","floor":23,"key":"SMITH"},{"data":"Finisher","floor":25,"key":"SMITH"},{"data":"Backflip","floor":32,"key":"SMITH"},{"data":"Cloak And Dagger","floor":40,"key":"SMITH"},{"data":"Night Terror","floor":42,"key":"SMITH"},{"data":"Survivor","floor":45,"key":"SMITH"},{"data":"Flying Knee","floor":49,"key":"SMITH"}],"neow_cost":"NONE","seed_source_timestamp":1062172502183928,"circlet_count":0,"master_deck":["Defend_G","Defend_G","Defend_G","Defend_G","Defend_G","Strike_G","Strike_G","Strike_G","Strike_G","Survivor+1","Neutralize+1","AscendersBane","Dagger Spray+1","Flying Knee+1","Quick Slash","Noxious Fumes+1","Backstab","Backflip+1","Die Die Die","Finisher+1","Backflip+1","Backflip+1","Infinite Blades+1","Dash+1","PiercingWail","Night Terror+1","Cloak And Dagger+1","Infinite Blades+1","A Thousand Cuts+1"],"relics":["Eternal Feather","MawBank","Centennial Puzzle","Vajra","Bag of Marbles","Busted Crown","Molten Egg 2","Frozen Egg 2","Meat on the Bone","Letter Opener","Tough Bandages","Philosopher\u0027s Stone","Unceasing Top","Thread and Needle","Nunchaku","Paper Crane","Question Card"],"potions_floor_usage":[10,14,16,18,19,24,31,33,50,50],"damage_taken":[{"damage":2,"enemies":"2 Louse","floor":1,"turns":3},{"damage":2,"enemies":"Cultist","floor":4,"turns":5},{"damage":4,"enemies":"Small Slimes","floor":5,"turns":4},{"damage":9,"enemies":"Gremlin Gang","floor":7,"turns":4},{"damage":37,"enemies":"3 Sentries","floor":8,"turns":8},{"damage":5,"enemies":"Gremlin Nob","floor":10,"turns":3},{"damage":0,"enemies":"Blue Slaver","floor":12,"turns":1},{"damage":0,"enemies":"Looter","floor":14,"turns":2},{"damage":17,"enemies":"The Guardian","floor":16,"turns":12},{"damage":0,"enemies":"Chosen","floor":18,"turns":4},{"damage":14,"enemies":"3 Byrds","floor":19,"turns":4},{"damage":13,"enemies":"Centurion and Healer","floor":21,"turns":6},{"damage":15,"enemies":"Slavers","floor":24,"turns":4},{"damage":21,"enemies":"Book of Stabbing","floor":28,"turns":4},{"damage":13,"enemies":"Shelled Parasite and Fungi","floor":30,"turns":4},{"damage":4,"enemies":"Slavers","floor":31,"turns":4},{"damage":12,"enemies":"Automaton","floor":33,"turns":11},{"damage":34,"enemies":"3 Darklings","floor":35,"turns":8},{"damage":16,"enemies":"Flame Bruiser 1 Orb","floor":36,"turns":5},{"damage":15,"enemies":"Mind Bloom Boss Battle","floor":37,"turns":8},{"damage":7,"enemies":"Sphere and 2 Shapes","floor":38,"turns":5},{"damage":14,"enemies":"Maw","floor":39,"turns":9},{"damage":12,"enemies":"Flame Bruiser 2 Orb","floor":41,"turns":5},{"damage":46,"enemies":"Nemesis","floor":44,"turns":7},{"damage":8,"enemies":"4 Shapes","floor":46,"turns":9},{"damage":11,"enemies":"2 Orb Walkers","floor":47,"turns":3},{"damage":23,"enemies":"Donu and Deca","floor":50,"turns":8}],"seed_played":"3276298298418563734","potions_obtained":[{"floor":7,"key":"SteroidPotion"},{"floor":8,"key":"Dexterity Potion"},{"floor":10,"key":"Explosive Potion"},{"floor":16,"key":"SteroidPotion"},{"floor":19,"key":"GhostInAJar"},{"floor":30,"key":"Block Potion"},{"floor":31,"key":"Energy Potion"},{"floor":37,"key":"Poison Potion"},{"floor":38,"key":"Dexterity Potion"}],"is_trial":false,"path_per_floor":["M","$","?","M","M","R","M","E","T","E","R","M","R","M","R","B",null,"M","M","?","M","?","R","E","R","T","$","E","?","M","E","R","B",null,"M","M","?","M","M","R","M","R","T","E","R","M","E","T","R","B"],"character_chosen":"THE_SILENT","items_purchased":["Flying Knee","Quick Slash","Meat on the Bone","Infinite Blades+1","Dash+1"],"campfire_rested":0,"item_purchase_floors":[2,2,27,27,27],"current_hp_per_floor":[57,57,52,50,46,55,46,9,9,4,13,13,22,22,34,17,54,54,40,76,63,63,75,60,72,72,72,51,29,28,36,51,51,74,52,48,45,50,48,63,51,66,66,32,47,51,52,52,67,44],"gold":379,"neow_bonus":"BOSS_RELIC","is_prod":false,"is_daily":false,"chose_seed":false,"campfire_upgraded":11,"win_rate":0,"timestamp":1535640675,"path_taken":["M","$","?","M","M","R","?","E","T","E","R","M","R","M","R","BOSS","M","M","?","?","?","R","E","R","T","$","E","?","M","E","R","BOSS","M","M","?","M","M","R","M","R","T","E","R","M","E","?","R","BOSS"],"build_version":"2018-08-23v2","purchased_purges":1,"victory":true,"max_hp_per_floor":[66,66,66,66,66,66,66,66,66,66,66,66,66,66,66,66,66,66,66,76,76,76,76,76,76,76,76,76,81,81,81,81,81,81,81,81,81,81,81,81,81,81,81,81,81,81,81,81,81,81],"card_choices":[{"not_picked":["Poisoned Stab","Backflip"],"picked":"Dagger Spray","floor":1},{"not_picked":["Underhanded Strike","Dagger Throw"],"picked":"Noxious Fumes","floor":5},{"not_picked":["Underhanded Strike","Eviscerate"],"picked":"Backstab","floor":8},{"not_picked":["Outmaneuver","Prepared"],"picked":"Venomology","floor":12},{"not_picked":["Quick Slash","Setup"],"picked":"Backflip","floor":14},{"not_picked":["Bullet Time","Wraith Form v2"],"picked":"Die Die Die","floor":16},{"not_picked":[],"picked":"Finisher","floor":21},{"not_picked":[],"picked":"Backflip","floor":24},{"not_picked":[],"picked":"PiercingWail","floor":31},{"not_picked":[],"picked":"Night Terror","floor":33},{"not_picked":[],"picked":"Cloak And Dagger","floor":37},{"not_picked":[],"picked":"Infinite Blades+1","floor":38},{"not_picked":[],"picked":"A Thousand Cuts+1","floor":44}],"player_experience":1016652,"relics_obtained":[{"floor":8,"key":"Centennial Puzzle"},{"floor":9,"key":"Vajra"},{"floor":10,"key":"Bag of Marbles"},{"floor":24,"key":"Molten Egg 2"},{"floor":26,"key":"Frozen Egg 2"},{"floor":28,"key":"Letter Opener"},{"floor":31,"key":"Tough Bandages"},{"floor":37,"key":"Unceasing Top"},{"floor":43,"key":"Thread and Needle"},{"floor":44,"key":"Nunchaku"},{"floor":47,"key":"Paper Crane"},{"floor":48,"key":"Question Card"}],"event_choices":[{"event_name":"Scrap Ooze","player_choice":"success","floor":3,"damage_taken":5},{"event_name":"Bonfire Elementals","player_choice":"RARE","floor":20,"damage_taken":0},{"event_name":"The Library","player_choice":"Read","floor":22,"damage_taken":0},{"event_name":"Forgotten Altar","player_choice":"Shed Blood","floor":29,"damage_taken":0},{"event_name":"MindBloom","player_choice":"Fight","floor":37,"damage_taken":0}],"is_beta":false,"boss_relics":[{"not_picked":["Orrery","White Beast Statue"],"picked":"Busted Crown"},{"not_picked":["Lizard Tail","Runic Pyramid"],"picked":"Philosopher\u0027s Stone"}],"items_purged_floors":[27],"is_endless":false,"potions_floor_spawned":[7,8,10,16,19,30,31,37,38,39,46],"ascension_level":16}