{"gold_per_floor":[113,113,113,113,133,133,174,194,194,52,52,73,24,49,49,179,179,192,192,206,251,52,52,87,87,138,138,179,179,197,30,30,155,155,173,83,102,11,29,29],"floor_reached":40,"playtime":925,"items_purged":["Defend_G","Strike_G"],"score":633,"play_id":"36cbec22-e5b2-46e9-8e7a-37271a1477b1","local_time":"20190405223739","is_ascension_mode":true,"campfire_choices":[{"floor":6,"key":"REST"},{"floor":11,"key":"REST"},{"floor":15,"key":"REST"},{"floor":23,"key":"REST"},{"floor":27,"key":"REST"},{"floor":29,"key":"REST"},{"floor":32,"key":"REST"}],"neow_cost":"PERCENT_DAMAGE","seed_source_timestamp":293084840014359,"circlet_count":0,"master_deck":["AscendersBane","Defend_G","Defend_G+1","Defend_G","Defend_G","Strike_G","Strike_G","Survivor","Neutralize","Accuracy","Injury","Blur","Slice","Infinite Blades+1","Slice","Dagger Spray","Dagger Spray","Riddle With Holes","Glass Knife","Cloak And Dagger+1","Blade Dance+1","Dodge and Roll+1","Infinite Blades+1","Terror+1","Malaise+1","Cloak And Dagger+1","Malaise+1","Footwork","A Thousand Cuts","Backflip+1","Blade Dance+1","Cloak And Dagger+1","Flash of Steel"],"relics":["Ring of the Snake","Du-Vu Doll","Golden Idol","Prayer Wheel","Toxic Egg 2","Runic Dome","Oddly Smooth Stone","DollysMirror","Question Card","Snake Skull","Shuriken","Eternal Feather"],"potions_floor_usage":[7,14,14,16,28,33,37,39],"damage_taken":[{"damage":8,"enemies":"Small Slimes","floor":1,"turns":4},{"damage":3,"enemies":"Jaw Worm","floor":5,"turns":6},{"damage":33,"enemies":"Lagavulin","floor":7,"turns":7},{"damage":4,"enemies":"2 Louse","floor":8,"turns":4},{"damage":10,"enemies":"Red Slaver","floor":12,"turns":4},{"damage":0,"enemies":"Gremlin Gang","floor":14,"turns":2},{"damage":18,"enemies":"Slime Boss","floor":16,"turns":7},{"damage":19,"enemies":"Shell Parasite","floor":18,"turns":4},{"damage":6,"enemies":"3 Byrds","floor":20,"turns":4},{"damage":33,"enemies":"Gremlin Leader","floor":24,"turns":4},{"damage":34,"enemies":"Slavers","floor":28,"turns":3},{"damage":9,"enemies":"Sentry and Sphere","floor":30,"turns":4},{"damage":12,"enemies":"Champ","floor":33,"turns":8},{"damage":32,"enemies":"3 Shapes","floor":35,"turns":3},{"damage":23,"enemies":"3 Darklings","floor":37,"turns":3},{"damage":0,"enemies":"Spire Growth","floor":39,"turns":4},{"damage":13,"enemies":"Giant Head","floor":40,"turns":1}],"seed_played":"-7800614941934876542","potions_obtained":[{"floor":4,"key":"Strength Potion"},{"floor":4,"key":"SkillPotion"},{"floor":4,"key":"SteroidPotion"},{"floor":8,"key":"Fire Potion"},{"floor":16,"key":"Ancient Potion"},{"floor":20,"key":"Weak Potion"},{"floor":24,"key":"Fire Potion"},{"floor":33,"key":"Swift Potion"},{"floor":35,"key":"SpeedPotion"}],"is_trial":false,"path_per_floor":["M","?","?","?","M","R","E","M","T","$","R","M","?","M","R","B",null,"M","?","M","T","$","R","E","?","T","R","E","R","M","$","R","B",null,"M","?","M","$","M","E"],"character_chosen":"THE_SILENT","items_purchased":["Infinite Blades","DollysMirror","Footwork","Flash of Steel"],"campfire_rested":7,"item_purchase_floors":[10,22,31,38],"current_hp_per_floor":[37,37,30,30,27,48,15,11,11,11,32,22,22,22,43,25,59,40,40,34,34,34,55,22,22,22,43,9,30,21,21,42,30,60,28,28,5,5,5,0],"gold":29,"neow_bonus":"ONE_RARE_RELIC","is_prod":false,"is_daily":false,"chose_seed":false,"campfire_upgraded":0,"win_rate":0,"timestamp":1554496659,"path_taken":["M","?","?","?","?","R","E","?","T","$","R","?","?","M","R","BOSS","M","?","?","?","$","R","E","?","T","R","E","R","M","$","R","BOSS","M","?","M","$","?","E"],"build_version":"2019-01-23","purchased_purges":2,"victory":false,"max_hp_per_floor":[70,70,70,70,70,70,70,70,70,70,70,70,70,70,70,70,70,70,70,70,70,70,70,70,70,70,70,70,70,70,70,70,70,70,70,70,70,70,70,70],"card_choices":[{"not_picked":["Outmaneuver","Deflect"],"picked":"Accuracy","floor":1},{"not_picked":["Crippling Poison","Reflex"],"picked":"Blur","floor":5},{"not_picked":["Backflip","PiercingWail","Outmaneuver"],"picked":"SKIP","floor":7},{"not_picked":["Flying Knee","Sucker Punch"],"picked":"Slice","floor":8},{"not_picked":["Deadly Poison","Poisoned Stab","Choke"],"picked":"SKIP","floor":8},{"not_picked":["Catalyst+1","Bouncing Flask+1"],"picked":"Slice","floor":12},{"not_picked":["Outmaneuver+1","Prepared+1"],"picked":"Dagger Spray","floor":12},{"not_picked":["Outmaneuver+1","Quick Slash"],"picked":"Dagger Spray","floor":14},{"not_picked":["PiercingWail+1","Backflip+1"],"picked":"Riddle With Holes","floor":14},{"not_picked":["Die Die Die","Doppelganger+1"],"picked":"Glass Knife","floor":16},{"not_picked":["Dodge and Roll+1","Quick Slash"],"picked":"Cloak And Dagger+1","floor":18},{"not_picked":["Expertise+1","Accuracy"],"picked":"Blade Dance+1","floor":18},{"not_picked":["Sucker Punch","Dagger Spray"],"picked":"Dodge and Roll+1","floor":20},{"not_picked":["Acrobatics+1","Dagger Throw","Deadly Poison+1"],"picked":"SKIP","floor":20},{"not_picked":["Heel Hook","Choke"],"picked":"Terror+1","floor":24},{"not_picked":["Dagger Throw+1","A Thousand Cuts","Flying Knee"],"picked":"Malaise+1","floor":28},{"not_picked":["Dagger Spray","Footwork","Deadly Poison+1"],"picked":"Cloak And Dagger+1","floor":30},{"not_picked":["Underhanded Strike","Dagger Spray","Sucker Punch+1"],"picked":"Malaise+1","floor":30},{"not_picked":["Burst+1","Adrenaline+1","Phantasmal Killer+1"],"picked":"A Thousand Cuts","floor":33},{"not_picked":["Quick Slash+1","Outmaneuver+1","Acrobatics+1"],"picked":"Backflip+1","floor":35},{"not_picked":["Bouncing Flask+1","Outmaneuver+1","Sucker Punch"],"picked":"Blade Dance+1","floor":35},{"not_picked":["Slice","Acrobatics+1","Prepared+1"],"picked":"Cloak And Dagger+1","floor":37},{"not_picked":["All Out Attack","Caltrops","Flechettes","Backflip+1"],"picked":"SKIP","floor":37},{"not_picked":["Dagger Spray+1","Dash+1","Quick Slash","Sucker Punch"],"picked":"SKIP","floor":39},{"not_picked":["Heel Hook+1","Distraction+1","Corpse Explosion+1","Slice+1"],"picked":"SKIP","floor":39}],"player_experience":154228,"relics_obtained":[{"floor":7,"key":"Prayer Wheel"},{"floor":9,"key":"Toxic Egg 2"},{"floor":21,"key":"Oddly Smooth Stone"},{"floor":24,"key":"Question Card"},{"floor":26,"key":"Snake Skull"},{"floor":28,"key":"Shuriken"}],"event_choices":[{"damage_healed":0,"gold_gain":0,"player_choice":"Take Wound","damage_taken":0,"relics_obtained":["Golden Idol"],"max_hp_gain":0,"max_hp_loss":0,"event_name":"Golden Idol","floor":2,"gold_loss":0,"cards_obtained":["Injury"]},{"cards_removed":["Strike_G"],"damage_healed":0,"gold_gain":0,"player_choice":"Card Removal","damage_taken":7,"max_hp_gain":0,"max_hp_loss":0,"event_name":"Golden Wing","floor":3,"gold_loss":0},{"damage_healed":0,"gold_gain":0,"player_choice":"Got Potions","damage_taken":0,"max_hp_gain":0,"max_hp_loss":0,"event_name":"Lab","floor":4,"gold_loss":0},{"damage_healed":0,"gold_gain":0,"player_choice":"Left Gold","damage_taken":0,"max_hp_gain":0,"max_hp_loss":0,"event_name":"World of Goop","floor":13,"gold_loss":49},{"damage_healed":0,"gold_gain":0,"player_choice":"Forge","damage_taken":0,"max_hp_gain":0,"max_hp_loss":0,"event_name":"Accursed Blacksmith","floor":19,"gold_loss":0,"cards_upgraded":["Infinite Blades"]},{"damage_healed":0,"gold_gain":0,"player_choice":"Ignored","damage_taken":0,"max_hp_gain":0,"max_hp_loss":0,"event_name":"Cursed Tome","floor":25,"gold_loss":0},{"cards_removed":["Strike_G"],"damage_healed":0,"gold_gain":0,"player_choice":"Upgrade and Remove","damage_taken":0,"max_hp_gain":0,"max_hp_loss":0,"event_name":"Designer","floor":36,"gold_loss":90,"cards_upgraded":["Defend_G"]}],"is_beta":false,"boss_relics":[{"not_picked":["Runic Pyramid","Lizard Tail"],"picked":"Runic Dome"},{"not_picked":["Astrolabe","Orrery"],"picked":"Eternal Feather"}],"items_purged_floors":[10,31],"is_endless":false,"potions_floor_spawned":[5,8,16,20,24,33,35],"killed_by":"Giant Head","ascension_level":10}