{"gold_per_floor":[118,118,130,145,220,248,248,248,248,259,259],"floor_reached":11,"playtime":481,"items_purged":[],"score":88,"play_id":"b9b5c6cb-679b-47ae-a14c-e266f151c9ab","local_time":"20190430195003","is_ascension_mode":true,"campfire_choices":[{"data":"Juggernaut","floor":7,"key":"SMITH"}],"neow_cost":"NONE","seed_source_timestamp":3648806248670125,"circlet_count":0,"master_deck":["Strike_R","Strike_R","Strike_R","Strike_R","Strike_R","Defend_R","Defend_R","Defend_R","Bash+1","Sword Boomerang","Inflame","Fiend Fire","Juggernaut+1","Warcry"],"relics":["Burning Blood","Art of War","FaceOfCleric","Bottled Lightning"],"potions_floor_usage":[],"damage_taken":[{"damage":6,"enemies":"Cultist","floor":1,"turns":4},{"damage":7,"enemies":"Jaw Worm","floor":3,"turns":3},{"damage":0,"enemies":"Small Slimes","floor":4,"turns":3},{"damage":35,"enemies":"Lagavulin","floor":6,"turns":5},{"damage":35,"enemies":"Gremlin Gang","floor":10,"turns":5},{"damage":15,"enemies":"3 Louse","floor":11,"turns":2}],"seed_played":"-4779260930344908505","potions_obtained":[{"floor":4,"key":"SpeedPotion"},{"floor":6,"key":"Strength Potion"}],"is_trial":false,"path_per_floor":["M","?","M","M","?","E","R","?","T","M","M"],"character_chosen":"IRONCLAD","items_purchased":[],"campfire_rested":0,"item_purchase_floors":[],"current_hp_per_floor":[80,80,79,80,69,40,40,40,40,12,0],"gold":259,"neow_bonus":"UPGRADE_CARD","is_prod":false,"is_daily":false,"chose_seed":false,"campfire_upgraded":1,"win_rate":0,"timestamp":1556668203,"path_taken":["M","?","?","M","?","E","R","?","T","M","?"],"build_version":"2018-11-15","purchased_purges":0,"victory":false,"max_hp_per_floor":[80,80,80,80,80,80,80,80,80,81,81],"card_choices":[{"not_picked":["Twin Strike","Wild Strike"],"picked":"Sword Boomerang","floor":1},{"not_picked":["Anger","Sentinel"],"picked":"Inflame","floor":3},{"not_picked":["Seeing Red","Wild Strike"],"picked":"Fiend Fire","floor":4},{"not_picked":["Warcry","Bludgeon"],"picked":"Juggernaut","floor":6},{"not_picked":["Blood for Blood","Rupture"],"picked":"Warcry","floor":10}],"player_experience":167915,"relics_obtained":[{"floor":6,"key":"Art of War"},{"floor":9,"key":"Bottled Lightning"}],"event_choices":[{"cards_removed":["Defend_R"],"damage_healed":0,"gold_gain":0,"player_choice":"Card Removal","damage_taken":0,"max_hp_gain":0,"max_hp_loss":0,"event_name":"Wheel of Change","floor":2,"gold_loss":0},{"damage_healed":0,"gold_gain":75,"player_choice":"Gather Gold","damage_taken":11,"max_hp_gain":0,"max_hp_loss":0,"event_name":"World of Goop","floor":5,"gold_loss":0},{"damage_healed":0,"gold_gain":0,"player_choice":"Trade","damage_taken":0,"relics_obtained":["FaceOfCleric"],"max_hp_gain":0,"max_hp_loss":0,"event_name":"FaceTrader","floor":8,"gold_loss":0}],"is_beta":false,"boss_relics":[],"items_purged_floors":[],"is_endless":false,"potions_floor_spawned":[4,6],"killed_by":"3 Louse","ascension_level":4}