{"gold_per_floor":[113,113,113,28,39,39,73,88,164,164,179,179,179,190,190,288,288,302,316,316,316,316,349,26,26,73,73,73,89,115,135,135,236,286,297,313,56,56,56,56,56,80,106,187,205,222,24,43,43,43],"floor_reached":50,"playtime":1835,"items_purged":["Strike_B+1","Strike_B+1","Defend_B+1"],"score":805,"play_id":"94a222c3-af98-4ae9-81a2-15ff25728dfe","local_time":"20190505103228","is_ascension_mode":true,"campfire_choices":[{"data":"Hologram","floor":6,"key":"SMITH"},{"data":"Zap","floor":10,"key":"SMITH"},{"data":"Streamline","floor":13,"key":"SMITH"},{"data":"Flash of Steel","floor":15,"key":"SMITH"},{"data":"Hologram","floor":25,"key":"SMITH"},{"data":"Machine Learning","floor":27,"key":"SMITH"},{"floor":32,"key":"REST"},{"floor":40,"key":"REST"},{"data":"Defragment","floor":49,"key":"SMITH"}],"neow_cost":"NONE","seed_source_timestamp":2122283027050992,"circlet_count":0,"master_deck":["AscendersBane","Strike_B+1","Defend_B+1","Defend_B+1","Defend_B+1","Zap+1","Dualcast+1","FTL+1","Flash of Steel+1","Hologram+1","Go for the Eyes+1","Streamline+1","Conserve Battery+1","Machine Learning+1","Beam Cell+1","Hologram+1","Core Surge+1","Conserve Battery+1","Electrodynamics+1","Defragment+1","Defragment+1"],"relics":["Cracked Core","NeowsBlessing","Centennial Puzzle","Ornamental Fan","Cables","Sozu","Blue Candle","FossilizedHelix","Boot","ClockworkSouvenir","Whetstone","Bag of Marbles","Tiny House","Tiny Chest","Mark of the Bloom","Art of War","Omamori","Shuriken"],"potions_floor_usage":[16,23],"damage_taken":[{"damage":0,"enemies":"Small Slimes","floor":1,"turns":1},{"damage":0,"enemies":"2 Louse","floor":5,"turns":1},{"damage":0,"enemies":"3 Sentries","floor":7,"turns":1},{"damage":0,"enemies":"Jaw Worm","floor":8,"turns":3},{"damage":1,"enemies":"Exordium Wildlife","floor":11,"turns":3},{"damage":5,"enemies":"3 Louse","floor":14,"turns":2},{"damage":2,"enemies":"Hexaghost","floor":16,"turns":7},{"damage":4,"enemies":"3 Byrds","floor":18,"turns":5},{"damage":8,"enemies":"Chosen","floor":19,"turns":3},{"damage":17,"enemies":"Slavers","floor":23,"turns":6},{"damage":0,"enemies":"Centurion and Healer","floor":29,"turns":4},{"damage":20,"enemies":"Gremlin Leader","floor":30,"turns":4},{"damage":0,"enemies":"Shelled Parasite and Fungi","floor":31,"turns":3},{"damage":4,"enemies":"Collector","floor":33,"turns":7},{"damage":0,"enemies":"3 Shapes","floor":35,"turns":3},{"damage":0,"enemies":"3 Darklings","floor":36,"turns":6},{"damage":0,"enemies":"Jaw Worm Horde","floor":45,"turns":2},{"damage":21,"enemies":"Writhing Mass","floor":46,"turns":5},{"damage":14,"enemies":"Sphere and 2 Shapes","floor":48,"turns":4},{"damage":37,"enemies":"Donu and Deca","floor":50,"turns":3}],"seed_played":"-1962603407006409921","potions_obtained":[{"floor":1,"key":"EssenceOfSteel"},{"floor":14,"key":"PowerPotion"}],"is_trial":false,"path_per_floor":["M","?","?","$","M","R","E","M","T","R","M","?","R","M","R","B",null,"M","M","?","?","T","E","$","R","T","R","$","M","E","M","R","B",null,"M","M","$","?","?","R","$","T","T","T","M","M","$","M","R","B"],"character_chosen":"DEFECT","items_purchased":["Flash of Steel","ClockworkSouvenir","Hologram","Defragment","Tiny Chest","Defragment"],"campfire_rested":2,"item_purchase_floors":[4,24,24,37,37,47],"current_hp_per_floor":[68,61,54,54,54,54,54,54,54,54,53,38,38,33,33,31,64,60,52,52,52,52,35,35,35,35,35,35,35,15,15,37,33,70,70,70,70,70,70,70,70,70,70,70,70,49,49,35,35,0],"gold":43,"neow_bonus":"THREE_ENEMY_KILL","is_prod":false,"is_daily":false,"chose_seed":false,"campfire_upgraded":7,"win_rate":0,"timestamp":1557045148,"path_taken":["M","?","?","?","M","R","E","?","T","R","M","?","R","M","R","BOSS","M","M","?","?","?","E","$","R","T","R","?","M","E","M","R","BOSS","M","M","$","?","?","R","$","?","T","?","?","M","?","M","R","BOSS"],"build_version":"2019-01-23","purchased_purges":3,"victory":false,"max_hp_per_floor":[75,75,75,75,75,75,75,75,75,75,75,75,75,75,75,75,75,75,75,75,75,75,75,75,75,75,75,75,75,75,75,75,75,80,80,80,80,80,80,80,80,80,80,80,80,80,80,80,80,80],"card_choices":[{"not_picked":["Go for the Eyes","Beam Cell"],"picked":"FTL","floor":1},{"not_picked":["Storm","Stack"],"picked":"Hologram","floor":5},{"not_picked":["Blizzard","Darkness"],"picked":"Go for the Eyes","floor":7},{"not_picked":["Capacitor","Sunder"],"picked":"Streamline","floor":8},{"not_picked":["Streamline","Barrage"],"picked":"Conserve Battery","floor":11},{"not_picked":["Cold Snap","Ball Lightning","Barrage"],"picked":"SKIP","floor":14},{"not_picked":["Multi-Cast","Meteor Strike"],"picked":"Machine Learning","floor":16},{"not_picked":["Coolheaded","Cold Snap"],"picked":"Beam Cell+1","floor":18},{"not_picked":["Barrage+1","Go for the Eyes"],"picked":"Gash","floor":19},{"not_picked":["Aggregate+1","Chaos","Sweeping Beam"],"picked":"SKIP","floor":23},{"not_picked":["Recycle+1","Consume+1","Cold Snap"],"picked":"SKIP","floor":29},{"not_picked":["Heatsinks","Ball Lightning","Coolheaded"],"picked":"SKIP","floor":30},{"not_picked":["Undo+1","Rip and Tear","Compile Driver"],"picked":"SKIP","floor":31},{"not_picked":["Meteor Strike","Creative AI"],"picked":"Core Surge","floor":33},{"not_picked":["Ball Lightning+1","Cold Snap+1"],"picked":"Conserve Battery+1","floor":35},{"not_picked":["Fusion","Turbo"],"picked":"Electrodynamics","floor":36},{"not_picked":["Self Repair","Streamline+1","Ball Lightning"],"picked":"SKIP","floor":45},{"not_picked":["Compile Driver","Rebound+1","Barrage"],"picked":"SKIP","floor":46},{"not_picked":["Compile Driver","Stack","Blizzard"],"picked":"SKIP","floor":48}],"player_experience":190130,"relics_obtained":[{"floor":7,"key":"Ornamental Fan"},{"floor":9,"key":"Cables"},{"floor":22,"key":"FossilizedHelix"},{"floor":23,"key":"Boot"},{"floor":26,"key":"Whetstone"},{"floor":30,"key":"Bag of Marbles"},{"floor":42,"key":"Art of War"},{"floor":43,"key":"Omamori"},{"floor":44,"key":"Shuriken"}],"event_choices":[{"cards_removed":["Strike_B"],"damage_healed":0,"gold_gain":0,"player_choice":"Card Removal","damage_taken":7,"max_hp_gain":0,"max_hp_loss":0,"event_name":"Golden Wing","floor":2,"gold_loss":0},{"damage_healed":0,"gold_gain":0,"player_choice":"Success","damage_taken":7,"relics_obtained":["Centennial Puzzle"],"max_hp_gain":0,"max_hp_loss":0,"event_name":"Scrap Ooze","floor":3,"gold_loss":0},{"damage_healed":0,"gold_gain":0,"player_choice":"Entered Light","damage_taken":15,"max_hp_gain":0,"max_hp_loss":0,"event_name":"Shining Light","floor":12,"gold_loss":0,"cards_upgraded":["Defend_B","Dualcast"]},{"damage_healed":0,"gold_gain":0,"player_choice":"Simplicity","damage_taken":0,"max_hp_gain":0,"max_hp_loss":0,"event_name":"Back to Basics","floor":20,"gold_loss":0,"cards_upgraded":["Strike_B","Strike_B","Strike_B","Defend_B","Defend_B","Defend_B"]},{"damage_healed":0,"gold_gain":0,"player_choice":"Opened","damage_taken":0,"relics_obtained":["Blue Candle"],"max_hp_gain":0,"max_hp_loss":0,"event_name":"The Mausoleum","floor":21,"gold_loss":0},{"damage_healed":0,"gold_gain":0,"player_choice":"Upgrade","damage_taken":0,"relics_obtained":["Mark of the Bloom"],"max_hp_gain":0,"max_hp_loss":0,"event_name":"MindBloom","floor":38,"gold_loss":0,"cards_upgraded":["FTL","Core Surge","Electrodynamics","Defragment"]},{"cards_removed":["Gash"],"damage_healed":0,"gold_gain":0,"player_choice":"Removed Attack","damage_taken":0,"max_hp_gain":0,"max_hp_loss":0,"event_name":"Falling","floor":39,"gold_loss":0}],"is_beta":false,"boss_relics":[{"not_picked":["Black Star","Cursed Key"],"picked":"Sozu"},{"not_picked":["Snecko Eye","Runic Dome"],"picked":"Tiny House"}],"items_purged_floors":[24,37,47],"is_endless":false,"potions_floor_spawned":[1,14,18,19,23,45,48],"killed_by":"Donu and Deca","ascension_level":11}