{"gold_per_floor":[113,132,132,144,154,180,213,23,46,46,65,65,76,111,111,207,207,218,126,143,143,155,155,155,155,155,155,166,199,199,18,18,118,118,136,136,136,136,150,150,253,265,265,265],"floor_reached":44,"playtime":5498,"items_purged":[],"score":461,"play_id":"00ea713f-63d8-4f22-90ad-38e8021743b3","local_time":"20190527181320","is_ascension_mode":false,"campfire_choices":[{"data":"Mayhem","floor":10,"key":"SMITH"},{"data":"Anger","floor":12,"key":"SMITH"},{"floor":15,"key":"REST"},{"floor":23,"key":"REST"},{"data":"Barricade","floor":25,"key":"SMITH"},{"data":"Rage","floor":27,"key":"SMITH"},{"floor":30,"key":"REST"},{"data":"Feed","floor":32,"key":"SMITH"},{"floor":40,"key":"REST"}],"neow_cost":"","seed_source_timestamp":0,"circlet_count":0,"master_deck":["Strike_R","Strike_R","Strike_R","Strike_R","Strike_R","Defend_R","Defend_R","Defend_R","Defend_R","Bash","Cleave","Body Slam","Anger+1","Shockwave","Rage+1","Mayhem+1","Dropkick","Cleave","Shockwave+1","Barricade+1","True Grit+1","Impatience+1","Combust+1","Searing Blow","Clothesline+1","Intimidate+1","Fiend Fire","Seeing Red+1","Feed+1","Seeing Red+1","Impervious+1","True Grit+1","Writhe","Warcry+1","Cleave+1","Body Slam+1","Feel No Pain"],"special_seed":0,"relics":["Burning Blood","Anchor","Lantern","Potion Belt","Toxic Egg 2","Black Star","Dream Catcher","Strawberry","Vajra","Juzu Bracelet","Runic Cube","SsserpentHead","Charon\u0027s Ashes","Shuriken"],"potions_floor_usage":[4,5,7,7,7,16,28,29,41],"damage_taken":[{"damage":2.0,"enemies":"2 Louse","floor":1.0,"turns":4.0},{"damage":1,"enemies":"Cultist","floor":2,"turns":4},{"damage":0,"enemies":"Small Slimes","floor":4,"turns":2},{"damage":0,"enemies":"Exordium Wildlife","floor":5,"turns":2},{"damage":22,"enemies":"3 Sentries","floor":7,"turns":6},{"damage":0,"enemies":"3 Louse","floor":11,"turns":2},{"damage":0,"enemies":"Looter","floor":13,"turns":3},{"damage":22,"enemies":"Gremlin Nob","floor":14,"turns":5},{"damage":50,"enemies":"The Guardian","floor":16,"turns":8},{"damage":19,"enemies":"2 Thieves","floor":18,"turns":4},{"damage":2,"enemies":"3 Byrds","floor":20,"turns":5},{"damage":23,"enemies":"Shelled Parasite and Fungi","floor":22,"turns":4},{"damage":16,"enemies":"Chosen and Byrds","floor":28,"turns":7},{"damage":26,"enemies":"Slavers","floor":29,"turns":6},{"damage":26,"enemies":"Champ","floor":33,"turns":13},{"damage":49,"enemies":"3 Darklings","floor":35,"turns":7},{"damage":18,"enemies":"3 Shapes","floor":39,"turns":4},{"damage":40,"enemies":"2 Orb Walkers","floor":41,"turns":5},{"damage":42,"enemies":"Transient","floor":42,"turns":5},{"damage":13,"enemies":"4 Shapes","floor":44,"turns":5}],"seed_played":"-6023893217368733409","potions_obtained":[{"floor":1,"key":"Weak Potion"},{"floor":3,"key":"Explosive Potion"},{"floor":3,"key":"Fire Potion"},{"floor":4,"key":"AttackPotion"},{"floor":5,"key":"AttackPotion"},{"floor":7,"key":"BloodPotion"},{"floor":20,"key":"SteroidPotion"},{"floor":28,"key":"Energy Potion"},{"floor":33,"key":"SkillPotion"},{"floor":42,"key":"SpeedPotion"}],"is_trial":false,"path_per_floor":["M","M","?","M","M","T","E","$","T","R","M","R","M","E","R","B",null,"M","$","M","?","M","R","?","R","T","R","M","E","R","$","R","B",null,"M","?","?","$","M","R","?","M","T","M"],"character_chosen":"IRONCLAD","items_purchased":["Mayhem","Impatience+1","Feed","Seeing Red+1"],"campfire_rested":4,"item_purchase_floors":[8,19,31,31],"current_hp_per_floor":[80,80,80,80,80,80,64,64,64,64,70,70,76,60,80,44,80,67,67,71,71,54,78,78,78,85,85,75,55,81,81,81,61,87,44,66,66,66,54,80,46,10,10,0],"gold":265,"neow_bonus":"","is_prod":false,"is_daily":false,"chose_seed":false,"campfire_upgraded":5,"win_rate":0.0,"timestamp":1558995200,"path_taken":["M","M","?","M","?","?","E","?","T","R","?","R","M","E","R","BOSS","M","$","M","?","M","R","?","R","T","R","M","E","R","?","R","BOSS","M","?","?","$","M","R","?","M","T","M"],"build_version":"2019-01-23","purchased_purges":0,"victory":false,"max_hp_per_floor":[80,80,80,80,80,80,80,80,80,80,80,80,80,80,80,80,80,80,80,80,80,80,80,80,80,87,87,87,87,87,87,87,87,87,87,87,87,87,87,87,87,87,87,87],"card_choices":[{"not_picked":["Corruption","Power Through"],"picked":"Cleave","floor":1},{"not_picked":["Corruption","Pommel Strike"],"picked":"Body Slam","floor":2},{"not_picked":["Clothesline","Sword Boomerang"],"picked":"Anger","floor":4},{"not_picked":["Warcry","Flex"],"picked":"Shockwave","floor":5},{"not_picked":["Iron Wave","Demon Form"],"picked":"Rage","floor":7},{"not_picked":["Sword Boomerang","Hemokinesis"],"picked":"Dropkick","floor":11},{"not_picked":["Iron Wave","Twin Strike"],"picked":"Cleave","floor":13},{"not_picked":["Fire Breathing","Perfected Strike"],"picked":"Shockwave","floor":14},{"not_picked":["Impervious+1","Berserk"],"picked":"Barricade","floor":16},{"not_picked":["Flex+1","Pommel Strike"],"picked":"True Grit+1","floor":18},{"not_picked":["Thunderclap","Blood for Blood"],"picked":"Combust+1","floor":20},{"not_picked":["True Grit+1","Inflame"],"picked":"Searing Blow","floor":22},{"not_picked":["Fire Breathing","Body Slam"],"picked":"Clothesline+1","floor":23},{"not_picked":["Dropkick","Reckless Charge"],"picked":"Intimidate+1","floor":28},{"not_picked":["Iron Wave","Intimidate+1"],"picked":"Fiend Fire","floor":29},{"not_picked":["Combust","Thunderclap"],"picked":"Seeing Red+1","floor":30},{"not_picked":["Bludgeon","Barricade"],"picked":"Impervious+1","floor":33},{"not_picked":["Clothesline","Twin Strike"],"picked":"True Grit+1","floor":35},{"not_picked":["Disarm+1","Blood for Blood+1"],"picked":"Warcry+1","floor":39},{"not_picked":["Anger","Twin Strike+1"],"picked":"Cleave+1","floor":40},{"not_picked":["Pommel Strike","Sword Boomerang"],"picked":"Body Slam+1","floor":41},{"not_picked":["Twin Strike+1","Pummel"],"picked":"Feel No Pain","floor":42}],"player_experience":0,"relics_obtained":[{"floor":6,"key":"Anchor"},{"floor":7,"key":"Lantern"},{"floor":9,"key":"Potion Belt"},{"floor":14,"key":"Toxic Egg 2"},{"floor":26,"key":"Strawberry"},{"floor":29,"key":"Vajra"},{"floor":29,"key":"Juzu Bracelet"},{"floor":41,"key":"Charon\u0027s Ashes"},{"floor":43,"key":"Shuriken"}],"event_choices":[{"damage_healed":0,"gold_gain":0,"player_choice":"Got Potions","damage_taken":0,"max_hp_gain":0,"max_hp_loss":0,"event_name":"Lab","floor":3,"gold_loss":0},{"damage_healed":0,"gold_gain":0,"player_choice":"Opened","damage_taken":0,"relics_obtained":["Dream Catcher"],"max_hp_gain":0,"max_hp_loss":0,"event_name":"The Mausoleum","floor":21,"gold_loss":0},{"damage_healed":0,"gold_gain":0,"player_choice":"Ignored","damage_taken":0,"max_hp_gain":0,"max_hp_loss":0,"event_name":"Ghosts","floor":24,"gold_loss":0},{"damage_healed":22,"gold_gain":0,"player_choice":"Writhe","damage_taken":0,"max_hp_gain":0,"max_hp_loss":0,"event_name":"Winding Halls","floor":36,"gold_loss":0,"cards_obtained":["Writhe"]},{"damage_healed":0,"gold_gain":0,"player_choice":"Trade","damage_taken":0,"relics_obtained":["SsserpentHead"],"max_hp_gain":0,"max_hp_loss":0,"event_name":"FaceTrader","floor":37,"gold_loss":0},{"damage_healed":0,"gold_gain":0,"player_choice":"Fight","damage_taken":0,"max_hp_gain":0,"max_hp_loss":0,"event_name":"Mysterious Sphere","floor":41,"gold_loss":0}],"is_beta":false,"boss_relics":[{"not_picked":["Empty Cage","Velvet Choker"],"picked":"Black Star"},{"not_picked":["Busted Crown","Runic Dome"],"picked":"Runic Cube"}],"items_purged_floors":[],"is_endless":false,"potions_floor_spawned":[1,4,5,7,20,28,33,42],"killed_by":"4 Shapes","ascension_level":0}