{"gold_per_floor":[109,109,74,88,106,106,136,136,136,171,1,14,14,77,77,149,149,161,40,58,108,158,193,193,204,204,236,236,286,286,301,301,374,374,386,52,71,82,132,132,160,160,184,204,254,264,264,292,292,292],"floor_reached":51,"playtime":3736,"items_purged":["Strike_B","Strike_B"],"score":1301,"play_id":"0292a879-4037-4d91-be83-255217e1084a","local_time":"20181002162150","is_ascension_mode":true,"campfire_choices":[{"data":"Sweeping Beam","floor":6,"key":"SMITH"},{"data":"Streamline","floor":13,"key":"SMITH"},{"floor":15,"key":"REST"},{"data":"Glacier","floor":24,"key":"SMITH"},{"data":"Zap","floor":28,"key":"SMITH"},{"data":"Go for the Eyes","floor":30,"key":"SMITH"},{"data":"Dualcast","floor":32,"key":"SMITH"},{"data":"Coolheaded","floor":40,"key":"SMITH"},{"data":"Steam","floor":42,"key":"SMITH"},{"floor":47,"key":"REST"},{"data":"Steam","floor":49,"key":"SMITH"}],"neow_cost":"NONE","seed_source_timestamp":1669327536701704,"circlet_count":0,"master_deck":["Strike_B","Defend_B","Defend_B+1","Defend_B+1","Defend_B","Zap+1","Dualcast+1","AscendersBane","Coolheaded+1","Glacier+1","Sweeping Beam+1","Core Surge","Steam+1","Streamline+1","Cold Snap","Biased Cognition+1","Steam+1","Self Repair+1","FTL","Go for the Eyes+1","Creative AI+1","Cold Snap","Defragment+1","Chill","Madness","Madness","Storm+1","Skim+1","Go for the Eyes+1"],"relics":["Cracked Core","Bronze Scales","Centennial Puzzle","Matryoshka","SsserpentHead","Anchor","Frozen Egg 2","War Paint","DataDisk","Black Star","Bag of Preparation","Smiling Mask","Happy Flower","Bag of Marbles","Oddly Smooth Stone","Ancient Tea Set","Sozu","Dream Catcher","Juzu Bracelet","Regal Pillow","Orichalcum","Blood Vial"],"potions_floor_usage":[7,18,23,33,50,50],"damage_taken":[{"damage":8,"enemies":"2 Louse","floor":1,"turns":2},{"damage":7,"enemies":"Small Slimes","floor":4,"turns":4},{"damage":2,"enemies":"Jaw Worm","floor":5,"turns":4},{"damage":26,"enemies":"Lagavulin","floor":7,"turns":8},{"damage":13,"enemies":"Gremlin Nob","floor":10,"turns":4},{"damage":0,"enemies":"Exordium Thugs","floor":12,"turns":4},{"damage":0,"enemies":"3 Louse","floor":14,"turns":2},{"damage":9,"enemies":"The Guardian","floor":16,"turns":10},{"damage":2,"enemies":"2 Thieves","floor":18,"turns":4},{"damage":6,"enemies":"Shell Parasite","floor":20,"turns":5},{"damage":9,"enemies":"Colosseum Slavers","floor":22,"turns":4},{"damage":21,"enemies":"Slavers","floor":23,"turns":5},{"damage":4,"enemies":"3 Cultists","floor":25,"turns":4},{"damage":2,"enemies":"Book of Stabbing","floor":27,"turns":5},{"damage":0,"enemies":"Snake Plant","floor":31,"turns":3},{"damage":12,"enemies":"Champ","floor":33,"turns":14},{"damage":0,"enemies":"3 Shapes","floor":35,"turns":4},{"damage":3,"enemies":"3 Darklings","floor":37,"turns":6},{"damage":15,"enemies":"Maw","floor":38,"turns":8},{"damage":14,"enemies":"Nemesis","floor":41,"turns":9},{"damage":24,"enemies":"Spire Growth","floor":44,"turns":6},{"damage":13,"enemies":"Sphere and 2 Shapes","floor":46,"turns":6},{"damage":14,"enemies":"Giant Head","floor":48,"turns":10},{"damage":8,"enemies":"Donu and Deca","floor":50,"turns":9}],"seed_played":"1435384943705648035","potions_obtained":[{"floor":1,"key":"Block Potion"},{"floor":10,"key":"Energy Potion"},{"floor":12,"key":"Energy Potion"},{"floor":16,"key":"SkillPotion"},{"floor":23,"key":"FearPotion"},{"floor":25,"key":"Explosive Potion"},{"floor":33,"key":"EssenceOfSteel"}],"is_trial":false,"path_per_floor":["M","?","?","M","M","R","E","?","T","E","$","M","R","M","R","B",null,"M","$","M","?","?","E","R","M","T","E","R","?","R","M","R","B",null,"M","$","M","M","?","R","E","R","T","M","?","M","R","E","R","B"],"character_chosen":"DEFECT","items_purchased":["DataDisk","Self Repair+1","Defragment+1","Chill","Impatience"],"campfire_rested":2,"item_purchase_floors":[11,19,36,36,36],"current_hp_per_floor":[56,45,62,55,53,53,27,27,27,14,14,14,14,14,35,26,60,58,58,62,62,63,52,52,58,58,66,66,66,66,71,71,69,71,71,71,71,66,53,53,49,49,49,35,35,32,68,64,64,68],"gold":292,"neow_bonus":"RANDOM_COMMON_RELIC","is_prod":false,"is_daily":false,"chose_seed":false,"campfire_upgraded":9,"win_rate":0,"timestamp":1538490110,"path_taken":["M","?","?","M","M","R","E","?","T","E","$","M","R","?","R","BOSS","M","$","M","?","?","E","R","M","T","E","R","?","R","M","R","BOSS","M","$","M","M","?","R","E","R","T","M","?","M","R","E","R","BOSS"],"build_version":"2018-09-27","purchased_purges":2,"victory":true,"max_hp_per_floor":[71,71,71,71,71,71,71,71,71,71,71,71,71,71,71,71,71,71,71,71,71,71,71,71,71,71,71,71,71,71,71,71,71,71,71,71,71,71,71,71,71,71,71,71,71,71,71,71,71,71],"card_choices":[{"not_picked":["Consume","Sweeping Beam"],"picked":"Coolheaded","floor":1},{"not_picked":["Recycle","Steam"],"picked":"Glacier","floor":4},{"not_picked":["Hologram","Steam Power"],"picked":"Sweeping Beam","floor":5},{"not_picked":["Loop","Barrage"],"picked":"Core Surge","floor":7},{"not_picked":["Rip and Tear","Stack"],"picked":"Steam","floor":10},{"not_picked":["Stack","Compile Driver"],"picked":"Streamline","floor":12},{"not_picked":["Leap","Melter"],"picked":"Cold Snap","floor":14},{"not_picked":["Seek","Buffer+1"],"picked":"Biased Cognition+1","floor":16},{"not_picked":["Compile Driver+1","FTL"],"picked":"Steam","floor":18},{"not_picked":["Redo","Coolheaded"],"picked":"FTL","floor":20},{"not_picked":["Steam","Aggregate"],"picked":"Go for the Eyes","floor":25},{"not_picked":["Hyperbeam","Reboot"],"picked":"Creative AI+1","floor":33},{"not_picked":["Reprogram+1","Gash"],"picked":"Cold Snap","floor":35},{"not_picked":["Gash+1","Self Repair+1"],"picked":"Storm+1","floor":41},{"not_picked":["Streamline+1","Melter"],"picked":"Skim+1","floor":44},{"not_picked":["Aggregate","Ball Lightning+1"],"picked":"Go for the Eyes+1","floor":47}],"player_experience":1096200,"relics_obtained":[{"floor":7,"key":"Matryoshka"},{"floor":9,"key":"Anchor"},{"floor":9,"key":"Frozen Egg 2"},{"floor":10,"key":"War Paint"},{"floor":23,"key":"Bag of Preparation"},{"floor":23,"key":"Smiling Mask"},{"floor":26,"key":"Happy Flower"},{"floor":26,"key":"Bag of Marbles"},{"floor":27,"key":"Oddly Smooth Stone"},{"floor":27,"key":"Ancient Tea Set"},{"floor":41,"key":"Dream Catcher"},{"floor":41,"key":"Juzu Bracelet"},{"floor":43,"key":"Regal Pillow"},{"floor":48,"key":"Orichalcum"},{"floor":48,"key":"Blood Vial"}],"event_choices":[{"event_name":"Scrap Ooze","player_choice":"success","floor":2,"damage_taken":11},{"event_name":"The Cleric","player_choice":"Healed","floor":3,"damage_taken":0},{"event_name":"FaceTrader","player_choice":"Trade","floor":8,"damage_taken":0},{"event_name":"Back to Basics","player_choice":"Elegance","floor":21,"damage_taken":0},{"event_name":"Colosseum","player_choice":"Fight","floor":22,"damage_taken":0},{"event_name":"Colosseum","player_choice":"Fled From Nobs","floor":22,"damage_taken":0},{"event_name":"The Mausoleum","player_choice":"No","floor":29,"damage_taken":0},{"event_name":"Winding Halls","player_choice":"Embrace Madness","floor":39,"damage_taken":0},{"event_name":"Falling","player_choice":"Removed Skill","floor":45,"damage_taken":0}],"is_beta":false,"boss_relics":[{"not_picked":["Runic Dome","Lizard Tail"],"picked":"Black Star"},{"not_picked":["Tiny House","FrozenCore"],"picked":"Sozu"}],"items_purged_floors":[19,36],"is_endless":false,"potions_floor_spawned":[1,10,12,16,23,25,31,33,41,44,46],"ascension_level":17}