{"gold_per_floor":[115,1,1,19,31,31,66,66,66,66,99,12,12,37,37,112,112,130,130,142,192,192,36,66,76,76,96,112,112,130,23,23,23],"floor_reached":33,"playtime":2165,"items_purged":["Shame"],"score":564,"play_id":"f7c63509-d7af-4b1a-833d-afe12ee4748b","local_time":"20190530163859","is_ascension_mode":true,"campfire_choices":[{"data":"Neutralize","floor":6,"key":"SMITH"},{"data":"Catalyst","floor":8,"key":"SMITH"},{"data":"Noxious Fumes","floor":10,"key":"SMITH"},{"data":"Footwork","floor":13,"key":"SMITH"},{"floor":15,"key":"REST"},{"data":"Wraith Form v2","floor":29,"key":"SMITH"},{"data":"Night Terror","floor":32,"key":"SMITH"}],"neow_cost":"CURSE","seed_source_timestamp":990143643776903,"circlet_count":0,"master_deck":["AscendersBane","Defend_G","Defend_G","Defend_G","Defend_G","Defend_G","Strike_G","Strike_G","Survivor","Neutralize+1","Trip","Swift Strike","Backflip","Noxious Fumes+1","Noxious Fumes","Caltrops","Catalyst+1","After Image","Footwork+1","Noxious Fumes","Heel Hook","Night Terror+1","Bouncing Flask+1","Expertise","Wraith Form v2+1","Dodge and Roll","Well Laid Plans","Escape Plan","PiercingWail","Infinite Blades","Venomology","Escape Plan","Skewer","Panacea","Deflect"],"relics":["Ring of the Snake","The Courier","Question Card","MawBank","Omamori","Coffee Dripper","Shuriken","Frozen Egg 2"],"potions_floor_usage":[16,27,33,33],"damage_taken":[{"damage":1,"enemies":"2 Louse","floor":1,"turns":3},{"damage":0,"enemies":"Cultist","floor":4,"turns":3},{"damage":1,"enemies":"Small Slimes","floor":5,"turns":4},{"damage":7,"enemies":"Lagavulin","floor":7,"turns":7},{"damage":7,"enemies":"3 Sentries","floor":11,"turns":6},{"damage":17,"enemies":"Lagavulin","floor":14,"turns":6},{"damage":17,"enemies":"The Guardian","floor":16,"turns":6},{"damage":5,"enemies":"Shell Parasite","floor":18,"turns":6},{"damage":3,"enemies":"Spheric Guardian","floor":20,"turns":5},{"damage":7,"enemies":"Book of Stabbing","floor":24,"turns":5},{"damage":12,"enemies":"Snecko","floor":25,"turns":5},{"damage":0,"enemies":"Centurion and Healer","floor":27,"turns":6},{"damage":14,"enemies":"Snake Plant","floor":28,"turns":4},{"damage":0,"enemies":"Cultist and Chosen","floor":30,"turns":6},{"damage":25,"enemies":"Collector","floor":33,"turns":2}],"seed_played":"5691922705896577733","potions_obtained":[{"floor":1,"key":"Explosive Potion"},{"floor":18,"key":"Fire Potion"},{"floor":25,"key":"PowerPotion"}],"is_trial":false,"path_per_floor":["?","M","?","?","?","$"],"character_chosen":"THE_SILENT","items_purchased":["Noxious Fumes","Noxious Fumes","PowerPotion","Well Laid Plans","Escape Plan","PiercingWail","Panacea","Deflect"],"campfire_rested":1,"item_purchase_floors":[2,12,12,23,23,23,31,31],"current_hp_per_floor":[58,58,58,58,57,57,50,50,50,50,43,43,43,26,45,28,57,52,52,49,49,49,49,42,30,30,30,16,16,16,16,16,0],"gold":23,"neow_bonus":"RANDOM_COLORLESS_2","is_prod":false,"is_daily":false,"chose_seed":false,"campfire_upgraded":6,"win_rate":0,"timestamp":1559248739,"path_taken":["M","$","?","M","?","R","E","R","T","R","E","$","R","E","R","BOSS","M","?","M","?","?","$","E","M","T","M","M","R","M","?","R","BOSS"],"build_version":"2019-01-23","purchased_purges":1,"victory":false,"max_hp_per_floor":[66,66,66,66,66,66,66,66,66,66,66,66,66,66,66,66,66,66,66,66,66,66,66,66,66,66,66,66,66,66,66,66,66],"card_choices":[{"not_picked":["Setup","Deadly Poison"],"picked":"Backflip","floor":1},{"not_picked":["Blade Dance","Quick Slash"],"picked":"Caltrops","floor":4},{"not_picked":["Dagger Throw","Riddle With Holes"],"picked":"Catalyst","floor":5},{"not_picked":["Sucker Punch","Dagger Spray"],"picked":"After Image","floor":7},{"not_picked":["Predator","Reflex","Underhanded Strike"],"picked":"Footwork","floor":11},{"not_picked":["Masterful Stab","Terror","Tactician"],"picked":"Heel Hook","floor":14},{"not_picked":["After Image","Adrenaline","Tools of the Trade"],"picked":"Night Terror","floor":16},{"not_picked":["Quick Slash","Riddle With Holes","Flying Knee"],"picked":"Bouncing Flask+1","floor":18},{"not_picked":["Sucker Punch","Quick Slash+1","Dagger Throw","Reflex"],"picked":"SKIP","floor":20},{"not_picked":["Dagger Spray+1","Sucker Punch","All Out Attack","Outmaneuver"],"picked":"SKIP","floor":24},{"not_picked":["Bane","Calculated Gamble","Prepared"],"picked":"Infinite Blades","floor":25},{"not_picked":["Blade Dance","Cloak And Dagger","Backstab"],"picked":"Venomology","floor":27},{"not_picked":["Acrobatics","Prepared","Dagger Throw+1"],"picked":"Escape Plan","floor":28},{"not_picked":["Slice+1","Deflect","Backstab"],"picked":"Skewer","floor":30}],"player_experience":744393,"relics_obtained":[{"floor":7,"key":"The Courier"},{"floor":9,"key":"Question Card"},{"floor":11,"key":"MawBank"},{"floor":14,"key":"Omamori"},{"floor":24,"key":"Shuriken"},{"floor":26,"key":"Frozen Egg 2"}],"event_choices":[{"damage_healed":0,"gold_gain":0,"cards_transformed":["Strike_G"],"player_choice":"Transformed","damage_taken":0,"max_hp_gain":0,"max_hp_loss":0,"event_name":"Transmorgrifier","floor":3,"gold_loss":0,"cards_obtained":["Noxious Fumes"]},{"damage_healed":0,"gold_gain":0,"cards_transformed":["Strike_G","Strike_G"],"player_choice":"Became Test Subject","damage_taken":0,"max_hp_gain":0,"max_hp_loss":0,"event_name":"Drug Dealer","floor":19,"gold_loss":0,"cards_obtained":["Expertise","Wraith Form v2"]},{"damage_healed":0,"gold_gain":50,"player_choice":"Stole From Cult","damage_taken":0,"max_hp_gain":0,"max_hp_loss":0,"event_name":"Nest","floor":21,"gold_loss":0},{"damage_healed":0,"gold_gain":0,"player_choice":"Read","damage_taken":0,"max_hp_gain":0,"max_hp_loss":0,"event_name":"The Library","floor":22,"gold_loss":0,"cards_obtained":["Dodge and Roll"]}],"is_beta":false,"boss_relics":[{"not_picked":["Empty Cage","White Beast Statue"],"picked":"Coffee Dripper"}],"items_purged_floors":[2],"is_endless":false,"potions_floor_spawned":[1,14,18,20,25],"killed_by":"Collector","ascension_level":15}