{"gold_per_floor":[112,112,127,140,90,118,130,155,192,279,305,333,378,406,418,430],"floor_reached":16,"playtime":1936,"items_purged":[],"score":114,"play_id":"39b7dc8b-e720-4670-a2f8-da2802898512","local_time":"20190515163415","is_ascension_mode":false,"campfire_choices":[{"data":"Defragment","floor":7,"key":"SMITH"},{"floor":15,"key":"REST"}],"neow_cost":"NONE","seed_source_timestamp":19542822922189,"circlet_count":0,"master_deck":["Strike_B","Strike_B","Defend_B","Defend_B","Defend_B","Defend_B","Zap","Dualcast","Skim","Iron Wave","Self Repair","Tempest","Defragment+1","Double Energy","Consume"],"relics":["Cracked Core","NeowsBlessing","MawBank","Oddly Smooth Stone","Anchor"],"potions_floor_usage":[6,6,13,13,16],"damage_taken":[{"damage":0,"enemies":"2 Louse","floor":1,"turns":1},{"damage":0,"enemies":"Cultist","floor":3,"turns":1},{"damage":0,"enemies":"Small Slimes","floor":4,"turns":1},{"damage":34,"enemies":"3 Sentries","floor":6,"turns":9},{"damage":10,"enemies":"Looter","floor":8,"turns":3},{"damage":0,"enemies":"Large Slime","floor":11,"turns":4},{"damage":19,"enemies":"Gremlin Gang","floor":12,"turns":4},{"damage":12,"enemies":"Lagavulin","floor":13,"turns":5},{"damage":0,"enemies":"Exordium Wildlife","floor":14,"turns":3},{"damage":56,"enemies":"Hexaghost","floor":16,"turns":10}],"seed_played":"-1682426047340844007","potions_obtained":[{"floor":1,"key":"GamblersBrew"},{"floor":3,"key":"Strength Potion"},{"floor":4,"key":"Block Potion"},{"floor":12,"key":"Poison Potion"},{"floor":13,"key":"FearPotion"}],"is_trial":false,"path_per_floor":["M","?","M","M","?","E","R","M","T","?","M","M","E","M","R","B"],"character_chosen":"DEFECT","items_purchased":[],"campfire_rested":1,"item_purchase_floors":[],"current_hp_per_floor":[75,75,75,75,75,48,48,45,45,34,41,29,24,31,53,0],"gold":430,"neow_bonus":"THREE_ENEMY_KILL","is_prod":false,"is_daily":false,"chose_seed":false,"campfire_upgraded":1,"win_rate":0.0,"timestamp":1557948855,"path_taken":["M","?","?","M","?","E","R","M","T","?","M","M","E","M","R","BOSS"],"build_version":"2019-01-23","purchased_purges":0,"victory":false,"max_hp_per_floor":[75,75,75,75,75,75,75,75,75,75,75,75,75,75,75,75],"card_choices":[{"not_picked":["Compile Driver","Fusion"],"picked":"Skim","floor":1},{"not_picked":["Conserve Battery","Blizzard"],"picked":"Self Repair","floor":3},{"not_picked":["Blizzard","Streamline"],"picked":"Tempest","floor":4},{"not_picked":["Chaos","Capacitor"],"picked":"Defragment","floor":6},{"not_picked":["Beam Cell","Aggregate","Rebound"],"picked":"SKIP","floor":8},{"not_picked":["Go for the Eyes","Genetic Algorithm","Ball Lightning"],"picked":"SKIP","floor":11},{"not_picked":["Chill","Steam"],"picked":"Double Energy","floor":12},{"not_picked":["Rainbow","Steam"],"picked":"Consume","floor":13},{"not_picked":["Reprogram","Sweeping Beam","Steam Power"],"picked":"SKIP","floor":14}],"player_experience":56607,"relics_obtained":[{"floor":6,"key":"MawBank"},{"floor":9,"key":"Oddly Smooth Stone"},{"floor":13,"key":"Anchor"}],"event_choices":[{"cards_removed":["Strike_B"],"damage_healed":0,"gold_gain":0,"player_choice":"Took Card","damage_taken":0,"max_hp_gain":0,"max_hp_loss":0,"event_name":"NoteForYourself","floor":2,"gold_loss":0,"cards_obtained":["Iron Wave"]},{"cards_removed":["Strike_B"],"damage_healed":0,"gold_gain":0,"player_choice":"Card Removal","damage_taken":0,"max_hp_gain":0,"max_hp_loss":0,"event_name":"The Cleric","floor":5,"gold_loss":50},{"damage_healed":0,"gold_gain":75,"player_choice":"Gather Gold","damage_taken":11,"max_hp_gain":0,"max_hp_loss":0,"event_name":"World of Goop","floor":10,"gold_loss":0}],"is_beta":false,"boss_relics":[],"items_purged_floors":[],"is_endless":false,"potions_floor_spawned":[1,3,4,12,13],"killed_by":"Hexaghost","ascension_level":0}