{"gold_per_floor":[111,111,129,129,54,54,67,80,105,105,116,145,145,161,161,236,236,255,288,303,303,203,203,78,78,78,78,107,120,152,202,202,280,280,294,306,103,153,203,203,221,221,221,239,289,114,114,29,29,29],"floor_reached":51,"playtime":2877,"items_purged":["Strike_B","Defend_B","Defend_B","Defend_B","Strike_B+1"],"score":1206,"play_id":"0870733a-b2e0-458d-9de6-ca29be3f17fc","local_time":"20190525154916","is_ascension_mode":true,"campfire_choices":[{"data":"Defragment","floor":6.0,"key":"SMITH"},{"floor":13.0,"key":"REST"},{"data":"Defragment","floor":15.0,"key":"SMITH"},{"floor":23.0,"key":"REST"},{"data":"Dualcast","floor":25.0,"key":"SMITH"},{"data":"Capacitor","floor":27.0,"key":"SMITH"},{"data":"Zap","floor":32.0,"key":"SMITH"},{"data":"Echo Form","floor":40,"key":"SMITH"},{"floor":42,"key":"REST"},{"data":"Defend_B+1","floor":47,"key":"PURGE"},{"data":"Zap+1","floor":49,"key":"PURGE"}],"neow_cost":"NONE","seed_source_timestamp":431933300051905,"circlet_count":0,"master_deck":["AscendersBane","Dualcast+1","Defragment+1","Cold Snap+1","Cold Snap+1","Defragment+1","Sweeping Beam+1","Core Surge+1","Capacitor+1","Consume+1","Echo Form+1","Gash+1","Gash+1"],"special_seed":0,"relics":["Cracked Core","Oddly Smooth Stone","Anchor","Juzu Bracelet","Runic Pyramid","Red Mask","SsserpentHead","Meat on the Bone","Blue Candle","Bottled Tornado","Philosopher\u0027s Stone","Peace Pipe","Mark of the Bloom"],"potions_floor_usage":[50,50],"damage_taken":[{"damage":0.0,"enemies":"Jaw Worm","floor":1.0,"turns":3.0},{"damage":0.0,"enemies":"2 Louse","floor":3.0,"turns":3.0},{"damage":2.0,"enemies":"Small Slimes","floor":7.0,"turns":4.0},{"damage":3.0,"enemies":"2 Fungi Beasts","floor":8.0,"turns":4.0},{"damage":9.0,"enemies":"Blue Slaver","floor":11.0,"turns":3.0},{"damage":5.0,"enemies":"3 Sentries","floor":12.0,"turns":9.0},{"damage":0.0,"enemies":"Red Slaver","floor":14.0,"turns":4.0},{"damage":19.0,"enemies":"Slime Boss","floor":16.0,"turns":16.0},{"damage":9.0,"enemies":"2 Thieves","floor":18.0,"turns":5.0},{"damage":32.0,"enemies":"Masked Bandits","floor":19.0,"turns":6.0},{"damage":1.0,"enemies":"Spheric Guardian","floor":20.0,"turns":6.0},{"damage":16.0,"enemies":"Book of Stabbing","floor":28.0,"turns":10.0},{"damage":0.0,"enemies":"Centurion and Healer","floor":29.0,"turns":13.0},{"damage":0.0,"enemies":"Gremlin Leader","floor":30.0,"turns":10.0},{"damage":1.0,"enemies":"Champ","floor":33.0,"turns":14.0},{"damage":16.0,"enemies":"Orb Walker","floor":35.0,"turns":4.0},{"damage":0.0,"enemies":"3 Shapes","floor":36.0,"turns":6.0},{"damage":23,"enemies":"Maw","floor":41,"turns":7},{"damage":8,"enemies":"Spire Growth","floor":44,"turns":7},{"damage":31,"enemies":"Time Eater","floor":50,"turns":11}],"seed_played":"4047409171040670334","potions_obtained":[{"floor":1.0,"key":"Dexterity Potion"},{"floor":8.0,"key":"FairyPotion"},{"floor":18.0,"key":"Weak Potion"},{"floor":19.0,"key":"SneckoOil"},{"floor":20.0,"key":"Poison Potion"},{"floor":44,"key":"SpeedPotion"}],"is_trial":false,"path_per_floor":["M","?","M","?","$","R","M","M","T","?","M","E","R","M","R","B",null,"M","?","M","?","$","R","$","R","T","R","E","M","E","?","R","B",null,"M","M","$","?","?","R","M","R","T","M","?","$","R","$","R","B",null],"character_chosen":"DEFECT","items_purchased":["Gash","Ancient Potion"],"campfire_rested":3,"item_purchase_floors":[37,48],"current_hp_per_floor":[64,43,43,43,43,43,41,38,38,31,22,17,38,38,38,19,58,49,17,16,16,16,37,37,37,37,37,33,45,45,45,45,44,64,48,48,48,43,43,43,32,53,53,45,45,45,45,45,45,14],"gold":29,"neow_bonus":"RANDOM_COMMON_RELIC","is_prod":false,"is_daily":false,"chose_seed":false,"campfire_upgraded":6,"win_rate":0,"timestamp":1558792156,"path_taken":["M","?","M","?","$","R","M","M","T","?","M","E","R","M","R","BOSS","M","?","M","?","$","R","$","R","T","R","E","M","E","?","R","BOSS","M","M","$","?","?","R","M","R","T","M","?","$","R","$","R","BOSS"],"build_version":"2019-01-23","purchased_purges":5,"victory":true,"max_hp_per_floor":[71,71,71,71,71,71,71,71,71,71,71,71,71,71,71,71,71,71,71,71,71,71,71,71,71,71,71,71,71,71,71,71,71,71,71,71,71,71,71,71,71,71,71,71,71,71,71,71,71,71],"card_choices":[{"not_picked":["Reprogram","Beam Cell"],"picked":"Defragment","floor":1.0},{"not_picked":["Redo","Doom and Gloom"],"picked":"Cold Snap","floor":3.0},{"not_picked":["Beam Cell","Leap"],"picked":"Cold Snap","floor":7.0},{"not_picked":["Barrage","Aggregate"],"picked":"Defragment","floor":8.0},{"not_picked":["Glacier","Skim","Go for the Eyes"],"picked":"SKIP","floor":11.0},{"not_picked":["Go for the Eyes","Leap","Hologram"],"picked":"SKIP","floor":12.0},{"not_picked":["Tempest","Conserve Battery"],"picked":"Sweeping Beam","floor":14.0},{"not_picked":["Fission","Biased Cognition"],"picked":"Core Surge","floor":16.0},{"not_picked":["BootSequence","Rebound"],"picked":"Capacitor","floor":18.0},{"not_picked":["Rebound","Beam Cell"],"picked":"Consume+1","floor":19.0},{"not_picked":["Redo","Barrage","Steam Power"],"picked":"SKIP","floor":20.0},{"not_picked":["BootSequence+1","Conserve Battery","Compile Driver"],"picked":"SKIP","floor":28.0},{"not_picked":["Steam","Sweeping Beam","Compile Driver"],"picked":"SKIP","floor":29.0},{"not_picked":["Turbo","Chill","Double Energy"],"picked":"SKIP","floor":30.0},{"not_picked":["Amplify","Creative AI"],"picked":"Echo Form","floor":33.0},{"not_picked":["Leap","Coolheaded"],"picked":"Gash","floor":35.0},{"not_picked":["Loop","Cold Snap","Rebound"],"picked":"SKIP","floor":36.0},{"not_picked":["Rebound","Steam","Recycle+1"],"picked":"SKIP","floor":41},{"not_picked":["Sweeping Beam","Ball Lightning+1","Undo"],"picked":"SKIP","floor":44}],"player_experience":250386,"relics_obtained":[{"floor":9.0,"key":"Anchor"},{"floor":12.0,"key":"Juzu Bracelet"},{"floor":19.0,"key":"Red Mask"},{"floor":26.0,"key":"Meat on the Bone"},{"floor":28.0,"key":"Blue Candle"},{"floor":30.0,"key":"Bottled Tornado"},{"floor":43,"key":"Peace Pipe"}],"event_choices":[{"damage_healed":0.0,"max_hp_gain":0.0,"max_hp_loss":0.0,"gold_gain":0.0,"event_name":"Shining Light","player_choice":"Entered Light","floor":2.0,"gold_loss":0.0,"damage_taken":21.0,"cards_upgraded":["Strike_B","Defend_B"]},{"cards_removed":["Strike_B"],"damage_healed":0.0,"max_hp_gain":0.0,"max_hp_loss":0.0,"gold_gain":0.0,"event_name":"Living Wall","player_choice":"Forget","floor":4.0,"gold_loss":0.0,"damage_taken":0.0},{"cards_removed":["Strike_B"],"damage_healed":0.0,"max_hp_gain":0.0,"max_hp_loss":0.0,"gold_gain":0.0,"event_name":"Golden Wing","player_choice":"Card Removal","floor":10.0,"gold_loss":0.0,"damage_taken":7.0},{"damage_healed":0.0,"max_hp_gain":0.0,"max_hp_loss":0.0,"gold_gain":0.0,"event_name":"Masked Bandits","player_choice":"Fought Bandits","floor":19.0,"gold_loss":0.0,"damage_taken":0.0},{"damage_healed":0.0,"max_hp_gain":0.0,"max_hp_loss":0.0,"gold_gain":0.0,"event_name":"FaceTrader","player_choice":"Trade","floor":21.0,"gold_loss":0.0,"damage_taken":0.0,"relics_obtained":["SsserpentHead"]},{"damage_healed":0.0,"max_hp_gain":0.0,"max_hp_loss":0.0,"gold_gain":0.0,"event_name":"Ghosts","player_choice":"Ignored","floor":31.0,"gold_loss":0.0,"damage_taken":0.0},{"damage_healed":0.0,"max_hp_gain":0.0,"max_hp_loss":0.0,"gold_gain":0.0,"event_name":"SensoryStone","player_choice":"Memory 2","floor":38.0,"gold_loss":0.0,"damage_taken":5.0},{"damage_healed":0,"gold_gain":0,"player_choice":"Ignored","damage_taken":0,"max_hp_gain":0,"max_hp_loss":0,"event_name":"Mysterious Sphere","floor":39,"gold_loss":0},{"damage_healed":0,"gold_gain":0,"player_choice":"Upgrade","damage_taken":0,"relics_obtained":["Mark of the Bloom"],"max_hp_gain":0,"max_hp_loss":0,"event_name":"MindBloom","floor":45,"gold_loss":0,"cards_upgraded":["Cold Snap","Cold Snap","Sweeping Beam","Core Surge","Gash","Gash"]}],"is_beta":false,"boss_relics":[{"not_picked":["Eternal Feather","Fusion Hammer"],"picked":"Runic Pyramid"},{"not_picked":["Calling Bell","Pandora\u0027s Box"],"picked":"Philosopher\u0027s Stone"}],"items_purged_floors":[5,22,24,37,46],"is_endless":false,"potions_floor_spawned":[1,8,18,19,20,44],"ascension_level":16}