{"gold_per_floor":[116,116,129,129,145,145,156,188,188,205,205,205,217,71,71,71],"floor_reached":16,"playtime":535,"items_purged":["Strike_G"],"score":138,"play_id":"eaacaff1-dc6d-40f4-9a80-7bdf2b62329f","local_time":"20190326170727","is_ascension_mode":true,"campfire_choices":[{"data":"Deadly Poison","floor":6,"key":"SMITH"},{"floor":11,"key":"REST"},{"floor":15,"key":"REST"}],"neow_cost":"PERCENT_DAMAGE","seed_source_timestamp":364332722736360,"circlet_count":0,"master_deck":["Defend_G","Defend_G","Defend_G","Defend_G","Strike_G","Strike_G","Strike_G","Survivor","Neutralize","After Image","Deadly Poison+1","Footwork","Deadly Poison","Poisoned Stab","Well Laid Plans","Footwork"],"relics":["Ring of the Snake","Bottled Flame","Ninja Scroll","Regal Pillow"],"potions_floor_usage":[8,16,16],"damage_taken":[{"damage":0,"enemies":"2 Louse","floor":1,"turns":3},{"damage":1,"enemies":"Jaw Worm","floor":3,"turns":4},{"damage":1,"enemies":"Cultist","floor":5,"turns":5},{"damage":12,"enemies":"3 Louse","floor":7,"turns":4},{"damage":13,"enemies":"3 Sentries","floor":8,"turns":9},{"damage":0,"enemies":"Exordium Wildlife","floor":10,"turns":3},{"damage":0,"enemies":"Blue Slaver","floor":13,"turns":4},{"damage":59,"enemies":"Slime Boss","floor":16,"turns":10}],"seed_played":"9071408149173144142","potions_obtained":[{"floor":1,"key":"Swift Potion"},{"floor":8,"key":"LiquidBronze"},{"floor":10,"key":"LiquidBronze"}],"is_trial":false,"path_per_floor":["M","?","M","?","M","R","M","E","T","M","R","?","M","$","R","B"],"character_chosen":"THE_SILENT","items_purchased":["Footwork"],"campfire_rested":2,"item_purchase_floors":[14],"current_hp_per_floor":[45,45,44,44,43,43,31,18,18,18,39,21,21,21,57,0],"gold":71,"neow_bonus":"THREE_RARE_CARDS","is_prod":false,"is_daily":false,"chose_seed":false,"campfire_upgraded":1,"win_rate":0,"timestamp":1553616447,"path_taken":["M","?","M","?","?","R","M","E","T","M","R","?","M","$","R","BOSS"],"build_version":"2019-01-23","purchased_purges":1,"victory":false,"max_hp_per_floor":[70,70,70,70,70,70,70,70,70,70,70,70,70,70,70,70],"card_choices":[{"not_picked":["Adrenaline","Unload"],"picked":"After Image","floor":0},{"not_picked":["Tactician","Deflect"],"picked":"Deadly Poison","floor":1},{"not_picked":["Calculated Gamble","Expertise"],"picked":"Footwork","floor":3},{"not_picked":["Calculated Gamble","Bane"],"picked":"Deadly Poison","floor":5},{"not_picked":["Sucker Punch","Reflex"],"picked":"Poisoned Stab","floor":7},{"not_picked":["PiercingWail","Cloak And Dagger","Wraith Form v2"],"picked":"SKIP","floor":8},{"not_picked":["Heel Hook","Slice"],"picked":"Well Laid Plans","floor":10},{"not_picked":["Infinite Blades","Heel Hook","Skewer"],"picked":"SKIP","floor":13}],"player_experience":111381,"relics_obtained":[{"floor":8,"key":"Bottled Flame"},{"floor":9,"key":"Ninja Scroll"}],"event_choices":[{"cards_removed":["Strike_G"],"damage_healed":0,"gold_gain":0,"player_choice":"Forget","damage_taken":0,"max_hp_gain":0,"max_hp_loss":0,"event_name":"Living Wall","floor":2,"gold_loss":0},{"cards_removed":["Defend_G"],"damage_healed":0,"gold_gain":0,"player_choice":"Card Removal","damage_taken":0,"max_hp_gain":0,"max_hp_loss":0,"event_name":"Wheel of Change","floor":4,"gold_loss":0},{"damage_healed":0,"gold_gain":0,"player_choice":"Success","damage_taken":18,"relics_obtained":["Regal Pillow"],"max_hp_gain":0,"max_hp_loss":0,"event_name":"Scrap Ooze","floor":12,"gold_loss":0}],"is_beta":false,"boss_relics":[],"items_purged_floors":[14],"is_endless":false,"potions_floor_spawned":[1,8,10],"killed_by":"Slime Boss","ascension_level":7}