{"gold_per_floor":[109,109,109,121,133,133,167,167,167,167,167,41,71,81,81,176,226,239,101,113,113,126,126,152,167,191,191,205,87,87,87,87,87],"floor_reached":33,"playtime":1029,"items_purged":["Strike_R","Strike_R"],"score":417,"play_id":"9e1474a4-6344-4eb2-a17c-a6c8f38fb59c","local_time":"20190330134747","is_ascension_mode":true,"campfire_choices":[{"data":"Body Slam","floor":6,"key":"SMITH"},{"data":"Bash","floor":8,"key":"SMITH"},{"data":"Pommel Strike","floor":10,"key":"SMITH"},{"data":"Rage","floor":15,"key":"SMITH"},{"data":"Demon Form","floor":23,"key":"SMITH"},{"floor":27,"key":"REST"},{"data":"Juggernaut","floor":32,"key":"SMITH"}],"neow_cost":"NONE","seed_source_timestamp":697476861125974,"circlet_count":0,"master_deck":["Defend_R","Defend_R","Defend_R","Defend_R","Bash+1","Sword Boomerang+1","Pommel Strike+1","Body Slam+1","Finesse","Sword Boomerang","Rage+1","Demon Form+1","Heavy Blade+1","Evolve","Reaper","Ghostly Armor","Iron Wave","Juggernaut+1"],"relics":["Burning Blood","The Courier","Pen Nib","Ornamental Fan","Vajra","Tiny House","Potion Belt","Anchor","Oddly Smooth Stone","Sundial"],"potions_floor_usage":[7,18,20,20,22,22,24,25,33],"damage_taken":[{"damage":7,"enemies":"2 Louse","floor":1,"turns":3},{"damage":1,"enemies":"Cultist","floor":4,"turns":3},{"damage":12,"enemies":"Small Slimes","floor":5,"turns":3},{"damage":25,"enemies":"Lagavulin","floor":7,"turns":6},{"damage":18,"enemies":"Gremlin Nob","floor":13,"turns":4},{"damage":1,"enemies":"3 Louse","floor":14,"turns":4},{"damage":19,"enemies":"Hexaghost","floor":16,"turns":7},{"damage":14,"enemies":"Shell Parasite","floor":18,"turns":3},{"damage":12,"enemies":"Chosen","floor":20,"turns":3},{"damage":15,"enemies":"Centurion and Healer","floor":22,"turns":5},{"damage":45,"enemies":"Book of Stabbing","floor":24,"turns":5},{"damage":21,"enemies":"Snake Plant","floor":25,"turns":3},{"damage":14,"enemies":"3 Cultists","floor":28,"turns":4},{"damage":80,"enemies":"Collector","floor":33,"turns":6}],"seed_played":"3082246879873460984","potions_obtained":[{"floor":4,"key":"Ancient Potion"},{"floor":5,"key":"Poison Potion"},{"floor":16,"key":"AttackPotion"},{"floor":17,"key":"EntropicBrew"},{"floor":20,"key":"AttackPotion"},{"floor":22,"key":"Swift Potion"},{"floor":25,"key":"EssenceOfSteel"}],"is_trial":false,"path_per_floor":["M","?","?","M","M","R","E","R","T","R","?","$","E","M","R","B",null,"M","$","M","?","M","R","E","M","T","R","M","$","?","?","R","B"],"character_chosen":"IRONCLAD","items_purchased":["Finesse","Evolve","Oddly Smooth Stone"],"campfire_rested":1,"item_purchase_floors":[12,19,29],"current_hp_per_floor":[71,68,68,73,67,67,48,48,48,48,41,41,29,34,34,21,70,62,62,56,56,69,69,30,22,22,47,63,63,63,63,63,0],"gold":87,"neow_bonus":"REMOVE_CARD","is_prod":false,"is_daily":false,"chose_seed":false,"campfire_upgraded":6,"win_rate":0,"timestamp":1553950067,"path_taken":["M","?","?","M","?","R","E","R","T","R","?","$","E","M","R","BOSS","M","$","M","?","?","R","E","M","T","R","M","$","?","?","R","BOSS"],"build_version":"2019-01-23","purchased_purges":2,"victory":false,"max_hp_per_floor":[80,80,80,80,80,80,80,80,80,80,80,80,80,80,80,80,85,85,85,85,85,85,85,85,85,85,85,85,85,85,85,85,85],"card_choices":[{"not_picked":["Warcry","Havoc"],"picked":"Sword Boomerang","floor":1},{"not_picked":["Armaments","Flex"],"picked":"Pommel Strike","floor":4},{"not_picked":["Battle Trance","Clash"],"picked":"Body Slam","floor":5},{"not_picked":["Pummel","Clothesline","Bloodletting"],"picked":"SKIP","floor":7},{"not_picked":["Rupture","Pummel"],"picked":"Sword Boomerang","floor":13},{"not_picked":["Sword Boomerang","Reaper","Rage"],"picked":"SKIP","floor":14},{"not_picked":["Sword Boomerang","Reaper"],"picked":"Rage","floor":14},{"not_picked":["Brutality","Dark Embrace"],"picked":"Demon Form","floor":16},{"not_picked":["Iron Wave","Whirlwind+1"],"picked":"Heavy Blade+1","floor":18},{"not_picked":["Perfected Strike","Havoc+1"],"picked":"Reaper","floor":20},{"not_picked":["Havoc+1","Clothesline"],"picked":"Ghostly Armor","floor":22},{"not_picked":["Spot Weakness","Dropkick"],"picked":"Iron Wave","floor":24},{"not_picked":["Heavy Blade","Pommel Strike","Clothesline+1"],"picked":"SKIP","floor":25},{"not_picked":["Second Wind","Body Slam","True Grit"],"picked":"SKIP","floor":28}],"player_experience":118354,"relics_obtained":[{"floor":7,"key":"Pen Nib"},{"floor":9,"key":"Ornamental Fan"},{"floor":13,"key":"Vajra"},{"floor":24,"key":"Potion Belt"},{"floor":26,"key":"Anchor"}],"event_choices":[{"damage_healed":0,"gold_gain":0,"player_choice":"Success","damage_taken":3,"relics_obtained":["The Courier"],"max_hp_gain":0,"max_hp_loss":0,"event_name":"Scrap Ooze","floor":2,"gold_loss":0},{"cards_removed":["Strike_R"],"damage_healed":0,"gold_gain":0,"player_choice":"Purged","damage_taken":0,"max_hp_gain":0,"max_hp_loss":0,"event_name":"Purifier","floor":3,"gold_loss":0},{"cards_removed":["Strike_R"],"damage_healed":0,"gold_gain":0,"player_choice":"Card Removal","damage_taken":7,"max_hp_gain":0,"max_hp_loss":0,"event_name":"Golden Wing","floor":11,"gold_loss":0},{"damage_healed":0,"gold_gain":0,"player_choice":"Bought 0 Potions","damage_taken":0,"max_hp_gain":0,"max_hp_loss":0,"event_name":"The Woman in Blue","floor":21,"gold_loss":0},{"damage_healed":0,"gold_gain":0,"player_choice":"Read","damage_taken":0,"max_hp_gain":0,"max_hp_loss":0,"event_name":"The Library","floor":30,"gold_loss":0,"cards_obtained":["Juggernaut"]},{"damage_healed":0,"gold_gain":0,"player_choice":"Opened","damage_taken":0,"relics_obtained":["Sundial"],"max_hp_gain":0,"max_hp_loss":0,"event_name":"The Mausoleum","floor":31,"gold_loss":0}],"is_beta":false,"boss_relics":[{"not_picked":["White Beast Statue","Pandora\u0027s Box"],"picked":"Tiny House"}],"items_purged_floors":[12,19],"is_endless":false,"potions_floor_spawned":[4,5,16,20,22,25],"killed_by":"Collector","ascension_level":8}