{"gold_per_floor":[117,127,127,137,137,166,166,180,205,237,237,237,237,237,237,333,333,343,167,181,181,381,381,394,95,95,20,20,30,56,66,66,66],"floor_reached":33,"playtime":3974,"items_purged":[],"score":273,"play_id":"b525bb20-1b62-4dd6-85d2-c6ec80af9114","local_time":"20190513132550","is_ascension_mode":false,"campfire_choices":[{"data":"Berserk","floor":7.0,"key":"SMITH"},{"data":"Combust","floor":11.0,"key":"SMITH"},{"data":"Inflame","floor":13.0,"key":"SMITH"},{"floor":15.0,"key":"REST"},{"data":"Feed","floor":23,"key":"SMITH"},{"data":"Mayhem","floor":28,"key":"SMITH"},{"data":"Dropkick","floor":32,"key":"SMITH"}],"neow_cost":"NONE","seed_source_timestamp":0,"circlet_count":0,"master_deck":["Strike_R","Strike_R","Strike_R","Strike_R","Strike_R+1","Defend_R","Defend_R","Defend_R","Defend_R","Bash","Berserk+1","Cleave","Ghostly Armor","Inflame+1","Reckless Charge","Combust+1","Dropkick+1","Feed+1","Shockwave+1","Mayhem+1","Dropkick+1","Shrug It Off+1","Heavy Blade+1","Sword Boomerang+1","Perfected Strike+1","Clothesline+1"],"special_seed":0,"relics":["Burning Blood","Bag of Marbles","Centennial Puzzle","Oddly Smooth Stone","Orichalcum","Eternal Feather","Anchor","Molten Egg 2","Blood Vial","Bottled Flame"],"potions_floor_usage":[],"damage_taken":[{"damage":1.0,"enemies":"Jaw Worm","floor":1.0,"turns":3.0},{"damage":0.0,"enemies":"Cultist","floor":2.0,"turns":3.0},{"damage":0.0,"enemies":"2 Louse","floor":4.0,"turns":2.0},{"damage":29.0,"enemies":"3 Sentries","floor":6.0,"turns":7.0},{"damage":1.0,"enemies":"Large Slime","floor":8.0,"turns":5.0},{"damage":14.0,"enemies":"Gremlin Nob","floor":10.0,"turns":4.0},{"damage":47.0,"enemies":"Slime Boss","floor":16.0,"turns":6.0},{"damage":22.0,"enemies":"Spheric Guardian","floor":18.0,"turns":4.0},{"damage":1.0,"enemies":"Chosen","floor":20.0,"turns":3.0},{"damage":25,"enemies":"Snecko","floor":24,"turns":5},{"damage":14,"enemies":"Centurion and Healer","floor":29,"turns":8},{"damage":20,"enemies":"Gremlin Leader","floor":30,"turns":4},{"damage":33,"enemies":"Cultist and Chosen","floor":31,"turns":5},{"damage":53,"enemies":"Champ","floor":33,"turns":9}],"seed_played":"2546582910862167048","potions_obtained":[{"floor":2.0,"key":"PowerPotion"},{"floor":4.0,"key":"SkillPotion"},{"floor":6.0,"key":"Swift Potion"},{"floor":8.0,"key":"Swift Potion"},{"floor":20.0,"key":"SpeedPotion"},{"floor":29,"key":"PowerPotion"},{"floor":30,"key":"Explosive Potion"}],"is_trial":false,"path_per_floor":["M","M","?","M","?","E","R","M","T","E","R","?","R","$","R","B",null,"M","$","M","?","?","R","M","$","T","?","R","M","E","M","R","B"],"character_chosen":"IRONCLAD","items_purchased":["Mayhem","Molten Egg 2","Heavy Blade+1"],"campfire_rested":1,"item_purchase_floors":[19,25,25],"current_hp_per_floor":[80,80,80,80,80,57,57,62,62,54,54,38,38,38,62,21,80,64,64,69,69,69,80,61,61,61,61,73,67,55,34,49,0],"gold":66,"neow_bonus":"ONE_RANDOM_RARE_CARD","is_prod":false,"is_daily":false,"chose_seed":false,"campfire_upgraded":6,"win_rate":0.0,"timestamp":1557764750,"path_taken":["M","M","?","?","?","E","R","M","T","E","R","?","R","$","R","BOSS","M","$","M","?","?","R","?","$","T","?","R","M","E","M","R","BOSS"],"build_version":"2019-01-23","purchased_purges":0,"victory":false,"max_hp_per_floor":[80,80,80,80,80,80,80,80,80,80,80,80,80,80,80,80,80,80,80,80,80,80,80,80,80,80,80,80,80,80,84,84,84],"card_choices":[{"not_picked":["Entrench","Rupture"],"picked":"Cleave","floor":1.0},{"not_picked":["Shrug It Off","Body Slam"],"picked":"Ghostly Armor","floor":2.0},{"not_picked":["Anger","Warcry"],"picked":"Inflame","floor":4.0},{"not_picked":["Ghostly Armor","Burning Pact"],"picked":"Reckless Charge","floor":6.0},{"not_picked":["Sword Boomerang","Uppercut"],"picked":"Combust","floor":8.0},{"not_picked":["Warcry","Impervious"],"picked":"Dropkick","floor":10.0},{"not_picked":["Fiend Fire","Bludgeon"],"picked":"Feed","floor":16.0},{"not_picked":["Thunderclap","Clothesline"],"picked":"Shockwave+1","floor":18.0},{"not_picked":["Armaments","Twin Strike"],"picked":"Dropkick","floor":20.0},{"not_picked":["Sever Soul","Ghostly Armor"],"picked":"Shrug It Off+1","floor":24},{"not_picked":["Power Through","Feel No Pain"],"picked":"Sword Boomerang+1","floor":29},{"not_picked":["Sever Soul+1","Iron Wave+1"],"picked":"Perfected Strike+1","floor":30},{"not_picked":["Cleave+1","Twin Strike+1"],"picked":"Clothesline+1","floor":31}],"player_experience":12220,"relics_obtained":[{"floor":6.0,"key":"Centennial Puzzle"},{"floor":9.0,"key":"Oddly Smooth Stone"},{"floor":10.0,"key":"Orichalcum"},{"floor":26,"key":"Blood Vial"},{"floor":30,"key":"Bottled Flame"}],"event_choices":[{"damage_healed":0.0,"max_hp_gain":0.0,"max_hp_loss":0.0,"gold_gain":0.0,"event_name":"WeMeetAgain","player_choice":"Gave Potion","floor":3.0,"gold_loss":0.0,"damage_taken":0.0,"relics_obtained":["Bag of Marbles"]},{"damage_healed":0.0,"max_hp_gain":0.0,"max_hp_loss":0.0,"gold_gain":0.0,"event_name":"The Cleric","player_choice":"Leave","floor":5.0,"gold_loss":0.0,"damage_taken":0.0},{"damage_healed":0.0,"max_hp_gain":0.0,"max_hp_loss":0.0,"gold_gain":0.0,"event_name":"Shining Light","player_choice":"Entered Light","floor":12.0,"gold_loss":0.0,"damage_taken":16.0,"cards_upgraded":["Dropkick","Strike_R"]},{"damage_healed":0,"gold_gain":0,"player_choice":"Opened","damage_taken":0,"relics_obtained":["Anchor"],"max_hp_gain":0,"max_hp_loss":0,"event_name":"The Mausoleum","floor":21,"gold_loss":0,"cards_obtained":["Writhe"]},{"damage_healed":0,"gold_gain":250,"player_choice":"Bet on Owner","damage_taken":0,"max_hp_gain":0,"max_hp_loss":0,"event_name":"The Joust","floor":22,"gold_loss":50},{"cards_removed":["Writhe"],"damage_healed":0,"gold_gain":0,"player_choice":"Gave Gold","damage_taken":0,"max_hp_gain":0,"max_hp_loss":0,"event_name":"Beggar","floor":27,"gold_loss":75}],"is_beta":false,"boss_relics":[{"not_picked":["Cursed Key","Runic Dome"],"picked":"Eternal Feather"}],"items_purged_floors":[],"is_endless":false,"potions_floor_spawned":[2,4,6,8,20,29,30],"killed_by":"Champ","ascension_level":0}