{"gold_per_floor":[110,110,110,35,45,45,74,74,155,166,239,268,268,268,268,369,369,381,306,206,222,238,269,282,282,353,371,371,371,371,396,396,499,499,509,609,110,130,141,141,158,173,173,85,115,127,152,164],"floor_reached":48,"playtime":1728,"items_purged":["Defend_B","Strike_B","Go for the Eyes+1"],"score":865,"play_id":"80669445-48ed-4175-9d9b-942f87922a55","local_time":"20190413235848","is_ascension_mode":true,"campfire_choices":[{"data":"Zap","floor":6.0,"key":"SMITH"},{"floor":8.0,"key":"REST"},{"data":"Dualcast","floor":13,"key":"SMITH"},{"data":"Go for the Eyes","floor":15,"key":"SMITH"},{"data":"Streamline","floor":25,"key":"SMITH"},{"floor":28,"key":"REST"},{"floor":32,"key":"REST"},{"floor":40,"key":"REST"}],"neow_cost":"NONE","seed_source_timestamp":269912997607137,"circlet_count":0,"master_deck":["AscendersBane","Defend_B+1","Defend_B","Defend_B","Zap+1","Dualcast+1","Ball Lightning+1","Gash+1","Glacier+1","Streamline+1","Scrape+1","Steam+1","Gash+1","Leap+1","Defragment+1","Loop+1","Electrodynamics+1","Loop+1","Capacitor+1","Coolheaded","Barrage+1"],"special_seed":0,"relics":["Cracked Core","Lantern","Juzu Bracelet","Bottled Flame","Bottled Lightning","FossilizedHelix","Philosopher\u0027s Stone","War Paint","Frozen Egg 2","Whetstone","Fusion Hammer","Ginger","Letter Opener","MawBank"],"potions_floor_usage":[16,16,27,47,48],"damage_taken":[{"damage":4.0,"enemies":"2 Louse","floor":1.0,"turns":2.0},{"damage":2.0,"enemies":"Jaw Worm","floor":5.0,"turns":3.0},{"damage":40.0,"enemies":"3 Sentries","floor":7.0,"turns":7.0},{"damage":0.0,"enemies":"Cultist","floor":10.0,"turns":2.0},{"damage":8,"enemies":"Gremlin Nob","floor":12,"turns":4},{"damage":0,"enemies":"The Guardian","floor":16,"turns":13},{"damage":13,"enemies":"3 Byrds","floor":18,"turns":5},{"damage":0,"enemies":"Chosen","floor":21,"turns":5},{"damage":0,"enemies":"Centurion and Healer","floor":22,"turns":6},{"damage":14,"enemies":"Gremlin Leader","floor":23,"turns":10},{"damage":0,"enemies":"3 Cultists","floor":24,"turns":6},{"damage":0,"enemies":"Snake Plant","floor":27,"turns":4},{"damage":26,"enemies":"Slavers","floor":31,"turns":6},{"damage":25,"enemies":"Champ","floor":33,"turns":12},{"damage":0,"enemies":"Orb Walker","floor":35,"turns":4},{"damage":0,"enemies":"3 Shapes","floor":38,"turns":5},{"damage":0,"enemies":"Spire Growth","floor":39,"turns":4},{"damage":0,"enemies":"3 Darklings","floor":41,"turns":4},{"damage":7,"enemies":"Maw","floor":42,"turns":6},{"damage":26,"enemies":"Nemesis","floor":45,"turns":7},{"damage":0,"enemies":"Spire Growth","floor":47,"turns":5},{"damage":57,"enemies":"Reptomancer","floor":48,"turns":6}],"seed_played":"2412280650765167153","potions_obtained":[{"floor":7.0,"key":"SteroidPotion"},{"floor":12,"key":"EssenceOfSteel"},{"floor":14,"key":"PowerPotion"},{"floor":22,"key":"Ancient Potion"},{"floor":23,"key":"SteroidPotion"},{"floor":33,"key":"AttackPotion"},{"floor":41,"key":"EssenceOfSteel"}],"is_trial":false,"path_per_floor":["M","?","?","$","M","R","E","R","T","M","T","E","R","?","R","B",null,"M","?","$","M","M","E","M","R","T","M","R","?","?","E","R","B",null,"M","?","$","M","M","R","M","M","T","$","E","?","M","E"],"character_chosen":"DEFECT","items_purchased":["Loop+1","Ginger","Capacitor+1","Coolheaded"],"campfire_rested":4,"item_purchase_floors":[37,37,44,44],"current_hp_per_floor":[64,52,52,52,50,50,10,32,32,32,32,24,24,24,24,24,62,49,49,49,49,49,35,35,35,35,35,57,57,57,31,53,28,63,63,63,63,63,63,75,75,68,68,68,42,42,42,0],"gold":164,"neow_bonus":"REMOVE_CARD","is_prod":false,"is_daily":false,"chose_seed":false,"campfire_upgraded":4,"win_rate":0,"timestamp":1555192728,"path_taken":["M","?","?","$","M","R","E","R","T","M","?","E","R","?","R","BOSS","M","?","$","M","M","E","M","R","T","M","R","?","?","E","R","BOSS","M","?","$","M","M","R","M","M","T","$","E","?","M","E"],"build_version":"2019-01-23","purchased_purges":3,"victory":false,"max_hp_per_floor":[75,75,75,75,75,75,75,75,75,75,75,75,75,75,75,75,75,75,75,75,75,75,75,75,75,75,75,75,75,75,75,75,75,75,75,75,75,75,75,75,75,75,75,75,75,75,75,75],"card_choices":[{"not_picked":["Steam","Redo"],"picked":"Go for the Eyes","floor":1.0},{"not_picked":["Sweeping Beam","Conserve Battery"],"picked":"Ball Lightning","floor":5.0},{"not_picked":["Ball Lightning","Stack"],"picked":"Gash","floor":7.0},{"not_picked":["Storm","Sweeping Beam"],"picked":"Glacier","floor":10.0},{"not_picked":["Creative AI","Stack","Skim"],"picked":"SKIP","floor":12},{"not_picked":["Go for the Eyes","Cold Snap"],"picked":"Streamline","floor":18},{"not_picked":["Ball Lightning+1","Go for the Eyes"],"picked":"Scrape+1","floor":21},{"not_picked":["Reinforced Body","Ball Lightning"],"picked":"Steam+1","floor":22},{"not_picked":["Hologram","Hyperbeam","Redo"],"picked":"SKIP","floor":23},{"not_picked":["Blizzard","Turbo+1"],"picked":"Gash+1","floor":24},{"not_picked":["Streamline","Melter"],"picked":"Leap+1","floor":27},{"not_picked":["Cold Snap","Rebound"],"picked":"Loop+1","floor":31},{"not_picked":["Rainbow","Buffer+1"],"picked":"Electrodynamics+1","floor":33},{"not_picked":["Hologram+1","Ball Lightning","Turbo+1"],"picked":"SKIP","floor":35},{"not_picked":["Redo+1","Skim","Hologram"],"picked":"SKIP","floor":38},{"not_picked":["Ball Lightning+1","Barrage+1","Stack+1"],"picked":"SKIP","floor":39},{"not_picked":["Steam Power","Compile Driver+1","White Noise"],"picked":"SKIP","floor":41},{"not_picked":["Streamline+1","All For One","Stack"],"picked":"SKIP","floor":42},{"not_picked":["BootSequence+1","Redo"],"picked":"Barrage+1","floor":45},{"not_picked":["Cold Snap+1","Stack+1","White Noise+1"],"picked":"SKIP","floor":47}],"player_experience":169970,"relics_obtained":[{"floor":7.0,"key":"Juzu Bracelet"},{"floor":9.0,"key":"Bottled Flame"},{"floor":11.0,"key":"Bottled Lightning"},{"floor":12,"key":"FossilizedHelix"},{"floor":23,"key":"War Paint"},{"floor":26,"key":"Frozen Egg 2"},{"floor":31,"key":"Whetstone"},{"floor":43,"key":"Letter Opener"},{"floor":45,"key":"MawBank"}],"event_choices":[{"damage_healed":0.0,"max_hp_gain":0.0,"max_hp_loss":0.0,"gold_gain":0.0,"event_name":"Scrap Ooze","player_choice":"Success","floor":2.0,"gold_loss":0.0,"damage_taken":12.0,"relics_obtained":["Lantern"]},{"cards_removed":["Strike_B"],"damage_healed":0.0,"max_hp_gain":0.0,"max_hp_loss":0.0,"gold_gain":0.0,"event_name":"Living Wall","player_choice":"Forget","floor":3.0,"gold_loss":0.0,"damage_taken":0.0},{"damage_healed":0,"gold_gain":0,"player_choice":"Got Potions","damage_taken":0,"max_hp_gain":0,"max_hp_loss":0,"event_name":"Lab","floor":14,"gold_loss":0},{"cards_removed":["Strike_B"],"damage_healed":0,"gold_gain":0,"player_choice":"Gave Gold","damage_taken":0,"max_hp_gain":0,"max_hp_loss":0,"event_name":"Beggar","floor":19,"gold_loss":75},{"damage_healed":0,"gold_gain":0,"player_choice":"Read","damage_taken":0,"max_hp_gain":0,"max_hp_loss":0,"event_name":"The Library","floor":29,"gold_loss":0,"cards_obtained":["Defragment"]},{"damage_healed":0,"gold_gain":0,"player_choice":"Forge","damage_taken":0,"max_hp_gain":0,"max_hp_loss":0,"event_name":"Accursed Blacksmith","floor":30,"gold_loss":0,"cards_upgraded":["Ball Lightning"]},{"damage_healed":0,"gold_gain":100,"player_choice":"Pray","damage_taken":0,"max_hp_gain":0,"max_hp_loss":0,"event_name":"Golden Shrine","floor":36,"gold_loss":0},{"damage_healed":0,"gold_gain":0,"player_choice":"Ignored","damage_taken":0,"max_hp_gain":0,"max_hp_loss":0,"event_name":"Mysterious Sphere","floor":46,"gold_loss":0}],"is_beta":false,"boss_relics":[{"not_picked":["Velvet Choker","Eternal Feather"],"picked":"Philosopher\u0027s Stone"},{"not_picked":["Empty Cage","Runic Dome"],"picked":"Fusion Hammer"}],"items_purged_floors":[4,20,37],"is_endless":false,"potions_floor_spawned":[7,12,22,23,33,41,42,45],"killed_by":"Reptomancer","ascension_level":11}