{"gold_per_floor":[113,38,58,70,146,179,195,195,243,329,355,388,388,61,61,139,139,156,29,43,93,103,134,134,167,167,167,177,177,194,5,5,79,79,95,95,48,58,58,90,90,118,118,145,145,174,197,197,197,197,243],"floor_reached":52,"playtime":3710,"items_purged":["Defend_G","Strike_G"],"score":1734,"play_id":"8f5ce4ee-1e45-4a51-9705-24845839d163","local_time":"20180727175136","is_ascension_mode":true,"campfire_choices":[{"floor":8,"key":"REST"},{"floor":13,"key":"REST"},{"data":"Draining Mist","floor":15,"key":"SMITH"},{"data":"Cloak And Dagger","floor":24,"key":"SMITH"},{"data":"Accuracy","floor":27,"key":"SMITH"},{"data":"After Image","floor":29,"key":"SMITH"},{"data":"Deadly Poison","floor":41,"key":"SMITH"},{"floor":45,"key":"REST"},{"data":"Survivor","floor":50,"key":"SMITH"}],"neow_cost":"NONE","seed_source_timestamp":1327918478384510,"circlet_count":0,"master_deck":["Defend_G","Defend_G","Defend_G","Defend_G","Strike_G","Strike_G","Strike_G","Survivor+1","Neutralize+1","AscendersBane","PiercingWail","Dagger Spray","Draining Mist+1","Corpse Explosion","Slice","Pain","Flying Knee","Cloak And Dagger+1","Deadly Poison+1","Backflip+1","Cloak And Dagger+1","After Image+1","Setup+1","Panacea+1","Fluid Movement+1","Blade Dance+1","Accuracy+1","Slice","Outmaneuver+1","Outmaneuver+1","PiercingWail+1","PiercingWail+1","Tools of the Trade","PiercingWail+1","Underhanded Strike+1","Madness+1","Madness+1","ReplayTheSpireMod:The Works+1","Dodge and Roll+1","Concentrate+1","Concentrate+1","Poisoned Strike+1","Finesse+1","Blind+1"],"relics":["Ring of the Snake","Quantum Egg","Blue Candle","Regal Pillow","Blood Vial","Odd Mushroom","Toxic Egg 2","Unceasing Top","HoveringKite","Paper Crane","Ninja Scroll","Molten Egg 2","Philosopher\u0027s Stone","Juzu Bracelet","Matryoshka","Anchor","Smiling Mask","Strawberry","Bandana","Bottled Lightning","Lantern","SsserpentHead"],"potions_floor_usage":[6,12,16,23,42,51],"damage_taken":[{"damage":0,"enemies":"Cultist","floor":1,"turns":5},{"damage":0,"enemies":"Jaw Worm","floor":3,"turns":5},{"damage":1,"enemies":"Small Slimes","floor":4,"turns":5},{"damage":37,"enemies":"Lagavulin","floor":6,"turns":11},{"damage":4,"enemies":"Looter","floor":7,"turns":4},{"damage":20,"floor":11,"turns":5},{"damage":1,"enemies":"Erikyupuro","floor":12,"turns":5},{"damage":32,"enemies":"Hexaghost","floor":16,"turns":15},{"damage":4,"enemies":"Shell Parasite","floor":18,"turns":5},{"damage":0,"enemies":"3 Byrds","floor":20,"turns":2},{"damage":0,"enemies":"3 Cultists","floor":22,"turns":2},{"damage":14,"enemies":"Slavers","floor":23,"turns":4},{"damage":2,"enemies":"Book of Stabbing","floor":25,"turns":6},{"damage":6,"enemies":"Centurion and Healer","floor":28,"turns":5},{"damage":0,"enemies":"Cultist and Chosen","floor":30,"turns":4},{"damage":2,"enemies":"Collector","floor":33,"turns":7},{"damage":7,"enemies":"3 Darklings","floor":35,"turns":4},{"damage":0,"enemies":"3 Shapes","floor":38,"turns":5},{"damage":8,"enemies":"Giant Head","floor":40,"turns":7},{"damage":19,"enemies":"2 Orb Walkers","floor":42,"turns":5},{"damage":1,"enemies":"Nemesis","floor":44,"turns":5},{"damage":0,"enemies":"Giant Head","floor":46,"turns":4},{"damage":2,"enemies":"Awakened One","floor":51,"turns":8}],"seed_played":"-1173541680135402783","potions_obtained":[{"floor":1,"key":"ReplayShieldPotion"},{"floor":11,"key":"Swift Potion"},{"floor":12,"key":"SteroidPotion"},{"floor":16,"key":"Poison Potion"},{"floor":18,"key":"Explosive Potion"},{"floor":20,"key":"EssenceOfSteel"},{"floor":25,"key":"GhostInAJar"},{"floor":35,"key":"Milkshake"}],"is_trial":false,"path_per_floor":["M","$","M","M","T","E","M","R","T","?","?","E","R","$","R","B",null,"M","$","M","?","M","E","R","E","T","R","M","R","M","$","R","B",null,"M","?","$","M","?","E","R","E","T","E","R","E","T","?","?","R","B"],"character_chosen":"THE_SILENT","items_purchased":["Unceasing Top","Cloak And Dagger+1","Panacea+1","Fluid Movement+1","Outmaneuver+1","PiercingWail+1","Underhanded Strike+1"],"campfire_rested":3,"item_purchase_floors":[14,14,19,19,31,31,37],"current_hp_per_floor":[59,59,59,58,58,21,17,36,36,36,18,19,53,53,53,23,55,53,53,55,55,57,45,45,45,45,45,41,41,43,43,43,43,60,55,55,55,57,45,39,39,22,22,30,66,68,68,58,58,58,58],"gold":243,"neow_bonus":"UPGRADE_CARD","is_prod":false,"is_daily":false,"chose_seed":false,"campfire_upgraded":6,"win_rate":0,"timestamp":1532706696,"path_taken":["M","$","M","M","?","E","M","R","T","?","?","E","R","?","R","BOSS","M","$","M","?","M","E","R","E","T","R","M","R","M","$","R","BOSS","M","?","?","M","?","E","R","E","T","E","R","E","PTL","?","?","R","BOSS"],"build_version":"2018-07-26","purchased_purges":2,"victory":true,"max_hp_per_floor":[66,66,66,66,66,66,66,66,66,66,66,66,66,66,66,66,66,66,66,66,66,66,66,66,66,66,66,66,66,66,66,66,66,66,66,66,66,66,66,66,66,66,66,73,73,73,73,73,73,73,73],"card_choices":[{"not_picked":["Predator","Choke"],"picked":"PiercingWail","floor":1},{"not_picked":["Riddle With Holes","Heel Hook"],"picked":"Dagger Spray","floor":3},{"not_picked":["Eviscerate","Prepared"],"picked":"Draining Mist","floor":4},{"not_picked":["Leg Sweep","Quick Slash"],"picked":"Corpse Explosion","floor":6},{"not_picked":["Choke","Outmaneuver"],"picked":"Slice","floor":7},{"not_picked":["Expertise","Prepared"],"picked":"Flying Knee","floor":10},{"not_picked":["Sucker Punch","ReplayTheSpireMod:The Works"],"picked":"Cloak And Dagger","floor":10},{"not_picked":["ReplayTheSpireMod:The Works","Escape Plan"],"picked":"Deadly Poison","floor":11},{"not_picked":["All Out Attack","Phantasmal Killer"],"picked":"Backflip","floor":12},{"not_picked":["Tools of the Trade","Night Terror+1"],"picked":"After Image","floor":16},{"not_picked":["Flying Knee","Infinite Blades"],"picked":"Setup+1","floor":18},{"not_picked":["Dagger Throw","Sucker Punch"],"picked":"Blade Dance+1","floor":20},{"not_picked":["Distraction+1","Quick Slash"],"picked":"Accuracy","floor":22},{"not_picked":["Blur+1","Draining Mist+1"],"picked":"Slice","floor":23},{"not_picked":["Escape Plan+1","Dagger Throw"],"picked":"Outmaneuver+1","floor":25},{"not_picked":["Atom Bomb+1","Storm of Steel+1"],"picked":"Tools of the Trade","floor":33},{"not_picked":["Fluid Movement","Deadly Poison+1"],"picked":"PiercingWail+1","floor":35},{"not_picked":["Caltrops+1","Dash+1"],"picked":"ReplayTheSpireMod:The Works+1","floor":40},{"not_picked":["Poisoned Stab+1","Underhanded Strike+1"],"picked":"Dodge and Roll+1","floor":42},{"not_picked":["Heel Hook+1","Burst+1"],"picked":"Concentrate+1","floor":44},{"not_picked":["Fluid Movement","Dash+1"],"picked":"Concentrate+1","floor":46},{"not_picked":["Bandage Up+1","Enlightenment+1"],"picked":"Poisoned Strike+1","floor":48},{"not_picked":["Bandage Up+1","Jack Of All Trades+1"],"picked":"Finesse+1","floor":48},{"not_picked":["Deep Breath+1","Good Instincts+1"],"picked":"Blind+1","floor":48}],"player_experience":766878,"relics_obtained":[{"floor":5,"key":"Quantum Egg"},{"floor":6,"key":"Blue Candle"},{"floor":9,"key":"Regal Pillow"},{"floor":10,"key":"Blood Vial"},{"floor":11,"key":"Odd Mushroom"},{"floor":12,"key":"Toxic Egg 2"},{"floor":23,"key":"Paper Crane"},{"floor":25,"key":"Ninja Scroll"},{"floor":26,"key":"Molten Egg 2"},{"floor":40,"key":"Juzu Bracelet"},{"floor":42,"key":"Matryoshka"},{"floor":43,"key":"Anchor"},{"floor":43,"key":"Smiling Mask"},{"floor":44,"key":"Strawberry"},{"floor":46,"key":"Bandana"},{"floor":47,"key":"Bottled Lightning"},{"floor":47,"key":"Lantern"}],"event_choices":[{"event_name":"Mushrooms","player_choice":"Fought Mushrooms","floor":11,"damage_taken":0},{"event_name":"Nest","player_choice":"Stole From Cult","floor":21,"damage_taken":0},{"event_name":"Purifier","player_choice":"One Purge","floor":36,"damage_taken":0},{"event_name":"Winding Halls","player_choice":"Embrace Madness","floor":39,"damage_taken":0},{"event_name":"SensoryStone","player_choice":"Memory 3","floor":48,"damage_taken":0},{"event_name":"FaceTrader","player_choice":"Trade","floor":49,"damage_taken":0}],"is_beta":false,"boss_relics":[{"not_picked":["Honey Jar","Runic Dome"],"picked":"HoveringKite"},{"not_picked":["Calling Bell","Painkiller Herb"],"picked":"Philosopher\u0027s Stone"}],"items_purged_floors":[2,31],"is_endless":false,"potions_floor_spawned":[1,11,12,16,18,20,25,28,33,35,40],"ascension_level":15}