{"gold_per_floor":[144,144,144,144,193,193,193,193,193,242,340,127,176,176,176,501,501,550,550,599,648,697,697,697,697],"floor_reached":25,"playtime":986,"items_purged":[],"score":201,"play_id":"72e8bcc8-daf7-407e-b72c-c84339a1efc9","local_time":"20190323205951","daily_mods":["Cursed Run","Colorless Cards","Midas"],"is_ascension_mode":false,"campfire_choices":[{"floor":6,"key":"REST"},{"floor":8,"key":"REST"},{"floor":15,"key":"REST"},{"floor":23,"key":"REST"}],"neow_cost":"","seed_source_timestamp":0,"circlet_count":0,"master_deck":["Strike_B","Strike_B","Strike_B","Strike_B","Defend_B","Defend_B","Defend_B","Defend_B+1","Zap+1","Dualcast","Redo","Rebound","Parasite","Injury","Sweeping Beam","BootSequence","Beam Cell","Self Repair","Dramatic Entrance","Streamline","Writhe","All For One","Streamline","Transmutation","Enlightenment","Beam Cell","Ball Lightning","Bandage Up+1"],"special_seed":17978,"relics":["Cursed Key","Darkstone Periapt","Du-Vu Doll","Golden Idol","Singing Bowl","Potion Belt","Black Star"],"potions_floor_usage":[22],"damage_taken":[{"damage":10,"enemies":"Jaw Worm","floor":1,"turns":4},{"damage":0,"enemies":"2 Louse","floor":5,"turns":3},{"damage":0,"enemies":"Small Slimes","floor":10,"turns":2},{"damage":20,"enemies":"Gremlin Nob","floor":11,"turns":4},{"damage":8,"enemies":"3 Louse","floor":13,"turns":3},{"damage":67,"enemies":"The Guardian","floor":16,"turns":9},{"damage":19,"enemies":"Spheric Guardian","floor":18,"turns":4},{"damage":12,"enemies":"Shell Parasite","floor":20,"turns":5},{"damage":29,"enemies":"Centurion and Healer","floor":21,"turns":5},{"damage":32,"enemies":"Snake Plant","floor":22,"turns":4},{"damage":44,"enemies":"3 Cultists","floor":25,"turns":4}],"seed_played":"3444376581960519831","potions_obtained":[{"floor":5,"key":"Dexterity Potion"},{"floor":10,"key":"FearPotion"},{"floor":11,"key":"SpeedPotion"},{"floor":20,"key":"Regen Potion"}],"is_trial":false,"path_per_floor":["M","?","?","?","M","R","?","R","T","M","E","$","M","$","R","B",null,"M","?","M","M","M","R","?","M"],"character_chosen":"DEFECT","items_purchased":["Beam Cell","Self Repair","Dramatic Entrance"],"campfire_rested":4,"item_purchase_floors":[12,12,12],"current_hp_per_floor":[65,65,50,50,50,69,75,75,81,81,61,61,60,60,81,27,87,75,75,70,48,28,54,38,0],"gold":697,"neow_bonus":"","is_prod":false,"is_daily":true,"chose_seed":false,"campfire_upgraded":0,"win_rate":0.0,"timestamp":1553371191,"path_taken":["M","?","?","?","M","R","?","R","T","M","E","?","M","$","R","BOSS","M","?","M","?","M","R","?","?"],"build_version":"2019-01-23","purchased_purges":0,"victory":false,"max_hp_per_floor":[75,75,75,69,69,69,75,75,81,81,81,81,81,81,81,87,87,87,87,87,87,87,87,87,87],"card_choices":[{"not_picked":["Conserve Battery","Tempest"],"picked":"Redo","floor":1},{"not_picked":["Hologram","Reprogram"],"picked":"Rebound","floor":5},{"not_picked":["Skim","Turbo"],"picked":"Sweeping Beam","floor":10},{"not_picked":["Lockon","Conserve Battery"],"picked":"BootSequence","floor":11},{"not_picked":["Cold Snap","Compile Driver"],"picked":"Streamline","floor":13},{"not_picked":["Metamorphosis","Seek"],"picked":"All For One","floor":16},{"not_picked":["Steam","Go for the Eyes"],"picked":"Streamline","floor":18},{"not_picked":["Stack","Go for the Eyes"],"picked":"Beam Cell","floor":20},{"not_picked":["Aggregate","Blizzard"],"picked":"Ball Lightning","floor":21},{"not_picked":["Ball Lightning","Streamline"],"picked":"Bandage Up+1","floor":22}],"player_experience":19934,"relics_obtained":[{"floor":9,"key":"Singing Bowl"},{"floor":11,"key":"Potion Belt"}],"event_choices":[{"damage_healed":0,"gold_gain":0,"player_choice":"Ignored","damage_taken":0,"max_hp_gain":0,"max_hp_loss":0,"event_name":"Liars Game","floor":2,"gold_loss":0},{"damage_healed":0,"gold_gain":0,"player_choice":"Entered Light","damage_taken":15,"max_hp_gain":0,"max_hp_loss":0,"event_name":"Shining Light","floor":3,"gold_loss":0,"cards_upgraded":["Defend_B","Zap"]},{"damage_healed":0,"gold_gain":0,"player_choice":"Lose Max HP","damage_taken":0,"relics_obtained":["Golden Idol"],"max_hp_gain":0,"max_hp_loss":6,"event_name":"Golden Idol","floor":4,"gold_loss":0},{"damage_healed":17,"gold_gain":0,"player_choice":"Healed and dodged fight","damage_taken":0,"max_hp_gain":0,"max_hp_loss":0,"event_name":"Mushrooms","floor":7,"gold_loss":0,"cards_obtained":["Parasite"]},{"damage_healed":0,"gold_gain":0,"player_choice":"2 cards matched","damage_taken":0,"max_hp_gain":0,"max_hp_loss":0,"event_name":"Match and Keep!","floor":19,"gold_loss":0,"cards_obtained":["Transmutation","Enlightenment"]},{"damage_healed":0,"gold_gain":0,"player_choice":"POTION ","damage_taken":16,"max_hp_gain":0,"max_hp_loss":0,"event_name":"Knowing Skull","floor":24,"potions_obtained":["GamblersBrew"],"gold_loss":0,"cards_obtained":[]}],"is_beta":false,"boss_relics":[{"not_picked":["Runic Dome","White Beast Statue"],"picked":"Black Star"}],"items_purged_floors":[],"is_endless":false,"potions_floor_spawned":[5,10,11,20],"killed_by":"3 Cultists","ascension_level":0}