{"gold_per_floor":[109,109,121,196,42,42,42,73,98,108,108],"floor_reached":11,"playtime":329,"items_purged":[],"score":135,"play_id":"36a8cf53-5ff9-4348-91f6-9e33b8e68490","local_time":"20190528113404","is_ascension_mode":true,"campfire_choices":[{"floor":6,"key":"REST"}],"neow_cost":"PERCENT_DAMAGE","seed_source_timestamp":800883620760589,"circlet_count":0,"master_deck":["AscendersBane","Strike_R","Strike_R","Strike_R+1","Strike_R","Strike_R","Defend_R","Defend_R","Defend_R+1","Defend_R","Bash","Clothesline","Shrug It Off","Madness","Heavy Blade+1","Searing Blow+1"],"relics":["Burning Blood","Molten Egg 2","Art of War"],"potions_floor_usage":[11],"damage_taken":[{"damage":3,"enemies":"2 Louse","floor":1,"turns":3},{"damage":6,"enemies":"Jaw Worm","floor":3,"turns":4},{"damage":44,"enemies":"Gremlin Nob","floor":8,"turns":5},{"damage":0,"enemies":"Cultist","floor":10,"turns":3},{"damage":41,"enemies":"Exordium Wildlife","floor":11,"turns":4}],"seed_played":"-4766636709262031761","potions_obtained":[{"floor":10,"key":"SteroidPotion"}],"is_trial":false,"path_per_floor":["?","?","?"],"character_chosen":"IRONCLAD","items_purchased":["Shrug It Off","Madness"],"campfire_rested":1,"item_purchase_floors":[5,5],"current_hp_per_floor":[67,40,40,29,29,55,60,22,22,28,0],"gold":108,"neow_bonus":"TWENTY_PERCENT_HP_BONUS","is_prod":false,"is_daily":false,"chose_seed":false,"campfire_upgraded":0,"win_rate":0,"timestamp":1559057644,"path_taken":["M","?","M","?","$","R","?","E","T","M","M"],"build_version":"2019-01-23","purchased_purges":0,"victory":false,"max_hp_per_floor":[89,89,89,89,89,89,94,94,94,94,94],"card_choices":[{"not_picked":["Havoc","Iron Wave"],"picked":"Clothesline","floor":1},{"not_picked":["Wild Strike","Anger","Warcry"],"picked":"SKIP","floor":3},{"not_picked":["Searing Blow","Pommel Strike"],"picked":"Heavy Blade","floor":8},{"not_picked":["Bloodletting","True Grit"],"picked":"Searing Blow+1","floor":10}],"player_experience":723526,"relics_obtained":[{"floor":8,"key":"Molten Egg 2"},{"floor":9,"key":"Art of War"}],"event_choices":[{"damage_healed":0,"gold_gain":0,"player_choice":"Entered Light","damage_taken":27,"max_hp_gain":0,"max_hp_loss":0,"event_name":"Shining Light","floor":2,"gold_loss":0,"cards_upgraded":["Defend_R","Strike_R"]},{"damage_healed":0,"gold_gain":75,"player_choice":"Gather Gold","damage_taken":11,"max_hp_gain":0,"max_hp_loss":0,"event_name":"World of Goop","floor":4,"gold_loss":0},{"damage_healed":0,"gold_gain":0,"player_choice":"Donut","damage_taken":0,"max_hp_gain":5,"max_hp_loss":0,"event_name":"Big Fish","floor":7,"gold_loss":0}],"is_beta":false,"boss_relics":[],"items_purged_floors":[],"is_endless":false,"potions_floor_spawned":[10],"killed_by":"Exordium Wildlife","ascension_level":18}