{"gold_per_floor":[109,109,129,129,147,176,194,220,245,47,59,59,92,267,267,267],"floor_reached":16,"playtime":1440,"items_purged":["Parasite"],"score":180,"play_id":"2d35da81-37b2-49c1-b26b-3c81eddf193a","local_time":"20190513202308","is_ascension_mode":true,"campfire_choices":[{"floor":12,"key":"REST"},{"floor":15,"key":"REST"}],"neow_cost":"NONE","seed_source_timestamp":24449258057570,"circlet_count":0,"master_deck":["AscendersBane","Defend_G","Defend_G","Defend_G","Defend_G","Defend_G","Strike_G","Strike_G","Strike_G","Strike_G","Survivor","Neutralize","Well Laid Plans","Deadly Poison","Blind","Deadly Poison","Backflip","Backflip","Escape Plan","Escape Plan","Infinite Blades","Setup","Malaise","Doubt"],"relics":["Ring of the Snake","Blood Vial","Smiling Mask","Happy Flower","Anchor"],"potions_floor_usage":[6,8],"damage_taken":[{"damage":2,"enemies":"2 Louse","floor":1,"turns":2},{"damage":4,"enemies":"Cultist","floor":3,"turns":5},{"damage":3,"enemies":"Jaw Worm","floor":5,"turns":4},{"damage":22,"enemies":"Gremlin Nob","floor":6,"turns":5},{"damage":2,"enemies":"2 Fungi Beasts","floor":7,"turns":5},{"damage":14,"enemies":"3 Sentries","floor":8,"turns":10},{"damage":13,"enemies":"Exordium Thugs","floor":11,"turns":6},{"damage":30,"enemies":"Gremlin Nob","floor":13,"turns":5},{"damage":38,"enemies":"Slime Boss","floor":16,"turns":9}],"seed_played":"7198827617214359321","potions_obtained":[{"floor":1,"key":"LiquidBronze"},{"floor":3,"key":"SkillPotion"},{"floor":7,"key":"Strength Potion"},{"floor":13,"key":"Strength Potion"}],"is_trial":false,"path_per_floor":["?","?","M","?"],"character_chosen":"THE_SILENT","items_purchased":["Escape Plan","Infinite Blades"],"campfire_rested":2,"item_purchase_floors":[10,10],"current_hp_per_floor":[68,61,57,57,54,32,32,20,20,20,9,31,3,3,25,0],"gold":267,"neow_bonus":"TEN_PERCENT_HP_BONUS","is_prod":false,"is_daily":false,"chose_seed":false,"campfire_upgraded":0,"win_rate":0,"timestamp":1557793388,"path_taken":["M","?","M","?","?","E","M","E","T","$","M","R","E","?","R","BOSS"],"build_version":"2019-01-23","purchased_purges":1,"victory":false,"max_hp_per_floor":[77,77,77,77,77,77,77,77,77,74,74,74,74,74,74,74],"card_choices":[{"not_picked":["Predator","Quick Slash"],"picked":"Well Laid Plans","floor":1},{"not_picked":["Poisoned Stab","Dagger Spray"],"picked":"Deadly Poison","floor":3},{"not_picked":["Slice","Outmaneuver"],"picked":"Deadly Poison","floor":5},{"not_picked":["Infinite Blades","Distraction"],"picked":"Backflip","floor":6},{"not_picked":["Underhanded Strike","Acrobatics"],"picked":"Backflip","floor":7},{"not_picked":["Blade Dance","Sucker Punch"],"picked":"Escape Plan","floor":8},{"not_picked":["Deadly Poison","Acrobatics"],"picked":"Setup","floor":11},{"not_picked":["Cloak And Dagger","Quick Slash"],"picked":"Malaise","floor":13}],"player_experience":455764,"relics_obtained":[{"floor":6,"key":"Blood Vial"},{"floor":8,"key":"Smiling Mask"},{"floor":9,"key":"Happy Flower"},{"floor":13,"key":"Anchor"}],"event_choices":[{"cards_removed":["Strike_G"],"damage_healed":0,"gold_gain":0,"player_choice":"Card Removal","damage_taken":7,"max_hp_gain":0,"max_hp_loss":0,"event_name":"Golden Wing","floor":2,"gold_loss":0},{"damage_healed":0,"gold_gain":0,"player_choice":"2 cards matched","damage_taken":0,"max_hp_gain":0,"max_hp_loss":0,"event_name":"Match and Keep!","floor":4,"gold_loss":0,"cards_obtained":["Blind","Parasite"]},{"damage_healed":0,"gold_gain":175,"player_choice":"AGREE","damage_taken":0,"max_hp_gain":0,"max_hp_loss":0,"event_name":"Liars Game","floor":14,"gold_loss":0,"cards_obtained":["Doubt"]}],"is_beta":false,"boss_relics":[],"items_purged_floors":[10],"is_endless":false,"potions_floor_spawned":[1,3,7,13],"killed_by":"Slime Boss","ascension_level":10}