{"gold_per_floor":[12,22,22,22,22,22,56,56,56,56,104,116,146,161,161,265,265,277,60,60,60,70,70],"floor_reached":23,"playtime":1208,"items_purged":[],"score":242,"play_id":"ab2a3559-9e13-47e7-968e-cb3f3567da1a","local_time":"20181008135125","is_ascension_mode":true,"campfire_choices":[{"data":"Uppercut","floor":6,"key":"SMITH"},{"floor":10,"key":"REST"},{"floor":15,"key":"REST"}],"neow_cost":"NO_GOLD","seed_source_timestamp":431946523179420,"circlet_count":0,"master_deck":["Strike_R+1","Strike_R+1","Strike_R","Strike_R","Strike_R","Defend_R","Defend_R","Defend_R","Defend_R","Bash","Offering","Uppercut+1","Feel No Pain","Feel No Pain","Sentinel","Clash","True Grit","Intimidate","Impervious","Inflame","Second Wind","Havoc","Bludgeon","RitualDagger","Reckless Charge"],"relics":["Burning Blood","Matryoshka","Juzu Bracelet","Lantern","Pear","Dream Catcher","Blood Vial","Whetstone","Mark of Pain","Nilry\u0027s Codex"],"potions_floor_usage":[16,23,23,23],"damage_taken":[{"damage":6,"enemies":"Cultist","floor":1,"turns":2},{"damage":13,"enemies":"Jaw Worm","floor":2,"turns":2},{"damage":46,"enemies":"3 Sentries","floor":7,"turns":9},{"damage":1,"enemies":"2 Louse","floor":12,"turns":2},{"damage":40,"enemies":"Lagavulin","floor":13,"turns":6},{"damage":22,"enemies":"Exordium Wildlife","floor":14,"turns":4},{"damage":17,"enemies":"Slime Boss","floor":16,"turns":8},{"damage":30,"enemies":"Spheric Guardian","floor":18,"turns":6},{"damage":48,"enemies":"3 Byrds","floor":22,"turns":8},{"damage":28,"enemies":"Gremlin Leader","floor":23,"turns":7}],"seed_played":"2642728548832187916","potions_obtained":[{"floor":12,"key":"Block Potion"},{"floor":13,"key":"AttackPotion"},{"floor":18,"key":"Regen Potion"},{"floor":22,"key":"Strength Potion"}],"is_trial":false,"path_per_floor":["M","M","$","?","$","R","E","?","T","R","T","M","E","M","R","B",null,"M","$","?","?","M"],"character_chosen":"IRONCLAD","items_purchased":["Second Wind","Havoc","Bludgeon"],"campfire_rested":2,"item_purchase_floors":[19,19,19],"current_hp_per_floor":[80,73,73,61,61,61,21,26,36,64,64,71,39,25,53,44,95,71,71,55,49,9,0],"gold":70,"neow_bonus":"THREE_RARE_CARDS","is_prod":false,"is_daily":false,"chose_seed":false,"campfire_upgraded":1,"win_rate":0,"timestamp":1539021085,"path_taken":["M","M","?","?","?","R","E","?","T","R","?","M","E","M","R","BOSS","M","$","?","?","M","E"],"build_version":"2018-09-06","purchased_purges":0,"victory":false,"max_hp_per_floor":[80,80,80,80,80,80,80,85,95,95,95,95,95,95,95,95,95,95,95,95,95,95,95],"card_choices":[{"not_picked":["Brutality","Impervious"],"picked":"Offering","floor":0},{"not_picked":["Perfected Strike","Havoc"],"picked":"Uppercut","floor":1},{"not_picked":["Warcry","Headbutt"],"picked":"Feel No Pain","floor":2},{"not_picked":["Metallicize","Heavy Blade"],"picked":"Feel No Pain","floor":7},{"not_picked":["Havoc","Metallicize"],"picked":"Sentinel","floor":12},{"not_picked":["Metallicize","Clothesline"],"picked":"Clash","floor":13},{"not_picked":["Headbutt","Havoc"],"picked":"True Grit","floor":14},{"not_picked":["Dual Wield","Second Wind"],"picked":"Intimidate","floor":15},{"not_picked":["Barricade","Bludgeon"],"picked":"Impervious","floor":16},{"not_picked":["Clothesline","Thunderclap"],"picked":"Inflame","floor":18},{"not_picked":["Twin Strike","Sentinel"],"picked":"Reckless Charge","floor":22}],"player_experience":64187,"relics_obtained":[{"floor":7,"key":"Juzu Bracelet"},{"floor":9,"key":"Lantern"},{"floor":9,"key":"Pear"},{"floor":11,"key":"Dream Catcher"},{"floor":11,"key":"Blood Vial"},{"floor":13,"key":"Whetstone"},{"floor":20,"key":"Nilry\u0027s Codex"}],"event_choices":[{"event_name":"Scrap Ooze","player_choice":"success","floor":4,"damage_taken":12},{"event_name":"Big Fish","player_choice":"Donut","floor":8,"damage_taken":0},{"event_name":"Cursed Tome","player_choice":"Obtained Book","floor":20,"damage_taken":0},{"event_name":"Nest","player_choice":"Joined the Cult","floor":21,"damage_taken":0}],"is_beta":false,"boss_relics":[{"not_picked":["Calling Bell","Runic Dome"],"picked":"Mark of Pain"}],"items_purged_floors":[],"is_endless":false,"potions_floor_spawned":[12,13,18,22],"killed_by":"Gremlin Leader","ascension_level":2}