{"gold_per_floor":[113,113,33,208,208,236,236,264,290,325,325,351,368,318,318,416,416,430,440,455,475,487,515,91,91],"floor_reached":25,"playtime":2145,"items_purged":["Strike_R"],"score":349,"play_id":"b454e0bc-6970-4806-b8a3-1562360451ac","local_time":"20190507195304","is_ascension_mode":true,"campfire_choices":[{"floor":7,"key":"REST"},{"floor":11,"key":"REST"},{"data":"Uppercut","floor":15,"key":"SMITH"}],"neow_cost":"NONE","seed_source_timestamp":4252122444119967,"circlet_count":0,"master_deck":["Strike_R","Strike_R","Strike_R","Strike_R","Defend_R","Defend_R","Defend_R","Defend_R","Bash","Armaments","Inflame","Warcry","Uppercut+1","Reaper","Heavy Blade","Flame Barrier","Reaper","Metallicize","Warcry+1","True Grit","Shrug It Off+1","Feel No Pain","Power Through","Dark Shackles"],"relics":["Burning Blood","Red Skull","Ginger","Orichalcum","FossilizedHelix","Pen Nib","Mark of Pain","Juzu Bracelet","Paper Frog"],"potions_floor_usage":[6,8,16,23,23],"damage_taken":[{"damage":24,"enemies":"Jaw Worm","floor":1,"turns":5},{"damage":40,"enemies":"Lagavulin","floor":6,"turns":10},{"damage":30,"enemies":"Gremlin Nob","floor":8,"turns":4},{"damage":23,"enemies":"Lagavulin","floor":10,"turns":6},{"damage":24,"enemies":"3 Sentries","floor":12,"turns":9},{"damage":0,"enemies":"Small Slimes","floor":13,"turns":2},{"damage":37,"enemies":"Slime Boss","floor":16,"turns":13},{"damage":36,"enemies":"2 Thieves","floor":18,"turns":5},{"damage":14,"enemies":"3 Byrds","floor":19,"turns":3},{"damage":20,"enemies":"Shelled Parasite and Fungi","floor":20,"turns":7},{"damage":28,"enemies":"Snecko","floor":21,"turns":7},{"damage":35,"enemies":"Centurion and Healer","floor":22,"turns":8},{"damage":81,"enemies":"Gremlin Leader","floor":23,"turns":9},{"damage":21,"enemies":"Snake Plant","floor":25,"turns":2}],"seed_played":"1785142730838866376","potions_obtained":[{"floor":0,"key":"GamblersBrew"},{"floor":0,"key":"Fire Potion"},{"floor":0,"key":"Explosive Potion"},{"floor":1,"key":"FearPotion"},{"floor":12,"key":"Weak Potion"},{"floor":20,"key":"AttackPotion"},{"floor":23,"key":"LiquidBronze"}],"is_trial":false,"path_per_floor":["?","?","?","M","?"],"character_chosen":"IRONCLAD","items_purchased":["Inflame","Paper Frog","Dark Shackles"],"campfire_rested":2,"item_purchase_floors":[3,24,24],"current_hp_per_floor":[54,54,54,54,59,25,50,26,26,9,34,37,60,60,60,56,78,61,65,63,55,42,9,9,0],"gold":91,"neow_bonus":"THREE_SMALL_POTIONS","is_prod":false,"is_daily":false,"chose_seed":false,"campfire_upgraded":1,"win_rate":0,"timestamp":1557273184,"path_taken":["M","?","$","?","?","E","R","E","T","E","R","E","?","?","R","BOSS","M","M","M","M","M","E","$","M"],"build_version":"2019-01-23","purchased_purges":1,"victory":false,"max_hp_per_floor":[80,80,80,80,85,85,85,85,85,85,85,85,85,85,85,85,85,85,85,85,85,85,85,85,85],"card_choices":[{"not_picked":["Rage","Second Wind"],"picked":"Armaments","floor":1},{"not_picked":["Hemokinesis","Cleave"],"picked":"Warcry","floor":6},{"not_picked":["Clothesline","Corruption"],"picked":"Uppercut","floor":8},{"not_picked":["Havoc","Clothesline"],"picked":"Reaper","floor":10},{"not_picked":["Wild Strike","Cleave"],"picked":"Heavy Blade","floor":12},{"not_picked":["Wild Strike","Battle Trance"],"picked":"Flame Barrier","floor":13},{"not_picked":["Brutality","Immolate"],"picked":"Reaper","floor":16},{"not_picked":["Pommel Strike+1","Wild Strike"],"picked":"Metallicize","floor":18},{"not_picked":["Sword Boomerang+1","Wild Strike+1"],"picked":"Warcry+1","floor":19},{"not_picked":["Sentinel","Fiend Fire"],"picked":"True Grit","floor":20},{"not_picked":["Headbutt","Power Through"],"picked":"Shrug It Off+1","floor":21},{"not_picked":["Warcry","Fire Breathing"],"picked":"Feel No Pain","floor":22},{"not_picked":["Iron Wave","Pommel Strike"],"picked":"Power Through","floor":23}],"player_experience":304305,"relics_obtained":[{"floor":6,"key":"Red Skull"},{"floor":8,"key":"Ginger"},{"floor":9,"key":"Orichalcum"},{"floor":10,"key":"FossilizedHelix"},{"floor":12,"key":"Pen Nib"},{"floor":23,"key":"Juzu Bracelet"}],"event_choices":[{"damage_healed":0,"gold_gain":0,"player_choice":"Ignored","damage_taken":0,"max_hp_gain":0,"max_hp_loss":0,"event_name":"Golden Wing","floor":2,"gold_loss":0},{"damage_healed":0,"gold_gain":175,"player_choice":"AGREE","damage_taken":0,"max_hp_gain":0,"max_hp_loss":0,"event_name":"Liars Game","floor":4,"gold_loss":0,"cards_obtained":["Doubt"]},{"damage_healed":0,"gold_gain":0,"player_choice":"Donut","damage_taken":0,"max_hp_gain":5,"max_hp_loss":0,"event_name":"Big Fish","floor":5,"gold_loss":0},{"cards_removed":["Doubt"],"damage_healed":0,"gold_gain":0,"player_choice":"Card Removal","damage_taken":0,"max_hp_gain":0,"max_hp_loss":0,"event_name":"The Cleric","floor":14,"gold_loss":50}],"is_beta":false,"boss_relics":[{"not_picked":["Calling Bell","Astrolabe"],"picked":"Mark of Pain"}],"items_purged_floors":[24],"is_endless":false,"potions_floor_spawned":[1,12,20,23],"killed_by":"Snake Plant","ascension_level":8}