{"gold_per_floor":[109,109,284,284,295,324,324,334,334,369,369,380,179,199,199,302,302,315,230,230,243,261,261],"floor_reached":23,"playtime":1972,"items_purged":["Doubt"],"score":211,"play_id":"229ebfbc-32ae-4379-b534-063e2b8582c8","local_time":"20190529203105","is_ascension_mode":true,"campfire_choices":[{"data":"Conserve Battery","floor":7,"key":"SMITH"},{"floor":11,"key":"REST"},{"data":"Sunder","floor":15,"key":"SMITH"}],"neow_cost":"NONE","seed_source_timestamp":72292374352604,"circlet_count":0,"master_deck":["Strike_B","Strike_B","Strike_B","Strike_B","Defend_B","Defend_B","Defend_B+1","Defend_B+1","Zap","Dualcast","Deep Breath","Gash","Conserve Battery+1","Rebound","Doom and Gloom","Gash","Sunder+1","Hologram","Seek","Hologram"],"relics":["Cracked Core","Cables","Blood Vial","Bottled Flame","Potion Belt","Sozu","Darkstone Periapt"],"potions_floor_usage":[16,21,23],"damage_taken":[{"damage":0,"enemies":"2 Louse","floor":1,"turns":3},{"damage":0,"enemies":"Jaw Worm","floor":5,"turns":3},{"damage":17,"enemies":"3 Sentries","floor":6,"turns":8},{"damage":1,"enemies":"Small Slimes","floor":8,"turns":3},{"damage":17,"enemies":"Gremlin Nob","floor":10,"turns":5},{"damage":4,"enemies":"Blue Slaver","floor":12,"turns":2},{"damage":0,"enemies":"3 Louse","floor":14,"turns":1},{"damage":21,"enemies":"The Guardian","floor":16,"turns":8},{"damage":2,"enemies":"Spheric Guardian","floor":18,"turns":3},{"damage":20,"enemies":"Shell Parasite","floor":21,"turns":5},{"damage":2,"enemies":"Centurion and Healer","floor":22,"turns":4},{"damage":49,"enemies":"Slavers","floor":23,"turns":2}],"seed_played":"8238510021813521959","potions_obtained":[{"floor":6,"key":"Swift Potion"},{"floor":8,"key":"SkillPotion"},{"floor":10,"key":"Explosive Potion"},{"floor":14,"key":"AttackPotion"}],"is_trial":false,"path_per_floor":["M","?","?","T","M","E","R","M","T","E","R","M","$","M","R","B",null,"M","?","?","M","M","E"],"character_chosen":"DEFECT","items_purchased":["Gash","Sunder"],"campfire_rested":1,"item_purchase_floors":[13,13],"current_hp_per_floor":[75,60,60,60,60,43,43,44,44,29,51,49,49,51,51,32,75,73,73,59,41,41,0],"gold":261,"neow_bonus":"RANDOM_COLORLESS","is_prod":false,"is_daily":false,"chose_seed":false,"campfire_upgraded":2,"win_rate":0,"timestamp":1559187065,"path_taken":["M","?","?","?","M","E","R","M","T","E","R","M","$","M","R","BOSS","M","?","?","M","M","E"],"build_version":"2019-01-23","purchased_purges":1,"victory":false,"max_hp_per_floor":[75,75,75,75,75,75,75,75,75,75,75,75,75,75,75,75,75,75,75,80,80,80,80],"card_choices":[{"not_picked":["Doom and Gloom","Heatsinks"],"picked":"Gash","floor":1},{"not_picked":["Stack","Streamline"],"picked":"Conserve Battery","floor":5},{"not_picked":["Glacier","Coolheaded","Stack"],"picked":"SKIP","floor":6},{"not_picked":["Rip and Tear","Steam","Conserve Battery"],"picked":"SKIP","floor":8},{"not_picked":["Steam","Self Repair"],"picked":"Rebound","floor":10},{"not_picked":["Beam Cell","Creative AI"],"picked":"Doom and Gloom","floor":12},{"not_picked":["Genetic Algorithm","Steam"],"picked":"Hologram","floor":14},{"not_picked":["Multi-Cast","Hyperbeam"],"picked":"Seek","floor":16},{"not_picked":["Turbo","Streamline+1","Reinforced Body"],"picked":"SKIP","floor":18},{"not_picked":["Compile Driver","Fusion+1","Rip and Tear+1"],"picked":"SKIP","floor":21},{"not_picked":["Leap+1","Stack"],"picked":"Hologram","floor":22}],"player_experience":134171,"relics_obtained":[{"floor":4,"key":"Cables"},{"floor":6,"key":"Blood Vial"},{"floor":9,"key":"Bottled Flame"},{"floor":10,"key":"Potion Belt"}],"event_choices":[{"damage_healed":0,"gold_gain":0,"player_choice":"Entered Light","damage_taken":15,"max_hp_gain":0,"max_hp_loss":0,"event_name":"Shining Light","floor":2,"gold_loss":0,"cards_upgraded":["Defend_B","Defend_B"]},{"damage_healed":0,"gold_gain":175,"player_choice":"AGREE","damage_taken":0,"max_hp_gain":0,"max_hp_loss":0,"event_name":"Liars Game","floor":3,"gold_loss":0,"cards_obtained":["Doubt"]},{"damage_healed":0,"gold_gain":0,"player_choice":"Obtained Relic","damage_taken":0,"relics_obtained":["Darkstone Periapt"],"max_hp_gain":0,"max_hp_loss":0,"event_name":"Addict","floor":19,"gold_loss":85},{"damage_healed":0,"gold_gain":0,"player_choice":"Shed Blood","damage_taken":19,"max_hp_gain":5,"max_hp_loss":0,"event_name":"Forgotten Altar","floor":20,"gold_loss":0}],"is_beta":false,"boss_relics":[{"not_picked":["Pandora\u0027s Box","Ectoplasm"],"picked":"Sozu"}],"items_purged_floors":[13],"is_endless":false,"potions_floor_spawned":[6,8,10,14,21],"killed_by":"Slavers","ascension_level":1}