{"gold_per_floor":[113,131,53,70,70,99,99,129,164,176,213,6,6,0,0,0],"floor_reached":16,"playtime":816,"items_purged":["Strike_R"],"score":232,"play_id":"dca550d1-8d69-467a-bdb3-b741cc7efeb6","local_time":"20190530220543","is_ascension_mode":true,"campfire_choices":[{"data":"Rampage","floor":7,"key":"SMITH"},{"floor":10,"key":"REST"},{"data":"True Grit","floor":15,"key":"SMITH"}],"neow_cost":"NONE","seed_source_timestamp":656912112795503,"circlet_count":0,"master_deck":["AscendersBane","Strike_R","Strike_R","Strike_R","Strike_R","Defend_R","Defend_R","Defend_R","Defend_R","Bash+1","Twin Strike","True Grit+1","Rampage+1","Flame Barrier","Berserk","Burning Pact"],"relics":["Burning Blood","Bronze Scales","Vajra","MawBank","Smiling Mask","Bottled Lightning","Orichalcum","Question Card"],"potions_floor_usage":[6,11],"damage_taken":[{"damage":9,"enemies":"2 Louse","floor":1,"turns":4},{"damage":1,"enemies":"Cultist","floor":2,"turns":3},{"damage":7,"enemies":"Jaw Worm","floor":4,"turns":4},{"damage":35,"enemies":"3 Sentries","floor":6,"turns":10},{"damage":25,"enemies":"Gremlin Nob","floor":8,"turns":4},{"damage":26,"enemies":"Lagavulin","floor":11,"turns":7},{"damage":24,"enemies":"Hexaghost","floor":16,"turns":8}],"seed_played":"-4568740632271581222","potions_obtained":[{"floor":1,"key":"AttackPotion"},{"floor":2,"key":"Energy Potion"}],"is_trial":false,"path_per_floor":["M","M","$","M","?","E","R","E","T","R","E","$","T","?","R","B"],"character_chosen":"IRONCLAD","items_purchased":["Rampage","Orichalcum"],"campfire_rested":1,"item_purchase_floors":[3,12],"current_hp_per_floor":[65,70,70,69,69,40,40,21,21,43,23,23,23,23,23,0],"gold":0,"neow_bonus":"RANDOM_COMMON_RELIC","is_prod":false,"is_daily":false,"chose_seed":false,"campfire_upgraded":2,"win_rate":0,"timestamp":1559246743,"path_taken":["M","M","$","M","?","E","R","E","T","R","E","?","?","?","R","BOSS"],"build_version":"2019-01-23","purchased_purges":1,"victory":false,"max_hp_per_floor":[75,75,75,75,75,75,75,75,75,75,75,75,75,75,75,75],"card_choices":[{"not_picked":["Combust","Flex"],"picked":"Twin Strike","floor":1},{"not_picked":["Heavy Blade","Twin Strike"],"picked":"True Grit","floor":2},{"not_picked":["Heavy Blade","Burning Pact"],"picked":"Flame Barrier","floor":4},{"not_picked":["Perfected Strike","Iron Wave"],"picked":"Berserk","floor":8},{"not_picked":["Infernal Blade","Flex"],"picked":"Burning Pact","floor":11}],"player_experience":1344263,"relics_obtained":[{"floor":6,"key":"Vajra"},{"floor":8,"key":"MawBank"},{"floor":9,"key":"Smiling Mask"},{"floor":11,"key":"Bottled Lightning"},{"floor":13,"key":"Question Card"}],"event_choices":[{"damage_healed":0,"gold_gain":0,"player_choice":"Forge","damage_taken":0,"max_hp_gain":0,"max_hp_loss":0,"event_name":"Accursed Blacksmith","floor":5,"gold_loss":0,"cards_upgraded":["Bash"]},{"damage_healed":0,"gold_gain":0,"player_choice":"Left Gold","damage_taken":0,"max_hp_gain":0,"max_hp_loss":0,"event_name":"World of Goop","floor":14,"gold_loss":6}],"is_beta":false,"boss_relics":[],"items_purged_floors":[12],"is_endless":false,"potions_floor_spawned":[1,2,4],"killed_by":"Hexaghost","ascension_level":20}