{"gold_per_floor":[99,99,99,99,54,54,54,54,54,54,24,24,24,24,24,24,24,24,24,24,24,24,24,24,24,24,24,24,24,24,24,24,24,24,24,24,24,24,24,24,24,24,24,24,24,24,24,24,24,24],"floor_reached":51,"playtime":14753,"items_purged":[],"score":1305,"play_id":"53619560-962a-4941-88d1-dc9a2c16c869","local_time":"20190518171626","is_ascension_mode":true,"campfire_choices":[{"floor":7,"key":"REST"},{"floor":15,"key":"REST"},{"floor":23,"key":"REST"},{"floor":30,"key":"REST"},{"floor":32,"key":"REST"},{"floor":40,"key":"REST"},{"floor":42,"key":"REST"},{"floor":46,"key":"REST"},{"floor":49,"key":"REST"}],"neow_cost":"NONE","seed_source_timestamp":167464111534529,"circlet_count":0,"master_deck":["AscendersBane","Survivor","Neutralize+1","Dodge and Roll","Riddle With Holes","Cloak And Dagger","Flying Knee+1","Escape Plan","Leg Sweep","Poisoned Stab","Footwork","A Thousand Cuts","Noxious Fumes","Die Die Die","Unload","Blade Dance","Venomology","Poisoned Stab","Footwork","Slice","Terror","Dodge and Roll","Setup","Skewer","Leg Sweep+1","Calculated Gamble","Burst","RitualDagger","Well Laid Plans","Dagger Spray","A Thousand Cuts","Blade Dance","Blade Dance","Acrobatics","Backflip","Malaise","Parasite","Caltrops","Dodge and Roll","PiercingWail","Backflip+1"],"relics":["Ectoplasm","WingedGreaves","Paper Crane","Matryoshka","Orichalcum","Pandora\u0027s Box","Enchiridion","Whetstone","Ninja Scroll","Boot","Smiling Mask","Fusion Hammer","Tingsha","Blood Vial","Mummified Hand","Potion Belt","Pear"],"potions_floor_usage":[10,18,18,25,25,29,31,33,38,38,41,41,44,48,48,50,50,50],"damage_taken":[{"damage":0,"enemies":"2 Louse","floor":1,"turns":4},{"damage":6,"enemies":"Cultist","floor":2,"turns":5},{"damage":0,"enemies":"Small Slimes","floor":4,"turns":3},{"damage":6,"enemies":"Looter","floor":5,"turns":4},{"damage":22,"enemies":"3 Sentries","floor":6,"turns":11},{"damage":0,"enemies":"2 Fungi Beasts","floor":8,"turns":5},{"damage":0,"enemies":"Lots of Slimes","floor":10,"turns":2},{"damage":11,"enemies":"Looter","floor":11,"turns":3},{"damage":0,"enemies":"Lagavulin","floor":12,"turns":7},{"damage":13,"enemies":"3 Sentries","floor":13,"turns":10},{"damage":0,"enemies":"Red Slaver","floor":14,"turns":4},{"damage":15,"enemies":"Slime Boss","floor":16,"turns":12},{"damage":20,"enemies":"Shell Parasite","floor":18,"turns":6},{"damage":0,"enemies":"3 Byrds","floor":24,"turns":4},{"damage":12,"enemies":"Centurion and Healer","floor":25,"turns":5},{"damage":12,"enemies":"Slavers","floor":27,"turns":9},{"damage":7,"enemies":"Cultist and Chosen","floor":29,"turns":7},{"damage":8,"enemies":"Book of Stabbing","floor":31,"turns":5},{"damage":18,"enemies":"Champ","floor":33,"turns":11},{"damage":0,"enemies":"3 Darklings","floor":35,"turns":3},{"damage":3,"enemies":"Orb Walker","floor":37,"turns":2},{"damage":32,"enemies":"Transient","floor":38,"turns":5},{"damage":0,"enemies":"4 Shapes","floor":39,"turns":7},{"damage":13,"enemies":"Nemesis","floor":41,"turns":6},{"damage":11,"enemies":"Writhing Mass","floor":44,"turns":7},{"damage":10,"enemies":"Reptomancer","floor":45,"turns":7},{"damage":0,"enemies":"Jaw Worm Horde","floor":47,"turns":4},{"damage":19,"enemies":"Giant Head","floor":48,"turns":9},{"damage":61,"enemies":"Time Eater","floor":50,"turns":15}],"seed_played":"-1889097830274581287","potions_obtained":[{"floor":1,"key":"Energy Potion"},{"floor":6,"key":"AttackPotion"},{"floor":13,"key":"GamblersBrew"},{"floor":25,"key":"EssenceOfSteel"},{"floor":31,"key":"AttackPotion"},{"floor":38,"key":"Weak Potion"},{"floor":45,"key":"SpeedPotion"},{"floor":47,"key":"Regen Potion"}],"is_trial":false,"path_per_floor":["?","M","?","?","?","M","?","?","M"],"character_chosen":"THE_SILENT","items_purchased":[],"campfire_rested":9,"item_purchase_floors":[],"current_hp_per_floor":[63,57,57,57,51,29,50,50,50,50,39,39,26,26,47,32,61,41,25,25,25,25,46,46,48,48,36,30,23,44,36,57,39,62,62,62,59,27,27,48,35,56,56,47,39,60,62,62,80,19],"gold":24,"neow_bonus":"BOSS_RELIC","is_prod":false,"is_daily":false,"chose_seed":false,"campfire_upgraded":0,"win_rate":0,"timestamp":1558214186,"path_taken":["M","M","?","M","M","E","R","M","T","?","M","E","E","M","R","BOSS","M","?","?","?","$","R","?","M","T","E","?","M","R","E","R","BOSS","M","?","M","M","M","R","E","R","T","M","E","R","?","E","R","BOSS"],"build_version":"2019-01-23","purchased_purges":0,"victory":true,"max_hp_per_floor":[70,70,70,70,70,70,70,70,70,70,70,70,70,70,70,70,70,70,70,70,70,70,70,70,70,70,70,70,70,70,70,70,70,70,70,70,70,70,70,70,70,70,70,70,70,70,70,80,80,80],"card_choices":[{"not_picked":["Terror","Sucker Punch"],"picked":"Dodge and Roll","floor":1},{"not_picked":["Deflect","Tactician"],"picked":"Riddle With Holes","floor":2},{"not_picked":["Infinite Blades","Bullet Time"],"picked":"Cloak And Dagger","floor":4},{"not_picked":["Outmaneuver","Acrobatics"],"picked":"Flying Knee","floor":5},{"not_picked":["Tactician","Dagger Throw"],"picked":"Escape Plan","floor":6},{"not_picked":["Blade Dance","Distraction"],"picked":"Leg Sweep","floor":8},{"not_picked":["Outmaneuver","Expertise"],"picked":"Terror","floor":10},{"not_picked":["Calculated Gamble","Eviscerate"],"picked":"Poisoned Stab","floor":11},{"not_picked":["Dash","Dodge and Roll"],"picked":"Footwork","floor":12},{"not_picked":["Accuracy","Dodge and Roll"],"picked":"A Thousand Cuts","floor":13},{"not_picked":["Bane","Quick Slash"],"picked":"Noxious Fumes","floor":14},{"not_picked":["Grand Finale","Bullet Time"],"picked":"Die Die Die","floor":16},{"not_picked":["Poisoned Stab","Bane","Dagger Throw"],"picked":"SKIP","floor":18},{"not_picked":["Cloak And Dagger+1","Prepared"],"picked":"Leg Sweep+1","floor":24},{"not_picked":["Flying Knee","Eviscerate"],"picked":"Calculated Gamble","floor":25},{"not_picked":["Prepared","Setup"],"picked":"Burst","floor":27},{"not_picked":["Noxious Fumes","Sucker Punch"],"picked":"Well Laid Plans","floor":29},{"not_picked":["Poisoned Stab","Sucker Punch"],"picked":"Dagger Spray","floor":31},{"not_picked":["Unload","Doppelganger"],"picked":"A Thousand Cuts","floor":33},{"not_picked":["Sucker Punch","Setup"],"picked":"Blade Dance","floor":35},{"not_picked":["Flying Knee","Poisoned Stab"],"picked":"Blade Dance","floor":37},{"not_picked":["Deadly Poison","Quick Slash+1"],"picked":"Acrobatics","floor":38},{"not_picked":["Blade Dance+1","PiercingWail"],"picked":"Backflip","floor":39},{"not_picked":["PiercingWail","Masterful Stab"],"picked":"Malaise","floor":41},{"not_picked":["Sucker Punch+1","Deflect"],"picked":"Caltrops","floor":44},{"not_picked":["Bane","Deadly Poison"],"picked":"Dodge and Roll","floor":45},{"not_picked":["Slice","Reflex"],"picked":"PiercingWail","floor":47},{"not_picked":["Heel Hook","Catalyst"],"picked":"Backflip+1","floor":48}],"player_experience":536713,"relics_obtained":[{"floor":6,"key":"WingedGreaves"},{"floor":9,"key":"Paper Crane"},{"floor":12,"key":"Matryoshka"},{"floor":13,"key":"Orichalcum"},{"floor":19,"key":"Enchiridion"},{"floor":26,"key":"Whetstone"},{"floor":26,"key":"Ninja Scroll"},{"floor":27,"key":"Boot"},{"floor":31,"key":"Smiling Mask"},{"floor":41,"key":"Tingsha"},{"floor":43,"key":"Blood Vial"},{"floor":43,"key":"Mummified Hand"},{"floor":45,"key":"Potion Belt"},{"floor":48,"key":"Pear"}],"event_choices":[{"cards_removed":["Strike_G"],"damage_healed":0,"gold_gain":0,"player_choice":"Offered Basic","damage_taken":0,"max_hp_gain":0,"max_hp_loss":0,"event_name":"Bonfire Elementals","floor":3,"gold_loss":0},{"damage_healed":0,"gold_gain":0,"player_choice":"Obtained Book","damage_taken":16,"max_hp_gain":0,"max_hp_loss":0,"event_name":"Cursed Tome","floor":19,"gold_loss":0},{"cards_removed":["Terror"],"damage_healed":0,"gold_gain":0,"player_choice":"Elegance","damage_taken":0,"max_hp_gain":0,"max_hp_loss":0,"event_name":"Back to Basics","floor":20,"gold_loss":0},{"damage_healed":0,"gold_gain":0,"player_choice":"1 cards matched","damage_taken":0,"max_hp_gain":0,"max_hp_loss":0,"event_name":"Match and Keep!","floor":21,"gold_loss":0,"cards_obtained":["Skewer"]},{"damage_healed":0,"gold_gain":0,"player_choice":"Joined the Cult","damage_taken":6,"max_hp_gain":0,"max_hp_loss":0,"event_name":"Nest","floor":28,"gold_loss":0,"cards_obtained":["RitualDagger"]},{"damage_healed":0,"gold_gain":0,"player_choice":"Ignored","damage_taken":0,"max_hp_gain":0,"max_hp_loss":0,"event_name":"SecretPortal","floor":36,"gold_loss":0}],"is_beta":false,"boss_relics":[{"not_picked":["Calling Bell","Astrolabe"],"picked":"Pandora\u0027s Box"},{"not_picked":["Black Star","White Beast Statue"],"picked":"Fusion Hammer"}],"items_purged_floors":[],"is_endless":false,"potions_floor_spawned":[1,6,8,13,25,29,31,38,44,45,47],"ascension_level":13}