{"gold_per_floor":[368,443,88,103,103,132,132,146,169,182,182,202,228,239,239,336,336,348,364,374,390,410,410,442,442,442,442,472,485,40,56,82,82,182,182,216,239,114,142,195,195,236,263,315,315,359,359,6,36,36,48],"floor_reached":52,"playtime":3301,"items_purged":["Clumsy","Strike_B","Strike_B","Dualcast"],"score":990,"play_id":"57e95b86-a65b-4819-9a83-1faeb099ff46","local_time":"20180714102526","is_ascension_mode":true,"campfire_choices":[{"data":"Defragment","floor":7,"key":"SMITH"},{"data":"FIFO Queue","floor":11,"key":"SMITH"},{"data":"BasicCrystalCard","floor":15,"key":"SMITH"},{"data":"Barrage","floor":23,"key":"SMITH"},{"floor":33,"key":"REST"},{"data":"Go for the Eyes","floor":41,"key":"SMITH"},{"floor":45,"key":"REST"},{"floor":50,"key":"REST"}],"neow_cost":"CURSE","seed_source_timestamp":178337297072713,"circlet_count":0,"master_deck":["Defend_B","Defend_B","Defend_B","Defend_B","Zap","Sunder","FIFO Queue+1","Cold Snap","Leap","Defragment+1","Core Surge","Leap","Go for the Eyes+1","BasicCrystalCard+1","Echo Form+1","Turbo","Electrodynamics","Conserve Battery+1","Barrage+1","Coolheaded+1","Steam","Conserve Battery","Blizzard","Force Field","Amplify","Stack","Beam Cell+1","Reboot+1","Coolheaded+1","Coolheaded+1","Meteor Strike+1","Bandage Up","ReplayUltimateDefense","Conserve Battery+1"],"relics":["FrozenCore","Baseball","Anchor","Bronze Scales","Gremlin Food","Onion Ring","Mummified Hand","Red Mask","Bandana","Sozu","Calipers","Molten Egg 2","Ancient Bracer","Lantern"],"potions_floor_usage":[18,24,24,31,34,34,42],"damage_taken":[{"damage":5,"enemies":"Small Slimes","floor":1,"turns":2},{"damage":2,"enemies":"Jaw Worm","floor":4,"turns":2},{"damage":11,"enemies":"Lagavulin","floor":6,"turns":5},{"damage":0,"enemies":"2 Louse","floor":8,"turns":2},{"damage":0,"enemies":"Gremlin Gang","floor":10,"turns":3},{"damage":1,"enemies":"Large Slime","floor":12,"turns":4},{"damage":5,"enemies":"3 Sentries","floor":13,"turns":6},{"damage":0,"enemies":"Exordium Wildlife","floor":14,"turns":3},{"damage":1,"enemies":"Hexaghost","floor":16,"turns":8},{"damage":0,"enemies":"Chosen","floor":18,"turns":5},{"damage":9,"enemies":"2 Thieves","floor":19,"turns":3},{"damage":2,"enemies":"Centurion and Healer","floor":20,"turns":5},{"damage":0,"enemies":"Snecko","floor":21,"turns":4},{"damage":9,"enemies":"Snake Plant","floor":22,"turns":4},{"damage":21,"enemies":"Slavers","floor":24,"turns":4},{"damage":21,"floor":28,"turns":4},{"damage":0,"enemies":"Centurion and Healer","floor":29,"turns":7},{"damage":0,"enemies":"Snecko","floor":31,"turns":6},{"damage":0,"enemies":"Snake Plant","floor":32,"turns":2},{"damage":10,"enemies":"Automaton","floor":34,"turns":11},{"damage":0,"enemies":"3 Shapes","floor":36,"turns":4},{"damage":7,"enemies":"Flame Bruiser 1 Orb","floor":37,"turns":5},{"damage":4,"enemies":"Sphere and 2 Shapes","floor":39,"turns":6},{"damage":6,"floor":40,"turns":3},{"damage":10,"enemies":"Nemesis","floor":42,"turns":7},{"damage":16,"enemies":"Flame Bruiser 2 Orb","floor":43,"turns":7},{"damage":0,"enemies":"Giant Head","floor":46,"turns":8},{"damage":32,"enemies":"Transient","floor":49,"turns":5},{"damage":26,"enemies":"Awakened One","floor":51,"turns":15}],"seed_played":"-7894189955618556884","potions_obtained":[{"floor":1,"key":"Elixir"},{"floor":6,"key":"Reflective Coating"},{"floor":16,"key":"Toxic Potion"},{"floor":21,"key":"FearPotion"},{"floor":29,"key":"Weak Potion"},{"floor":31,"key":"SpeedPotion"},{"floor":32,"key":"Fire Potion"},{"floor":34,"key":"SpeedPotion"}],"is_trial":false,"path_per_floor":["M","?","$","M","?","E","R","M","T","M","R","M","E","M","R","B",null,"M","M","M","M","M","R","E","PTL","?","T","?","M","$","M","M","R","B",null,"M","M","$","M","?","R","E","M","T","R","E","?","$","M","R","B"],"character_chosen":"DEFECT","items_purchased":["Baseball","FIFO Queue","Cold Snap","Bandana","Force Field","Amplify","ReplayUltimateDefense"],"campfire_rested":3,"item_purchase_floors":[3,3,3,30,30,30,48],"current_hp_per_floor":[63,52,52,50,50,39,39,39,39,39,39,38,33,33,33,32,64,64,55,53,53,44,44,23,23,23,23,2,2,2,2,2,24,14,60,60,53,53,49,43,43,33,17,17,39,39,39,39,11,33,11],"gold":48,"neow_bonus":"TWO_FIFTY_GOLD","is_prod":false,"is_daily":false,"chose_seed":false,"campfire_upgraded":5,"win_rate":0,"timestamp":1531556726,"path_taken":["M","?","$","M","?","E","R","M","T","M","R","M","E","M","R","BOSS","M","M","?","M","?","R","E","PTL","?","T","?","M","$","M","M","R","BOSS","M","M","$","M","?","R","E","M","T","R","E","?","$","M","R","BOSS"],"build_version":"2018-07-12","purchased_purges":4,"victory":true,"max_hp_per_floor":[75,75,75,75,75,75,75,75,75,75,75,75,75,75,75,75,75,75,75,75,75,75,75,75,75,75,75,75,75,75,75,75,75,75,75,75,75,75,75,75,75,75,75,75,75,75,75,75,75,75,75],"card_choices":[{"not_picked":["Genetic Algorithm","Double Energy"],"picked":"Sunder","floor":1},{"not_picked":["Cold Snap","Rebound"],"picked":"Leap","floor":4},{"not_picked":["Recycle","Stack"],"picked":"Core Surge","floor":6},{"not_picked":["Ball Lightning","Storm"],"picked":"Leap","floor":8},{"not_picked":["Rip and Tear","Streamline"],"picked":"Go for the Eyes","floor":10},{"not_picked":["Compile Driver","Lockon"],"picked":"BasicCrystalCard","floor":12},{"not_picked":["Leap","Buffer"],"picked":"Echo Form","floor":13},{"not_picked":["ReplaySort","Time Bomb"],"picked":"Turbo","floor":14},{"not_picked":["Rainbow","Reboot"],"picked":"Electrodynamics","floor":16},{"not_picked":["Melter","Streamline"],"picked":"Conserve Battery+1","floor":18},{"not_picked":["Ball Lightning","Glacier"],"picked":"Barrage","floor":19},{"not_picked":["Turbo","Steam"],"picked":"Coolheaded","floor":20},{"not_picked":["Lockon","Coolheaded"],"picked":"Steam","floor":21},{"not_picked":["Fusion","Rip and Tear+1"],"picked":"Conserve Battery","floor":24},{"not_picked":["Ball Lightning","Conserve Battery"],"picked":"Blizzard","floor":28},{"not_picked":["Rebound+1","Go for the Eyes"],"picked":"Stack","floor":31},{"not_picked":["BasicCrystalCard+1","ReplayRNGCard"],"picked":"Beam Cell+1","floor":32},{"not_picked":["Multi-Cast","Hyperbeam"],"picked":"Reboot","floor":34},{"not_picked":["Hello World+1","Streamline"],"picked":"Coolheaded+1","floor":37},{"not_picked":["Gash+1","BasicCrystalCard"],"picked":"Coolheaded+1","floor":39},{"not_picked":["Conserve Battery","Steam+1"],"picked":"Meteor Strike+1","floor":46},{"not_picked":["Swift Strike+1","Crow Ritual"],"picked":"Bandage Up","floor":47},{"not_picked":["Reflective Lens","Time Bomb"],"picked":"Conserve Battery+1","floor":49}],"player_experience":753125,"relics_obtained":[{"floor":6,"key":"Anchor"},{"floor":9,"key":"Bronze Scales"},{"floor":13,"key":"Gremlin Food"},{"floor":24,"key":"Onion Ring"},{"floor":27,"key":"Mummified Hand"},{"floor":28,"key":"Red Mask"},{"floor":40,"key":"Calipers"},{"floor":42,"key":"Molten Egg 2"},{"floor":44,"key":"Ancient Bracer"},{"floor":46,"key":"Lantern"}],"event_choices":[{"event_name":"World of Goop","player_choice":"Gather Gold","floor":2,"damage_taken":0},{"event_name":"Living Wall","player_choice":"Change","floor":5,"damage_taken":0},{"event_name":"Purifier","player_choice":"One Purge","floor":26,"damage_taken":0},{"event_name":"Masked Bandits","player_choice":"Fought over 442 gold","floor":28,"damage_taken":0},{"event_name":"Mysterious Sphere","player_choice":"Fight","floor":40,"damage_taken":0},{"event_name":"SensoryStone","player_choice":"Memory 1","floor":47,"damage_taken":0}],"boss_relics":[{"not_picked":["Lizard Tail","Tiny House"],"picked":"FrozenCore"},{"not_picked":["Velvet Choker","Honey Jar"],"picked":"Sozu"}],"items_purged_floors":[3,30,38,48],"is_endless":false,"potions_floor_spawned":[1,6,16,21,29,31,32,34,42,43,46],"ascension_level":6}