{"gold_per_floor":[110,110,123,48,48,48,78,88,88,88,108,140,140,150,150,250,250,270,285,304,103,120,120,70,70],"floor_reached":25,"playtime":1922,"items_purged":["Strike_R","Bash","Juggernaut"],"score":213,"play_id":"bb0e9bd6-0359-4af7-9233-19b0b0c62918","local_time":"20190216191427","is_ascension_mode":false,"campfire_choices":[{"data":"Defend_R","floor":6,"key":"SMITH"},{"floor":13,"key":"REST"},{"floor":15,"key":"REST"},{"data":"Anger","floor":23,"key":"SMITH"}],"neow_cost":"NONE","seed_source_timestamp":174335977600648,"circlet_count":0,"master_deck":["Strike_R","Strike_R","Strike_R","Defend_R+1","Defend_R","Defend_R+1","Defend_R+1","Headbutt+1","Evolve","Dual Wield","Anger+1","Flex","Carnage","Flex","Demon Form","Clash+1","Spot Weakness"],"relics":["Burning Blood","StoneCalendar","Shuriken","Smiling Mask","Coffee Dripper","Vajra"],"potions_floor_usage":[7,20,20],"damage_taken":[{"damage":10,"enemies":"Jaw Worm","floor":1,"turns":7},{"damage":0,"enemies":"Cultist","floor":3,"turns":3},{"damage":31,"enemies":"Lagavulin","floor":7,"turns":9},{"damage":0,"enemies":"2 Louse","floor":8,"turns":3},{"damage":12,"enemies":"Looter","floor":11,"turns":3},{"damage":14,"enemies":"Gremlin Nob","floor":12,"turns":4},{"damage":12,"enemies":"Lots of Slimes","floor":14,"turns":4},{"damage":58,"enemies":"Hexaghost","floor":16,"turns":10},{"damage":10,"enemies":"Spheric Guardian","floor":18,"turns":4},{"damage":30,"enemies":"Shell Parasite","floor":19,"turns":6},{"damage":35,"enemies":"Snake Plant","floor":20,"turns":5},{"damage":22,"enemies":"Chosen and Byrds","floor":22,"turns":7},{"damage":20,"enemies":"Centurion and Healer","floor":25,"turns":1}],"seed_played":"7686540154475418742","potions_obtained":[{"floor":3,"key":"Energy Potion"},{"floor":7,"key":"Weak Potion"},{"floor":8,"key":"AttackPotion"},{"floor":12,"key":"Swift Potion"},{"floor":20,"key":"EssenceOfSteel"}],"is_trial":false,"path_per_floor":["M","?","M","$","?","R","E","M","T","?","M","E","R","M","R","B",null,"M","M","M","$","M","R","$","M"],"character_chosen":"IRONCLAD","items_purchased":["Vajra"],"campfire_rested":2,"item_purchase_floors":[21],"current_hp_per_floor":[84,66,72,72,72,72,47,53,53,53,47,39,65,59,85,33,88,84,60,31,31,15,15,15,0],"gold":70,"neow_bonus":"TEN_PERCENT_HP_BONUS","is_prod":false,"is_daily":false,"chose_seed":false,"campfire_upgraded":2,"win_rate":0.0,"timestamp":1550373267,"path_taken":["M","?","M","$","?","R","E","?","T","?","M","E","R","?","R","BOSS","M","M","M","$","M","R","$","M"],"build_version":"2019-01-23","purchased_purges":3,"victory":false,"max_hp_per_floor":[88,88,88,88,88,88,88,88,88,88,88,88,88,88,88,88,88,88,88,88,88,88,88,88,88],"card_choices":[{"not_picked":["Wild Strike","Sword Boomerang"],"picked":"Headbutt","floor":1},{"not_picked":["Disarm","Infernal Blade"],"picked":"Evolve","floor":3},{"not_picked":["Intimidate","Dark Embrace"],"picked":"Dual Wield","floor":7},{"not_picked":["Shrug It Off","Twin Strike"],"picked":"Anger","floor":8},{"not_picked":["Pommel Strike","Hemokinesis"],"picked":"Carnage","floor":11},{"not_picked":["Sword Boomerang","Barricade"],"picked":"Juggernaut","floor":12},{"not_picked":["Clash","Armaments"],"picked":"Flex","floor":14},{"not_picked":["Limit Break","Immolate"],"picked":"Demon Form","floor":16},{"not_picked":["Body Slam+1","Armaments","Iron Wave"],"picked":"SKIP","floor":18},{"not_picked":["Dropkick","Evolve","Shockwave"],"picked":"SKIP","floor":19},{"not_picked":["Anger","Power Through+1"],"picked":"Clash+1","floor":20},{"not_picked":["Battle Trance","Heavy Blade+1"],"picked":"Spot Weakness","floor":22}],"player_experience":34232,"relics_obtained":[{"floor":7,"key":"StoneCalendar"},{"floor":9,"key":"Shuriken"},{"floor":12,"key":"Smiling Mask"}],"event_choices":[{"damage_healed":0,"gold_gain":0,"player_choice":"Entered Light","damage_taken":18,"max_hp_gain":0,"max_hp_loss":0,"event_name":"Shining Light","floor":2,"gold_loss":0,"cards_upgraded":["Defend_R","Headbutt"]},{"damage_healed":0,"gold_gain":0,"player_choice":"Forge","damage_taken":0,"max_hp_gain":0,"max_hp_loss":0,"event_name":"Accursed Blacksmith","floor":5,"gold_loss":0,"cards_upgraded":["Defend_R"]},{"damage_healed":0,"gold_gain":0,"cards_transformed":["Strike_R"],"player_choice":"Transformed","damage_taken":0,"max_hp_gain":0,"max_hp_loss":0,"event_name":"Transmorgrifier","floor":10,"gold_loss":0,"cards_obtained":["Flex"]}],"is_beta":false,"boss_relics":[{"not_picked":["White Beast Statue","Sozu"],"picked":"Coffee Dripper"}],"items_purged_floors":[4,21,24],"is_endless":false,"potions_floor_spawned":[3,7,8,12,20],"killed_by":"Centurion and Healer","ascension_level":0}