{"gold_per_floor":[113,128,128,139,139,139,169,169],"floor_reached":8,"playtime":297,"items_purged":[],"score":87,"play_id":"e6cf2b94-c2df-426f-8801-59f9ae325557","local_time":"20190526140751","is_ascension_mode":true,"campfire_choices":[{"data":"Body Slam","floor":6,"key":"SMITH"}],"neow_cost":"NONE","seed_source_timestamp":637343684331602,"circlet_count":0,"master_deck":["AscendersBane","Strike_R","Strike_R","Strike_R","Strike_R","Strike_R","Defend_R","Defend_R","Defend_R","Defend_R","Bash","Body Slam+1","Sentinel","Metallicize"],"relics":["Burning Blood","GremlinMask","Golden Idol"],"potions_floor_usage":[8],"damage_taken":[{"damage":5,"enemies":"2 Louse","floor":1,"turns":3},{"damage":2,"enemies":"Cultist","floor":2,"turns":4},{"damage":9,"enemies":"Small Slimes","floor":4,"turns":7},{"damage":49,"enemies":"3 Sentries","floor":8,"turns":10}],"seed_played":"4315988724482129950","potions_obtained":[{"floor":2,"key":"SpeedPotion"},{"floor":4,"key":"Ancient Potion"}],"is_trial":false,"path_per_floor":["?","M","?","?"],"character_chosen":"IRONCLAD","items_purchased":[],"campfire_rested":0,"item_purchase_floors":[],"current_hp_per_floor":[76,80,80,77,49,49,49,0],"gold":169,"neow_bonus":"TEN_PERCENT_HP_BONUS","is_prod":false,"is_daily":false,"chose_seed":false,"campfire_upgraded":1,"win_rate":0,"timestamp":1558894071,"path_taken":["M","M","?","?","?","R","?","E"],"build_version":"2019-01-23","purchased_purges":0,"victory":false,"max_hp_per_floor":[82,82,82,82,82,82,82,82],"card_choices":[{"not_picked":["Pommel Strike","Fire Breathing"],"picked":"Body Slam","floor":1},{"not_picked":["Twin Strike","Warcry"],"picked":"Sentinel","floor":2},{"not_picked":["Pommel Strike","Sentinel"],"picked":"Metallicize","floor":4}],"player_experience":714342,"relics_obtained":[],"event_choices":[{"damage_healed":0,"gold_gain":0,"player_choice":"Trade","damage_taken":0,"relics_obtained":["GremlinMask"],"max_hp_gain":0,"max_hp_loss":0,"event_name":"FaceTrader","floor":3,"gold_loss":0},{"damage_healed":0,"gold_gain":0,"player_choice":"Take Damage","damage_taken":28,"relics_obtained":["Golden Idol"],"max_hp_gain":0,"max_hp_loss":0,"event_name":"Golden Idol","floor":5,"gold_loss":0},{"damage_healed":0,"gold_gain":30,"player_choice":"Searched \u00271\u0027 times","damage_taken":0,"max_hp_gain":0,"max_hp_loss":0,"event_name":"Dead Adventurer","floor":7,"gold_loss":0}],"is_beta":false,"boss_relics":[],"items_purged_floors":[],"is_endless":false,"potions_floor_spawned":[2,4],"killed_by":"3 Sentries","ascension_level":18}