{"gold_per_floor":[118,137,312,325,325,325,10,10,10,10,35,49,65,93,93,192,192,203,12,12,23,39,39,55,55,78,78,105,105,105,105,105,207,207,224,234,53,64,82,82,94,108,108,127,144,144,19,19,19,19],"floor_reached":51,"playtime":1749,"items_purged":["Pain","Normality","Doubt"],"score":1071,"play_id":"c33f3711-f3ac-429a-bb3b-a3bb10001dc3","local_time":"20190401133338","is_ascension_mode":true,"campfire_choices":[{"data":"Zap","floor":6.0,"key":"SMITH"},{"data":"Capacitor","floor":8.0,"key":"SMITH"},{"data":"Dualcast","floor":10.0,"key":"SMITH"},{"data":"Defragment","floor":15.0,"key":"SMITH"},{"data":"Biased Cognition","floor":23.0,"key":"SMITH"},{"data":"Biased Cognition","floor":25.0,"key":"SMITH"},{"data":"Self Repair","floor":27.0,"key":"SMITH"},{"data":"Barrage","floor":29.0,"key":"SMITH"},{"floor":32.0,"key":"REST"},{"floor":40,"key":"REST"},{"floor":49,"key":"REST"}],"neow_cost":"NONE","seed_source_timestamp":863741763000482,"circlet_count":0,"master_deck":["Strike_B","Strike_B","Defend_B+1","Defend_B+1","Defend_B","Defend_B","Zap+1","Dualcast+1","Coolheaded","Core Surge","Capacitor+1","Cold Snap+1","Self Repair+1","Streamline+1","Defragment+1","Biased Cognition+1","Cold Snap","Leap","Barrage+1","Biased Cognition+1","Glacier","Barrage+1","Seek","Normality","Normality","BootSequence+1","Capacitor","Barrage+1","Panacea","Impatience"],"special_seed":0,"relics":["Cracked Core","WarpedTongs","War Paint","Mercury Hourglass","Bag of Preparation","Whetstone","Nuclear Battery","ClockworkSouvenir","Blood Vial","Dead Branch","Potion Belt","Calling Bell","Orichalcum","Letter Opener","Du-Vu Doll","StoneCalendar"],"potions_floor_usage":[39,39,39,42,45,50,50],"damage_taken":[{"damage":9.0,"enemies":"Jaw Worm","floor":1.0,"turns":3.0},{"damage":1.0,"enemies":"2 Louse","floor":2.0,"turns":3.0},{"damage":0.0,"enemies":"Cultist","floor":4.0,"turns":4.0},{"damage":4.0,"enemies":"Gremlin Nob","floor":11.0,"turns":4.0},{"damage":0.0,"enemies":"Lots of Slimes","floor":12.0,"turns":1.0},{"damage":7.0,"enemies":"2 Fungi Beasts","floor":13.0,"turns":2.0},{"damage":11.0,"enemies":"3 Sentries","floor":14.0,"turns":6.0},{"damage":0.0,"enemies":"Slime Boss","floor":16.0,"turns":12.0},{"damage":4.0,"enemies":"2 Thieves","floor":18.0,"turns":4.0},{"damage":0.0,"enemies":"Spheric Guardian","floor":21.0,"turns":3.0},{"damage":0.0,"enemies":"Snecko","floor":22.0,"turns":4.0},{"damage":19.0,"enemies":"Snake Plant","floor":24.0,"turns":4.0},{"damage":17.0,"enemies":"Gremlin Leader","floor":28.0,"turns":5.0},{"damage":5.0,"enemies":"Collector","floor":33.0,"turns":10.0},{"damage":27,"enemies":"3 Darklings","floor":35,"turns":5},{"damage":0,"enemies":"3 Shapes","floor":36,"turns":5},{"damage":0,"enemies":"Transient","floor":38,"turns":5},{"damage":54,"enemies":"Spire Growth","floor":39,"turns":8},{"damage":0,"enemies":"4 Shapes","floor":41,"turns":3},{"damage":19,"enemies":"3 Darklings","floor":42,"turns":5},{"damage":13,"enemies":"Spire Growth","floor":44,"turns":5},{"damage":3,"enemies":"Writhing Mass","floor":45,"turns":7},{"damage":10,"enemies":"Awakened One","floor":50,"turns":14}],"seed_played":"1577964936815388197","potions_obtained":[{"floor":1.0,"key":"Energy Potion"},{"floor":11.0,"key":"Explosive Potion"},{"floor":12.0,"key":"Strength Potion"},{"floor":14.0,"key":"EssenceOfSteel"},{"floor":18.0,"key":"EssenceOfSteel"},{"floor":33.0,"key":"Dexterity Potion"},{"floor":38,"key":"AttackPotion"},{"floor":41,"key":"PowerPotion"},{"floor":44,"key":"Regen Potion"}],"is_trial":false,"path_per_floor":["M","M","?","M","?","R","$","R","T","R","E","M","M","E","R","B",null,"M","$","?","M","M","R","M","R","T","R","E","R","?","T","R","B",null,"M","M","$","M","M","R","M","M","T","M","M","?","$","?","R","B",null],"character_chosen":"DEFECT","items_purchased":["Capacitor","War Paint","Cold Snap","ClockworkSouvenir","Capacitor"],"campfire_rested":3,"item_purchase_floors":[7,7,7,19,37],"current_hp_per_floor":[59,58,58,58,58,58,58,58,58,58,54,64,57,46,46,53,70,73,73,73,73,73,73,54,54,54,54,49,49,49,49,71,75,75,58,70,70,72,30,52,54,47,47,46,70,70,70,60,75,75],"gold":19,"neow_bonus":"REMOVE_CARD","is_prod":false,"is_daily":false,"chose_seed":false,"campfire_upgraded":8,"win_rate":0,"timestamp":1554118418,"path_taken":["M","M","?","M","?","R","$","R","T","R","E","?","?","E","R","BOSS","M","$","?","M","M","R","?","R","T","R","E","R","?","?","R","BOSS","M","M","$","M","M","R","M","M","T","M","?","?","$","?","R","BOSS"],"build_version":"2019-01-23","purchased_purges":3,"victory":true,"max_hp_per_floor":[75,75,75,75,75,75,75,75,75,75,75,75,75,75,75,75,75,75,75,75,75,75,75,75,75,75,75,75,75,75,75,75,75,75,75,75,75,75,75,75,75,75,75,75,75,75,75,75,75,75],"card_choices":[{"not_picked":["Static Discharge","Hologram"],"picked":"Coolheaded","floor":1.0},{"not_picked":["Compile Driver","BootSequence"],"picked":"Core Surge","floor":2.0},{"not_picked":["Rip and Tear","Sunder","White Noise"],"picked":"SKIP","floor":4.0},{"not_picked":["Consume","Coolheaded"],"picked":"Self Repair","floor":11.0},{"not_picked":["Gash","Coolheaded"],"picked":"Streamline","floor":12.0},{"not_picked":["Hello World","Compile Driver","Blizzard"],"picked":"SKIP","floor":13.0},{"not_picked":["White Noise","Reinforced Body"],"picked":"Defragment","floor":14.0},{"not_picked":["Echo Form","Electrodynamics"],"picked":"Biased Cognition","floor":16.0},{"not_picked":["Aggregate","Go for the Eyes"],"picked":"Cold Snap","floor":18.0},{"not_picked":["Conserve Battery","Melter"],"picked":"Barrage","floor":21.0},{"not_picked":["Blizzard","Lockon"],"picked":"Biased Cognition","floor":22.0},{"not_picked":["Beam Cell","Tempest"],"picked":"Glacier","floor":24.0},{"not_picked":["Hologram","Storm"],"picked":"Barrage+1","floor":28.0},{"not_picked":["Fission","Meteor Strike"],"picked":"Seek","floor":33.0},{"not_picked":["Barrage+1","Genetic Algorithm+1"],"picked":"BootSequence+1","floor":35},{"not_picked":["Skim","Sweeping Beam+1","Conserve Battery"],"picked":"SKIP","floor":36},{"not_picked":["Conserve Battery+1","Buffer","Glacier+1"],"picked":"SKIP","floor":38},{"not_picked":["Sunder","Stack+1","Rebound"],"picked":"SKIP","floor":39},{"not_picked":["Compile Driver","Rebound+1","Cold Snap"],"picked":"SKIP","floor":41},{"not_picked":["Double Energy+1","BootSequence+1","Coolheaded+1"],"picked":"SKIP","floor":42},{"not_picked":["Coolheaded+1","Melter"],"picked":"Barrage+1","floor":44},{"not_picked":["Leap+1","Cold Snap+1","Sweeping Beam"],"picked":"SKIP","floor":45},{"not_picked":["Trip","Swift Strike"],"picked":"Panacea","floor":48},{"not_picked":["HandOfGreed","Swift Strike"],"picked":"Impatience","floor":48}],"player_experience":125052,"relics_obtained":[{"floor":9.0,"key":"Mercury Hourglass"},{"floor":11.0,"key":"Bag of Preparation"},{"floor":14.0,"key":"Whetstone"},{"floor":26.0,"key":"Blood Vial"},{"floor":28.0,"key":"Dead Branch"},{"floor":31.0,"key":"Potion Belt"},{"floor":34.0,"key":"Orichalcum"},{"floor":34.0,"key":"Letter Opener"},{"floor":34.0,"key":"Du-Vu Doll"},{"floor":43,"key":"StoneCalendar"}],"event_choices":[{"damage_healed":0.0,"max_hp_gain":0.0,"max_hp_loss":0.0,"gold_gain":175.0,"event_name":"Liars Game","player_choice":"AGREE","floor":3.0,"gold_loss":0.0,"damage_taken":0.0,"cards_obtained":["Doubt"]},{"damage_healed":0.0,"max_hp_gain":0.0,"max_hp_loss":0.0,"gold_gain":0.0,"event_name":"Accursed Blacksmith","player_choice":"Rummage","floor":5.0,"gold_loss":0.0,"damage_taken":0.0,"relics_obtained":["WarpedTongs"],"cards_obtained":["Pain"]},{"damage_healed":0.0,"max_hp_gain":0.0,"max_hp_loss":0.0,"gold_gain":0.0,"cards_transformed":["Strike_B"],"event_name":"Transmorgrifier","player_choice":"Transformed","floor":20.0,"gold_loss":0.0,"damage_taken":0.0,"cards_obtained":["Leap"]},{"damage_healed":0.0,"max_hp_gain":0.0,"max_hp_loss":0.0,"gold_gain":0.0,"event_name":"Ghosts","player_choice":"Ignored","floor":30.0,"gold_loss":0.0,"damage_taken":0.0},{"damage_healed":0,"gold_gain":0,"player_choice":"Ignored","damage_taken":0,"max_hp_gain":0,"max_hp_loss":0,"event_name":"Tomb of Lord Red Mask","floor":46,"gold_loss":0},{"damage_healed":0,"gold_gain":0,"player_choice":"Memory 3","damage_taken":10,"max_hp_gain":0,"max_hp_loss":0,"event_name":"SensoryStone","floor":48,"gold_loss":0}],"is_beta":false,"boss_relics":[{"not_picked":["Velvet Choker","White Beast Statue"],"picked":"Nuclear Battery"},{"not_picked":["Astrolabe","Lizard Tail"],"picked":"Calling Bell"}],"items_purged_floors":[7,37,47],"is_endless":false,"potions_floor_spawned":[1,11,12,14,18,22,33,38,41,44],"ascension_level":9}