{"gold_per_floor":[114,64,41,41,116,149,149,182,182,182,198,213,213,213,213,213],"floor_reached":16,"playtime":373,"items_purged":[],"score":106,"play_id":"7ecd0cf3-8bd7-4f44-a2b8-ff634c1398ca","local_time":"20190201143843","is_ascension_mode":false,"campfire_choices":[{"floor":7,"key":"REST"},{"floor":10,"key":"REST"},{"data":"Zap","floor":13,"key":"SMITH"},{"data":"Dualcast","floor":15,"key":"SMITH"}],"neow_cost":"NONE","seed_source_timestamp":310094334199712,"circlet_count":0,"master_deck":["Strike_B","Strike_B","Defend_B","Defend_B","Defend_B","Defend_B","Zap+1","Dualcast+1","Conserve Battery","Ball Lightning","Gash"],"special_seed":0,"relics":["Cracked Core","Anchor","Golden Idol","Sundial","Ginger","Toxic Egg 2"],"potions_floor_usage":[16],"damage_taken":[{"damage":0.0,"enemies":"2 Louse","floor":1.0,"turns":2.0},{"damage":32,"enemies":"3 Sentries","floor":6,"turns":9},{"damage":14,"enemies":"Lagavulin","floor":8,"turns":6},{"damage":0,"enemies":"Jaw Worm","floor":11,"turns":2},{"damage":0,"enemies":"Small Slimes","floor":12,"turns":3},{"damage":51,"enemies":"Slime Boss","floor":16,"turns":10}],"seed_played":"-2907962613197911449","potions_obtained":[{"floor":11,"key":"Ancient Potion"},{"floor":12,"key":"SkillPotion"}],"is_trial":false,"path_per_floor":["M","?","$","?","?","E","R","E","T","R","M","M","R","?","R","B"],"character_chosen":"DEFECT","items_purchased":["Conserve Battery"],"campfire_rested":2,"item_purchase_floors":[3],"current_hp_per_floor":[75,75,75,57,50,18,40,26,26,48,48,48,48,48,48,0],"gold":213,"neow_bonus":"RANDOM_COMMON_RELIC","is_prod":false,"is_daily":false,"chose_seed":false,"campfire_upgraded":2,"win_rate":0,"timestamp":1549028323,"path_taken":["M","?","$","?","?","E","R","E","T","R","M","?","R","?","R","BOSS"],"build_version":"2019-01-23","purchased_purges":0,"victory":false,"max_hp_per_floor":[75,75,75,75,75,75,75,75,75,75,75,75,75,75,75,75],"card_choices":[{"not_picked":["Turbo","Barrage","Skim"],"picked":"SKIP","floor":1.0},{"not_picked":["Double Energy","Aggregate"],"picked":"Ball Lightning","floor":6},{"not_picked":["Creative AI","Capacitor","Skim"],"picked":"SKIP","floor":8},{"not_picked":["Rebound","Undo+1"],"picked":"Gash","floor":11},{"not_picked":["Static Discharge","Redo+1","Sweeping Beam"],"picked":"SKIP","floor":12}],"player_experience":54690,"relics_obtained":[{"floor":6,"key":"Sundial"},{"floor":8,"key":"Ginger"},{"floor":9,"key":"Toxic Egg 2"}],"event_choices":[{"cards_removed":["Strike_B"],"damage_healed":0.0,"max_hp_gain":0.0,"max_hp_loss":0.0,"gold_gain":0.0,"event_name":"The Cleric","player_choice":"Card Removal","floor":2.0,"gold_loss":50.0,"damage_taken":0.0},{"damage_healed":0.0,"max_hp_gain":0.0,"max_hp_loss":0.0,"gold_gain":0.0,"event_name":"Golden Idol","player_choice":"Take Damage","floor":4.0,"gold_loss":0.0,"damage_taken":18.0,"relics_obtained":["Golden Idol"]},{"damage_healed":0,"gold_gain":75,"player_choice":"Touch","damage_taken":7,"max_hp_gain":0,"max_hp_loss":0,"event_name":"FaceTrader","floor":5,"gold_loss":0},{"cards_removed":["Strike_B"],"damage_healed":0,"gold_gain":0,"player_choice":"Forget","damage_taken":0,"max_hp_gain":0,"max_hp_loss":0,"event_name":"Living Wall","floor":14,"gold_loss":0}],"is_beta":false,"boss_relics":[],"items_purged_floors":[],"is_endless":false,"potions_floor_spawned":[11,12],"killed_by":"Slime Boss","ascension_level":0}