{"gold_per_floor":[114,39,39,57,70,103,64,64,64,75,110,110,10,20,20,123,123,134,145,145,60,60,60,88,105,129,129,161,177,177,177,177,177],"floor_reached":33,"playtime":5041,"items_purged":["Strike_B","Defend_B"],"score":293,"play_id":"8d920d37-7f97-4bf6-850c-2c316444f0fa","local_time":"20190510233702","is_ascension_mode":false,"campfire_choices":[{"floor":12.0,"key":"RECALL"},{"data":"Dualcast","floor":15.0,"key":"SMITH"},{"data":"Genetic Algorithm","floor":23,"key":"SMITH"},{"floor":30,"key":"REST"},{"floor":32,"key":"REST"}],"neow_cost":"NONE","seed_source_timestamp":0,"circlet_count":0,"master_deck":["Defend_B","Zap","Dualcast+1","Conserve Battery","Self Repair","Core Surge","Static Discharge","Genetic Algorithm+1","Auto Shields","Streamline","Machine Learning+1","Tempest+1","Turbo+1","Tempest+1","Skim","Reprogram","Melter","Conserve Battery","Self Repair"],"special_seed":0,"relics":["Cracked Core","NeowsBlessing","Incense Burner","Bottled Lightning","Astrolabe","Calipers","Oddly Smooth Stone","The Courier","Lantern","Omamori"],"potions_floor_usage":[24,24],"damage_taken":[{"damage":0.0,"enemies":"Cultist","floor":1.0,"turns":1.0},{"damage":0.0,"enemies":"Small Slimes","floor":4.0,"turns":1.0},{"damage":0.0,"enemies":"Jaw Worm","floor":5.0,"turns":1.0},{"damage":4.0,"enemies":"3 Sentries","floor":6.0,"turns":7.0},{"damage":3.0,"enemies":"2 Fungi Beasts","floor":10.0,"turns":4.0},{"damage":6.0,"enemies":"Gremlin Nob","floor":11.0,"turns":5.0},{"damage":4.0,"enemies":"Large Slime","floor":14.0,"turns":6.0},{"damage":6.0,"enemies":"The Guardian","floor":16.0,"turns":12.0},{"damage":0,"enemies":"Spheric Guardian","floor":18,"turns":3},{"damage":27,"enemies":"3 Byrds","floor":19,"turns":5},{"damage":15,"enemies":"Gremlin Leader","floor":24,"turns":5},{"damage":16,"enemies":"Shelled Parasite and Fungi","floor":25,"turns":7},{"damage":19,"enemies":"Slavers","floor":28,"turns":7},{"damage":15,"enemies":"Snake Plant","floor":29,"turns":4},{"damage":90,"enemies":"Automaton","floor":33,"turns":12}],"seed_played":"-6624861839273748608","potions_obtained":[{"floor":5.0,"key":"AttackPotion"},{"floor":6.0,"key":"SpeedPotion"},{"floor":14.0,"key":"AttackPotion"},{"floor":19,"key":"Fire Potion"},{"floor":29,"key":"Strength Potion"}],"is_trial":false,"path_per_floor":["M","$","?","M","M","E","$","?","T","M","E","R","$","M","R","B",null,"M","M","?","?","?","R","E","M","T","$","E","M","R","?","R","B"],"character_chosen":"DEFECT","items_purchased":["Genetic Algorithm"],"campfire_rested":2,"item_purchase_floors":[7],"current_hp_per_floor":[75,75,75,75,75,75,75,68,68,72,73,73,73,75,75,75,75,75,55,55,55,55,55,47,38,38,38,26,18,40,40,62,0],"gold":177,"neow_bonus":"THREE_ENEMY_KILL","is_prod":false,"is_daily":false,"chose_seed":false,"campfire_upgraded":2,"win_rate":0,"timestamp":1557524222,"path_taken":["M","?","?","M","?","E","$","?","T","M","E","R","$","M","R","BOSS","M","M","?","?","?","R","E","?","T","$","E","M","R","?","R","BOSS"],"build_version":"2019-01-23","purchased_purges":2,"victory":false,"max_hp_per_floor":[75,75,75,75,75,75,75,75,75,75,75,75,75,75,75,75,75,75,75,75,75,75,75,75,75,75,75,75,75,75,75,75,75],"card_choices":[{"not_picked":["Hologram","Cold Snap"],"picked":"Conserve Battery","floor":1.0},{"not_picked":["Gash","Hologram"],"picked":"Self Repair","floor":4.0},{"not_picked":["Ball Lightning","Go for the Eyes"],"picked":"Core Surge","floor":5.0},{"not_picked":["Heatsinks","Aggregate"],"picked":"Static Discharge","floor":6.0},{"not_picked":["Go for the Eyes","Barrage"],"picked":"Auto Shields","floor":10.0},{"not_picked":["Doom and Gloom","Barrage"],"picked":"Streamline","floor":11.0},{"not_picked":["Rip and Tear","Chaos","Streamline"],"picked":"SKIP","floor":14.0},{"not_picked":["Rainbow","Fission"],"picked":"Machine Learning","floor":16.0},{"not_picked":["Barrage","Compile Driver","Steam"],"picked":"SKIP","floor":18},{"not_picked":["Rebound","Redo"],"picked":"Skim","floor":19},{"not_picked":["Undo+1","Streamline+1","Buffer"],"picked":"SKIP","floor":24},{"not_picked":["Redo","Ball Lightning"],"picked":"Reprogram","floor":25},{"not_picked":["Storm","Go for the Eyes"],"picked":"Melter","floor":28},{"not_picked":["Redo","Leap"],"picked":"Conserve Battery","floor":29}],"player_experience":129861,"relics_obtained":[{"floor":6.0,"key":"Incense Burner"},{"floor":11.0,"key":"Bottled Lightning"},{"floor":24,"key":"The Courier"},{"floor":26,"key":"Lantern"},{"floor":28,"key":"Omamori"}],"event_choices":[{"damage_healed":0.0,"max_hp_gain":0.0,"max_hp_loss":0.0,"gold_gain":0.0,"event_name":"NoteForYourself","player_choice":"Ignored","floor":3.0,"gold_loss":0.0,"damage_taken":0.0},{"cards_removed":["Strike_B"],"damage_healed":0.0,"max_hp_gain":0.0,"max_hp_loss":0.0,"gold_gain":0.0,"event_name":"Golden Wing","player_choice":"Card Removal","floor":8.0,"gold_loss":0.0,"damage_taken":7.0},{"damage_healed":0,"gold_gain":0,"player_choice":"Opened","damage_taken":0,"relics_obtained":["Calipers"],"max_hp_gain":0,"max_hp_loss":0,"event_name":"The Mausoleum","floor":20,"gold_loss":0},{"damage_healed":0,"gold_gain":0,"player_choice":"Obtained Relic","damage_taken":0,"relics_obtained":["Oddly Smooth Stone"],"max_hp_gain":0,"max_hp_loss":0,"event_name":"Addict","floor":21,"gold_loss":85},{"damage_healed":0,"gold_gain":0,"player_choice":"Forge","damage_taken":0,"max_hp_gain":0,"max_hp_loss":0,"event_name":"Accursed Blacksmith","floor":22,"gold_loss":0,"cards_upgraded":["Machine Learning"]},{"damage_healed":0,"gold_gain":0,"cards_transformed":["Defend_B"],"player_choice":"Transformed","damage_taken":0,"max_hp_gain":0,"max_hp_loss":0,"event_name":"Transmorgrifier","floor":31,"gold_loss":0,"cards_obtained":["Self Repair"]}],"is_beta":false,"boss_relics":[{"not_picked":["Snecko Eye","Runic Dome"],"picked":"Astrolabe"}],"items_purged_floors":[2,13],"is_endless":false,"potions_floor_spawned":[5,6,14,19,29],"killed_by":"Automaton","ascension_level":0}