{"gold_per_floor":[116,116,116,116,136,166,166,197,197,197,222,222,236,253,253,354,384,398,72,90,102,112,112,129,129,178,178,195,229,229,229],"floor_reached":31,"playtime":29498,"items_purged":["Strike_B"],"score":344,"play_id":"3443765b-78ae-4fed-bfaa-1295d8da7620","local_time":"20180711164148","is_ascension_mode":true,"campfire_choices":[{"floor":7,"key":"REST"},{"floor":10,"key":"REST"},{"data":"1","floor":12,"key":"LIFT"},{"data":"2","floor":15,"key":"LIFT"},{"data":"3","floor":23,"key":"LIFT"},{"floor":25,"key":"REST"},{"data":"Hologram","floor":30,"key":"SMITH"}],"neow_cost":"NONE","seed_source_timestamp":0,"circlet_count":0,"master_deck":["Strike_B+1","Strike_B+1","Strike_B+1","Defend_B","Defend_B","Defend_B+1","Defend_B","Zap+1","Dualcast","Streamline","Beam Cell","Steam+1","Rip and Tear","Self Repair","Scrape","Gash","Reboot","Gash","Conserve Battery","Go for the Eyes","Hologram+1","Conserve Battery+1","Hologram","Stack","Reinforced Body+1"],"special_seed":17723,"relics":["Cracked Core","Girya","Whetstone","Potion Belt","Gambling Chip","Singing Bowl","Tiny House","Anchor","Dream Catcher","Lantern"],"potions_floor_usage":[6,16,21,29,31,31,31],"damage_taken":[{"damage":5,"enemies":"Small Slimes","floor":1,"turns":3},{"damage":7,"enemies":"Jaw Worm","floor":5,"turns":3},{"damage":17,"enemies":"3 Sentries","floor":6,"turns":6},{"damage":20,"enemies":"Gremlin Nob","floor":8,"turns":4},{"damage":5,"enemies":"3 Sentries","floor":11,"turns":5},{"damage":0,"enemies":"2 Louse","floor":13,"turns":1},{"damage":0,"enemies":"Looter","floor":14,"turns":2},{"damage":16,"enemies":"Hexaghost","floor":16,"turns":8},{"damage":7,"enemies":"Chosen","floor":18,"turns":3},{"damage":0,"enemies":"Shell Parasite","floor":20,"turns":3},{"damage":30,"enemies":"Snecko","floor":21,"turns":6},{"damage":10,"enemies":"Sentry and Sphere","floor":22,"turns":5},{"damage":13,"enemies":"3 Cultists","floor":24,"turns":5},{"damage":7,"enemies":"Centurion and Healer","floor":28,"turns":7},{"damage":33,"enemies":"Gremlin Leader","floor":29,"turns":6},{"damage":28,"enemies":"Snake Plant","floor":31,"turns":3}],"seed_played":"-1904894230533814690","potions_obtained":[{"floor":5,"key":"AttackPotion"},{"floor":11,"key":"Energy Potion"},{"floor":13,"key":"SkillPotion"},{"floor":17,"key":"EssenceOfSteel"},{"floor":20,"key":"Poison Potion"},{"floor":24,"key":"Explosive Potion"},{"floor":28,"key":"SpeedPotion"},{"floor":29,"key":"FocusPotion"}],"is_trial":false,"path_per_floor":["M","?","?","?","M","E","R","E","T","R","E","R","M","M","R","B",null,"M","$","M","M","M","R","M","R","T","?","M","E","R"],"character_chosen":"DEFECT","items_purchased":["Conserve Battery","Go for the Eyes","Anchor"],"campfire_rested":3,"item_purchase_floors":[19,19,19],"current_hp_per_floor":[70,55,43,43,36,19,41,21,21,43,38,38,38,38,38,29,69,64,64,71,48,45,45,41,66,66,50,50,24,24,0],"gold":229,"neow_bonus":"UPGRADE_CARD","is_prod":false,"is_daily":false,"chose_seed":false,"campfire_upgraded":1,"win_rate":0,"timestamp":1531320108,"path_taken":["M","?","?","?","M","E","R","E","T","R","E","R","M","M","R","BOSS","M","$","M","M","M","R","M","R","T","?","M","E","R","M"],"build_version":"2018-07-05","purchased_purges":1,"victory":false,"max_hp_per_floor":[75,75,75,75,75,75,75,75,75,75,75,75,75,75,75,75,80,82,82,82,82,82,82,84,84,84,89,89,89,89,89],"card_choices":[{"not_picked":["Beam Cell","Rebound"],"picked":"Streamline","floor":1},{"not_picked":["Skim","Reinforced Body"],"picked":"Beam Cell","floor":5},{"not_picked":["Redo","Aggregate"],"picked":"Steam","floor":6},{"not_picked":["Rebound","Darkness"],"picked":"Rip and Tear","floor":8},{"not_picked":["White Noise","Turbo"],"picked":"Self Repair","floor":11},{"not_picked":["Reprogram","Multi-Cast"],"picked":"Scrape","floor":13},{"not_picked":["Beam Cell","Hologram"],"picked":"Gash","floor":14},{"not_picked":["Amplify","Seek"],"picked":"Reboot","floor":16},{"not_picked":["BootSequence","Chaos"],"picked":"Gash","floor":17},{"not_picked":["Rebound","Force Field","Redo+1"],"picked":"Singing Bowl","floor":18},{"not_picked":["Storm","Go for the Eyes"],"picked":"Hologram","floor":20},{"not_picked":["Ball Lightning+1","Hello World+1"],"picked":"Conserve Battery+1","floor":21},{"not_picked":["Multi-Cast","Streamline"],"picked":"Hologram","floor":22},{"not_picked":["Reinforced Body","Turbo","Capacitor"],"picked":"Singing Bowl","floor":24},{"not_picked":["Streamline+1","Rip and Tear"],"picked":"Stack","floor":28},{"not_picked":["Rebound","Streamline"],"picked":"Reinforced Body+1","floor":29}],"player_experience":777666,"relics_obtained":[{"floor":6,"key":"Whetstone"},{"floor":8,"key":"Potion Belt"},{"floor":9,"key":"Gambling Chip"},{"floor":11,"key":"Singing Bowl"},{"floor":26,"key":"Dream Catcher"},{"floor":29,"key":"Lantern"}],"event_choices":[{"event_name":"Shining Light","player_choice":"Entered Light","floor":2,"damage_taken":0},{"event_name":"Scrap Ooze","player_choice":"success","floor":3,"damage_taken":12},{"event_name":"Golden Idol","player_choice":"Ignored","floor":4,"damage_taken":0},{"event_name":"Forgotten Altar","player_choice":"Shed Blood","floor":27,"damage_taken":0}],"boss_relics":[{"not_picked":["Velvet Choker","Empty Cage"],"picked":"Tiny House"}],"items_purged_floors":[19],"is_endless":false,"potions_floor_spawned":[5,11,13,20,24,28,29],"killed_by":"Snake Plant","ascension_level":5}