{"gold_per_floor":[115,125,80,97,15,15,49,49,96,124,124,136,136,136,136,212,212,226,226,241,13,13,44,61,61,61,79,79,79,79,112,112,190,190,208,483,502,515,22,41,41,53,53,53,65,65,99,99,99,99],"floor_reached":51,"playtime":3343,"items_purged":["Writhe","Strike_R"],"score":1384,"play_id":"898121b9-9cce-40b0-8d3a-f9eeaf3b2072","local_time":"20180830155057","is_ascension_mode":true,"campfire_choices":[{"data":"Barricade","floor":6,"key":"SMITH"},{"data":"True Grit","floor":11,"key":"SMITH"},{"data":"Clothesline","floor":15,"key":"SMITH"},{"floor":25,"key":"DIG"},{"floor":28,"key":"DIG"},{"data":"Shrug It Off","floor":30,"key":"SMITH"},{"floor":32,"key":"DIG"},{"data":"Body Slam","floor":41,"key":"SMITH"},{"floor":44,"key":"DIG"},{"floor":46,"key":"REST"},{"floor":49,"key":"DIG"}],"neow_cost":"TEN_PERCENT_HP_LOSS","seed_source_timestamp":1058701578018083,"circlet_count":0,"master_deck":["Strike_R","Strike_R","Strike_R","Defend_R","Defend_R","Defend_R","Defend_R+1","Bash","AscendersBane","Shrug It Off+1","Twin Strike","Cleave","True Grit+1","Barricade+1","Impervious+1","Clothesline+1","Headbutt","Feed","Shrug It Off+1","Exhume","Spot Weakness","RitualDagger","Offering","Regret","Pummel","Body Slam+1","Shame","Impervious"],"relics":["Burning Blood","Shovel","Red Skull","War Paint","Bottled Flame","Juzu Bracelet","Cursed Key","The Courier","Lee\u0027s Waffle","Centennial Puzzle","Vajra","Darkstone Periapt","Blue Candle","Blood Vial","Sozu","OrangePellets","Bag of Preparation","StoneCalendar","Ancient Tea Set","Mummified Hand","Oddly Smooth Stone"],"potions_floor_usage":[16,23,24,31,33,45],"damage_taken":[{"damage":10,"enemies":"Cultist","floor":1,"turns":5},{"damage":4,"enemies":"2 Louse","floor":2,"turns":4},{"damage":7,"enemies":"Jaw Worm","floor":4,"turns":4},{"damage":54,"enemies":"Gremlin Nob","floor":7,"turns":6},{"damage":0,"enemies":"Lagavulin","floor":10,"turns":7},{"damage":11,"enemies":"Lots of Slimes","floor":12,"turns":3},{"damage":0,"enemies":"Hexaghost","floor":16,"turns":12},{"damage":16,"enemies":"Spheric Guardian","floor":18,"turns":7},{"damage":16,"enemies":"2 Thieves","floor":20,"turns":4},{"damage":6,"enemies":"Colosseum Slavers","floor":22,"turns":7},{"damage":61,"enemies":"Slavers","floor":23,"turns":9},{"damage":25,"enemies":"3 Cultists","floor":24,"turns":6},{"damage":5,"enemies":"Centurion and Healer","floor":27,"turns":7},{"damage":1,"enemies":"Gremlin Leader","floor":31,"turns":13},{"damage":48,"enemies":"Automaton","floor":33,"turns":16},{"damage":6,"enemies":"3 Shapes","floor":35,"turns":5},{"damage":10,"enemies":"Flame Bruiser 1 Orb","floor":37,"turns":17},{"damage":13,"enemies":"3 Darklings","floor":38,"turns":6},{"damage":70,"enemies":"Spire Growth","floor":40,"turns":9},{"damage":1,"enemies":"Flame Bruiser 2 Orb","floor":42,"turns":6},{"damage":33,"enemies":"Transient","floor":45,"turns":5},{"damage":23,"enemies":"Nemesis","floor":47,"turns":7},{"damage":35,"enemies":"Time Eater","floor":50,"turns":13}],"seed_played":"-3634821555244563550","potions_obtained":[{"floor":4,"key":"PowerPotion"},{"floor":8,"key":"SpeedPotion"},{"floor":20,"key":"Regen Potion"},{"floor":23,"key":"BloodPotion"},{"floor":24,"key":"Weak Potion"},{"floor":33,"key":"Explosive Potion"}],"is_trial":false,"path_per_floor":["M","M","$","M","$","R","E","?","T","E","R","M","T","?","R","B",null,"M","?","M","$","?","E","M","R","T","M","R","?","R","E","R","B",null,"M","?","M","M","$","M","R","M","T","R","M","R","E","?","R","B"],"character_chosen":"IRONCLAD","items_purchased":["Cleave","Barricade","Lee\u0027s Waffle","OrangePellets","Bag of Preparation","Pummel","Body Slam"],"campfire_rested":1,"item_purchase_floors":[3,5,21,39,39,39,39],"current_hp_per_floor":[64,66,66,65,65,65,17,17,17,23,23,18,18,18,18,24,57,50,50,43,81,84,47,40,40,40,47,47,41,41,49,49,9,77,82,88,89,87,87,28,28,38,44,44,19,56,44,44,44,17],"gold":99,"neow_bonus":"ONE_RARE_RELIC","is_prod":false,"is_daily":false,"chose_seed":false,"campfire_upgraded":5,"win_rate":0,"timestamp":1535637057,"path_taken":["M","M","$","?","$","R","E","?","T","E","R","M","?","?","R","BOSS","M","?","M","$","?","E","M","R","T","M","R","?","R","E","R","BOSS","M","?","M","M","$","M","R","M","T","R","M","R","E","?","R","BOSS"],"build_version":"2018-08-23v2","purchased_purges":2,"victory":true,"max_hp_per_floor":[68,68,68,68,68,68,68,68,68,68,68,68,68,68,68,68,68,71,71,74,81,84,87,90,90,90,96,96,96,96,99,99,99,99,102,108,111,114,114,117,117,120,126,126,126,126,129,129,129,129],"card_choices":[{"not_picked":["Warcry","Cleave"],"picked":"Shrug It Off","floor":1},{"not_picked":["Battle Trance","Wild Strike"],"picked":"Twin Strike","floor":2},{"not_picked":["Pommel Strike","Hemokinesis"],"picked":"True Grit","floor":4},{"not_picked":["Pommel Strike","Wild Strike"],"picked":"Impervious","floor":7},{"not_picked":["Perfected Strike","Anger"],"picked":"Clothesline","floor":10},{"not_picked":["Whirlwind","Pommel Strike"],"picked":"Headbutt","floor":12},{"not_picked":["Juggernaut","Berserk"],"picked":"Feed","floor":16},{"not_picked":["Pummel","Intimidate"],"picked":"Shrug It Off+1","floor":20},{"not_picked":["Rampage","Twin Strike"],"picked":"Exhume","floor":23},{"not_picked":["Flex+1","Clothesline"],"picked":"Spot Weakness","floor":27},{"not_picked":["Exhume","Immolate"],"picked":"Offering","floor":33},{"not_picked":["Fire Breathing","True Grit"],"picked":"Impervious","floor":47}],"player_experience":1013309,"relics_obtained":[{"floor":7,"key":"Red Skull"},{"floor":9,"key":"War Paint"},{"floor":10,"key":"Bottled Flame"},{"floor":13,"key":"Juzu Bracelet"},{"floor":23,"key":"Centennial Puzzle"},{"floor":25,"key":"Vajra"},{"floor":28,"key":"Darkstone Periapt"},{"floor":31,"key":"Blue Candle"},{"floor":32,"key":"Blood Vial"},{"floor":43,"key":"StoneCalendar"},{"floor":44,"key":"Ancient Tea Set"},{"floor":47,"key":"Mummified Hand"},{"floor":49,"key":"Oddly Smooth Stone"}],"event_choices":[{"event_name":"The Lab","player_choice":"Got Potions","floor":8,"damage_taken":0},{"event_name":"Purifier","player_choice":"One Purge","floor":14,"damage_taken":0},{"event_name":"The Mausoleum","player_choice":"Yes","floor":19,"damage_taken":0},{"event_name":"Colosseum","player_choice":"Fight","floor":22,"damage_taken":0},{"event_name":"Colosseum","player_choice":"Fled From Nobs","floor":22,"damage_taken":0},{"event_name":"Nest","player_choice":"Joined the Cult","floor":29,"damage_taken":0},{"event_name":"Golden Shrine","player_choice":"Desecrate","floor":36,"damage_taken":0},{"event_name":"FaceTrader","player_choice":"Leave","floor":48,"damage_taken":0}],"is_beta":false,"boss_relics":[{"not_picked":["Runic Pyramid","Pandora\u0027s Box"],"picked":"Cursed Key"},{"not_picked":["White Beast Statue","Tiny House"],"picked":"Sozu"}],"items_purged_floors":[21,39],"is_endless":false,"potions_floor_spawned":[4,20,22,23,24,33,35,45,47],"ascension_level":15}