{"gold_per_floor":[112,122,140,156,156,186,44,59,59,78,40,40,40,60,60,163,163,181,194,68,86,18,18],"floor_reached":23,"playtime":1606,"items_purged":["Strike_G"],"score":195,"play_id":"4bf2f426-8fc6-4526-9c70-18df909a5b50","local_time":"20190530201903","is_ascension_mode":false,"campfire_choices":[{"floor":12,"key":"REST"},{"data":"PiercingWail","floor":15,"key":"SMITH"}],"neow_cost":"NONE","seed_source_timestamp":1087538138391715,"circlet_count":0,"master_deck":["Defend_G","Defend_G","Defend_G","Defend_G","Defend_G","Strike_G","Strike_G","Strike_G","Strike_G","Survivor","Neutralize","Catalyst+1","Crippling Poison","Backflip","Prepared","Noxious Fumes+1","PiercingWail+1","Deadly Poison","Envenom","Infinite Blades+1","Cloak And Dagger","Escape Plan","Distraction","Caltrops"],"relics":["Ring of the Snake","Boot","Bottled Flame","Pantograph","Black Star"],"potions_floor_usage":[8,10,18,21,23],"damage_taken":[{"damage":0,"enemies":"2 Louse","floor":1,"turns":3},{"damage":0,"enemies":"Cultist","floor":2,"turns":4},{"damage":0,"enemies":"Jaw Worm","floor":3,"turns":5},{"damage":5,"enemies":"Large Slime","floor":4,"turns":9},{"damage":41,"enemies":"Gremlin Nob","floor":6,"turns":6},{"damage":7,"enemies":"Gremlin Gang","floor":8,"turns":3},{"damage":0,"enemies":"Looter","floor":10,"turns":4},{"damage":13,"enemies":"Large Slime","floor":14,"turns":8},{"damage":4,"enemies":"Hexaghost","floor":16,"turns":7},{"damage":0,"enemies":"Spheric Guardian","floor":18,"turns":3},{"damage":11,"enemies":"2 Thieves","floor":19,"turns":5},{"damage":14,"enemies":"Snecko","floor":21,"turns":5},{"damage":65,"enemies":"Slavers","floor":23,"turns":5}],"seed_played":"2466982596619711176","potions_obtained":[{"floor":1,"key":"Explosive Potion"},{"floor":2,"key":"Strength Potion"},{"floor":10,"key":"Fruit Juice"},{"floor":14,"key":"Poison Potion"},{"floor":18,"key":"Weak Potion"},{"floor":21,"key":"Regen Potion"}],"is_trial":false,"path_per_floor":["M","M","M","M","?","E","$","M","T","M","?","R","?","M","R","B",null,"M","M","$","M","$","E"],"character_chosen":"THE_SILENT","items_purchased":["Noxious Fumes","Cloak And Dagger","Escape Plan","Caltrops"],"campfire_rested":1,"item_purchase_floors":[7,20,20,22],"current_hp_per_floor":[70,70,70,65,65,24,24,17,17,22,22,44,44,31,31,52,75,75,64,64,50,50,0],"gold":18,"neow_bonus":"RANDOM_COMMON_RELIC","is_prod":false,"is_daily":false,"chose_seed":false,"campfire_upgraded":1,"win_rate":0.0,"timestamp":1559269143,"path_taken":["M","M","M","M","?","E","$","M","T","?","?","R","?","M","R","BOSS","M","?","$","M","$","E"],"build_version":"2019-01-23","purchased_purges":1,"victory":false,"max_hp_per_floor":[70,70,70,70,70,70,70,70,70,75,75,75,75,75,75,75,75,75,75,75,75,75,75],"card_choices":[{"not_picked":["Underhanded Strike","Dagger Spray"],"picked":"Catalyst","floor":1},{"not_picked":["Flying Knee","Distraction"],"picked":"Crippling Poison","floor":2},{"not_picked":["Poisoned Stab","Bane","Riddle With Holes"],"picked":"SKIP","floor":3},{"not_picked":["Outmaneuver","Deflect"],"picked":"Backflip","floor":4},{"not_picked":["Flechettes","Phantasmal Killer"],"picked":"Prepared","floor":6},{"not_picked":["Backstab","Flying Knee"],"picked":"PiercingWail","floor":8},{"not_picked":["Predator","Infinite Blades"],"picked":"Deadly Poison","floor":10},{"not_picked":["Reflex","Calculated Gamble","Outmaneuver"],"picked":"SKIP","floor":14},{"not_picked":["Storm of Steel","Adrenaline"],"picked":"Envenom","floor":16},{"not_picked":["Poisoned Stab","Outmaneuver","Dagger Throw"],"picked":"SKIP","floor":18},{"not_picked":["Quick Slash","Endless Agony"],"picked":"Infinite Blades+1","floor":19},{"not_picked":["Dagger Throw","Poisoned Stab"],"picked":"Distraction","floor":21}],"player_experience":32835,"relics_obtained":[{"floor":6,"key":"Bottled Flame"},{"floor":9,"key":"Pantograph"}],"event_choices":[{"damage_healed":0,"gold_gain":0,"player_choice":"Upgraded","damage_taken":0,"max_hp_gain":0,"max_hp_loss":0,"event_name":"Upgrade Shrine","floor":5,"gold_loss":0,"cards_upgraded":["Catalyst"]},{"damage_healed":0,"gold_gain":0,"player_choice":"Left Gold","damage_taken":0,"max_hp_gain":0,"max_hp_loss":0,"event_name":"World of Goop","floor":11,"gold_loss":38},{"damage_healed":0,"gold_gain":0,"player_choice":"Forge","damage_taken":0,"max_hp_gain":0,"max_hp_loss":0,"event_name":"Accursed Blacksmith","floor":13,"gold_loss":0,"cards_upgraded":["Noxious Fumes"]}],"is_beta":false,"boss_relics":[{"not_picked":["Ectoplasm","White Beast Statue"],"picked":"Black Star"}],"items_purged_floors":[7],"is_endless":false,"potions_floor_spawned":[1,2,10,14,18,21],"killed_by":"Slavers","ascension_level":0}