{"gold_per_floor":[119,194,212,487,504,504,523,523,523,535,110,128,175,194,194,194],"floor_reached":16,"playtime":694,"items_purged":["Regret"],"score":179,"play_id":"e5cc9b19-bc25-45bc-a555-15f506ccc5b4","local_time":"20190528121014","is_ascension_mode":true,"campfire_choices":[{"data":"Shockwave","floor":6,"key":"SMITH"},{"floor":8,"key":"REST"},{"floor":15,"key":"REST"}],"neow_cost":"PERCENT_DAMAGE","seed_source_timestamp":802689102059537,"circlet_count":0,"master_deck":["AscendersBane","Strike_R","Strike_R","Strike_R","Defend_R","Defend_R","Defend_R","Defend_R","Bash","Shockwave+1","Fiend Fire","Clothesline","Havoc","Shrug It Off","Deep Breath","Headbutt","Havoc"],"relics":["Burning Blood","Ornamental Fan","Membership Card","Art of War","Orichalcum"],"potions_floor_usage":[12,14],"damage_taken":[{"damage":4,"enemies":"Jaw Worm","floor":1,"turns":5},{"damage":17,"enemies":"Cultist","floor":3,"turns":4},{"damage":9,"enemies":"Small Slimes","floor":5,"turns":4},{"damage":12,"enemies":"2 Fungi Beasts","floor":7,"turns":4},{"damage":14,"enemies":"Looter","floor":10,"turns":3},{"damage":11,"enemies":"Lots of Slimes","floor":12,"turns":5},{"damage":9,"enemies":"Exordium Thugs","floor":14,"turns":4},{"damage":55,"enemies":"Hexaghost","floor":16,"turns":11}],"seed_played":"4841997665454652652","potions_obtained":[{"floor":3,"key":"Ancient Potion"},{"floor":5,"key":"LiquidBronze"},{"floor":7,"key":"AttackPotion"}],"is_trial":false,"path_per_floor":["?","?","M","M","T"],"character_chosen":"IRONCLAD","items_purchased":["Membership Card","Shrug It Off","Deep Breath","Art of War"],"campfire_rested":2,"item_purchase_floors":[11,11,11,11],"current_hp_per_floor":[52,41,30,30,27,27,21,43,43,35,35,30,30,27,49,0],"gold":194,"neow_bonus":"REMOVE_TWO","is_prod":false,"is_daily":false,"chose_seed":false,"campfire_upgraded":1,"win_rate":0,"timestamp":1559059814,"path_taken":["M","?","M","?","?","R","M","R","T","?","$","M","?","M","R","BOSS"],"build_version":"2019-01-23","purchased_purges":1,"victory":false,"max_hp_per_floor":[75,75,75,75,75,75,75,75,75,75,75,75,75,75,75,75],"card_choices":[{"not_picked":["Perfected Strike","Heavy Blade","Combust"],"picked":"SKIP","floor":1},{"not_picked":["Shrug It Off","Body Slam"],"picked":"Shockwave","floor":3},{"not_picked":["Sword Boomerang","Iron Wave"],"picked":"Fiend Fire","floor":5},{"not_picked":["Blood for Blood","Sword Boomerang"],"picked":"Clothesline","floor":7},{"not_picked":["Clothesline","Fire Breathing"],"picked":"Havoc","floor":10},{"not_picked":["Havoc","Feel No Pain"],"picked":"Headbutt","floor":12},{"not_picked":["Fire Breathing","Cleave"],"picked":"Havoc","floor":14}],"player_experience":725205,"relics_obtained":[{"floor":9,"key":"Ornamental Fan"},{"floor":13,"key":"Orichalcum"}],"event_choices":[{"damage_healed":0,"gold_gain":75,"player_choice":"Gather Gold","damage_taken":11,"max_hp_gain":0,"max_hp_loss":0,"event_name":"World of Goop","floor":2,"gold_loss":0},{"damage_healed":0,"gold_gain":275,"player_choice":"Desecrate","damage_taken":0,"max_hp_gain":0,"max_hp_loss":0,"event_name":"Golden Shrine","floor":4,"gold_loss":0,"cards_obtained":["Regret"]}],"is_beta":false,"boss_relics":[],"items_purged_floors":[11],"is_endless":false,"potions_floor_spawned":[3,5,7],"killed_by":"Hexaghost","ascension_level":18}