{"gold_per_floor":[112,129,27,302,313,344,344,371,410,439,510,522],"floor_reached":12,"playtime":309,"items_purged":["Defend_R"],"score":150,"play_id":"f8f74e64-5b3a-466f-ae24-28aa6258770b","local_time":"20190521233628","is_ascension_mode":true,"campfire_choices":[{"data":"Carnage","floor":7.0,"key":"SMITH"}],"neow_cost":"NONE","seed_source_timestamp":116939427341151,"circlet_count":0,"master_deck":["AscendersBane","Strike_R","Strike_R","Strike_R","Strike_R","Defend_R","Defend_R","Defend_R","Bash","Flame Barrier","Sword Boomerang","Shrug It Off","Regret","Carnage+1","Iron Wave","Headbutt"],"special_seed":0,"relics":["Burning Blood","Centennial Puzzle","MawBank","Lantern","Torii"],"potions_floor_usage":[10,12],"damage_taken":[{"damage":0.0,"enemies":"Small Slimes","floor":1.0,"turns":3.0},{"damage":1.0,"enemies":"Cultist","floor":2.0,"turns":4.0},{"damage":7.0,"enemies":"2 Louse","floor":5.0,"turns":3.0},{"damage":33.0,"enemies":"Gremlin Nob","floor":6.0,"turns":5.0},{"damage":23.0,"enemies":"3 Sentries","floor":8.0,"turns":7.0},{"damage":0,"enemies":"2 Fungi Beasts","floor":10,"turns":2},{"damage":25,"enemies":"Gremlin Nob","floor":11,"turns":4},{"damage":46,"enemies":"Gremlin Nob","floor":12,"turns":4}],"seed_played":"6102415490085247608","potions_obtained":[{"floor":2.0,"key":"Weak Potion"},{"floor":6.0,"key":"SpeedPotion"},{"floor":8.0,"key":"Block Potion"},{"floor":11,"key":"Swift Potion"}],"is_trial":false,"path_per_floor":["M","M","$","?","M","E","R","E","T","M","?","E"],"character_chosen":"IRONCLAD","items_purchased":["Shrug It Off"],"campfire_rested":0,"item_purchase_floors":[3],"current_hp_per_floor":[74,75,75,75,74,47,47,30,30,36,17,0],"gold":522,"neow_bonus":"REMOVE_CARD","is_prod":false,"is_daily":false,"chose_seed":false,"campfire_upgraded":1,"win_rate":0,"timestamp":1558474588,"path_taken":["M","M","$","?","?","E","R","E","T","M","?","E"],"build_version":"2019-01-23","purchased_purges":1,"victory":false,"max_hp_per_floor":[75,75,75,75,75,75,75,75,75,75,75,75],"card_choices":[{"not_picked":["Clothesline","True Grit"],"picked":"Flame Barrier","floor":1.0},{"not_picked":["Perfected Strike","Blood for Blood"],"picked":"Sword Boomerang","floor":2.0},{"not_picked":["Perfected Strike","Dual Wield"],"picked":"Carnage","floor":5.0},{"not_picked":["Bloodletting","Hemokinesis","Evolve"],"picked":"SKIP","floor":6.0},{"not_picked":["Immolate","Seeing Red"],"picked":"Iron Wave","floor":8.0},{"not_picked":["Heavy Blade","Rupture","Dropkick"],"picked":"SKIP","floor":10},{"not_picked":["Armaments","Evolve"],"picked":"Headbutt","floor":11}],"player_experience":228376,"relics_obtained":[{"floor":6.0,"key":"Centennial Puzzle"},{"floor":8.0,"key":"MawBank"},{"floor":9.0,"key":"Lantern"},{"floor":11,"key":"Torii"}],"event_choices":[{"damage_healed":0.0,"max_hp_gain":0.0,"max_hp_loss":0.0,"gold_gain":275.0,"event_name":"Golden Shrine","player_choice":"Desecrate","floor":4.0,"gold_loss":0.0,"damage_taken":0.0,"cards_obtained":["Regret"]},{"damage_healed":0,"gold_gain":30,"player_choice":"Searched \u00272\u0027 times","damage_taken":0,"max_hp_gain":0,"max_hp_loss":0,"event_name":"Dead Adventurer","floor":11,"gold_loss":0}],"is_beta":false,"boss_relics":[],"items_purged_floors":[3],"is_endless":false,"potions_floor_spawned":[2,6,8,11],"killed_by":"Gremlin Nob","ascension_level":14}