{"gold_per_floor":[111,131,141,141,158,188,188,208,234,234,234,252,217,252,252,252],"floor_reached":16,"playtime":1471,"items_purged":[],"score":123,"play_id":"bacabc21-6143-4ead-b03a-736be3179e39","local_time":"20190529195751","is_ascension_mode":true,"campfire_choices":[{"data":"Noxious Fumes","floor":7,"key":"SMITH"},{"floor":15,"key":"REST"}],"neow_cost":"NONE","seed_source_timestamp":70800199830771,"circlet_count":0,"master_deck":["Defend_G","Defend_G","Defend_G","Defend_G+1","Defend_G","Strike_G","Strike_G","Strike_G","Strike_G","Survivor+1","Neutralize","Noxious Fumes+1","Bane","Prepared","Injury","Dodge and Roll","Prepared"],"relics":["Ring of the Snake","Orichalcum","Golden Idol","War Paint"],"potions_floor_usage":[12,14],"damage_taken":[{"damage":0,"enemies":"Cultist","floor":1,"turns":4},{"damage":3,"enemies":"Small Slimes","floor":2,"turns":5},{"damage":1,"enemies":"Jaw Worm","floor":3,"turns":6},{"damage":3,"enemies":"Looter","floor":5,"turns":5},{"damage":30,"enemies":"3 Sentries","floor":6,"turns":9},{"damage":12,"enemies":"Exordium Thugs","floor":8,"turns":5},{"damage":17,"enemies":"Large Slime","floor":12,"turns":7},{"damage":19,"enemies":"Lagavulin","floor":14,"turns":10},{"damage":41,"enemies":"Hexaghost","floor":16,"turns":10}],"seed_played":"-5015454484527026129","potions_obtained":[{"floor":1,"key":"Ancient Potion"},{"floor":3,"key":"Weak Potion"}],"is_trial":false,"path_per_floor":["M","M","M","$","M","E","R","M","T","?","?","M","?","E","R","B"],"character_chosen":"THE_SILENT","items_purchased":[],"campfire_rested":1,"item_purchase_floors":[],"current_hp_per_floor":[77,74,73,73,70,40,40,28,28,28,28,11,30,11,34,0],"gold":252,"neow_bonus":"TEN_PERCENT_HP_BONUS","is_prod":false,"is_daily":false,"chose_seed":false,"campfire_upgraded":1,"win_rate":0,"timestamp":1559185071,"path_taken":["M","M","M","?","M","E","R","M","T","?","?","M","?","E","R","BOSS"],"build_version":"2019-01-23","purchased_purges":0,"victory":false,"max_hp_per_floor":[77,77,77,77,77,77,77,77,77,77,77,77,77,77,77,77],"card_choices":[{"not_picked":["Eviscerate","Cloak And Dagger","Riddle With Holes"],"picked":"SKIP","floor":1},{"not_picked":["Acrobatics","Quick Slash"],"picked":"Noxious Fumes","floor":2},{"not_picked":["Dagger Throw","Acrobatics"],"picked":"Bane","floor":3},{"not_picked":["Acrobatics","Quick Slash"],"picked":"Prepared","floor":5},{"not_picked":["Heel Hook","Backflip","Slice"],"picked":"SKIP","floor":6},{"not_picked":["Reflex","Dodge and Roll","Caltrops"],"picked":"SKIP","floor":8},{"not_picked":["Venomology","Calculated Gamble"],"picked":"Dodge and Roll","floor":12},{"not_picked":["Acrobatics","Heel Hook"],"picked":"Prepared","floor":14}],"player_experience":132700,"relics_obtained":[{"floor":6,"key":"Orichalcum"},{"floor":14,"key":"War Paint"}],"event_choices":[{"cards_removed":["Strike_G"],"damage_healed":0,"gold_gain":0,"player_choice":"Forget","damage_taken":0,"max_hp_gain":0,"max_hp_loss":0,"event_name":"Living Wall","floor":10,"gold_loss":0},{"damage_healed":0,"gold_gain":0,"player_choice":"Take Wound","damage_taken":0,"relics_obtained":["Golden Idol"],"max_hp_gain":0,"max_hp_loss":0,"event_name":"Golden Idol","floor":11,"gold_loss":0,"cards_obtained":["Injury"]},{"damage_healed":19,"gold_gain":0,"player_choice":"Healed","damage_taken":0,"max_hp_gain":0,"max_hp_loss":0,"event_name":"The Cleric","floor":13,"gold_loss":35}],"is_beta":false,"boss_relics":[],"items_purged_floors":[],"is_endless":false,"potions_floor_spawned":[1,3],"killed_by":"Hexaghost","ascension_level":2}