{"gold_per_floor":[11,24,24,24,43,78,78,78,78,106,118,150,150,184,184,287,287,306,155,172,191,191,219,219,119,143,174,199,211,223,235,247,360,372,403,432,544,556,581,593,515,527,539,569,591,603,629,741,753,765],"floor_reached":50,"playtime":4142,"items_purged":["Strike_G","Writhe"],"score":565,"play_id":"251fcb8b-1736-40cb-b255-324fc62b0789","local_time":"20190220225518","is_ascension_mode":true,"campfire_choices":[{"floor":7,"key":"REST"},{"floor":13,"key":"REST"},{"floor":15,"key":"REST"},{"floor":24,"key":"REST"},{"data":"Infinite Blades","floor":30,"key":"SMITH"},{"floor":32,"key":"REST"},{"floor":40,"key":"REST"},{"floor":46,"key":"REST"},{"floor":49,"key":"REST"}],"neow_cost":"NO_GOLD","seed_source_timestamp":279841920661927,"circlet_count":0,"master_deck":["Defend_G","Defend_G","Defend_G","Defend_G","Strike_G","Strike_G","Survivor","Neutralize+1","Predator","Choke","Slice","Choke+1","Die Die Die","Accuracy","Infinite Blades","Accuracy","Prepared","Dagger Throw+1","Finisher","Infinite Blades+1","Prepared","Blade Dance","Blade Dance+1","Flash of Steel","Blade Dance","Blade Dance+1","Prepared+1"],"relics":["Ring of the Snake","Kunai","Juzu Bracelet","Ninja Scroll","Gremlin Horn","PreservedInsect","Question Card","Runic Dome","Torii","Pantograph","MawBank","Fusion Hammer","Unceasing Top","Singing Bowl"],"potions_floor_usage":[6,16,16,33,33,33,39,39,50,50],"damage_taken":[{"damage":1,"enemies":"Cultist","floor":1,"turns":4},{"damage":0,"enemies":"Jaw Worm","floor":2,"turns":3},{"damage":0,"enemies":"Small Slimes","floor":5,"turns":3},{"damage":26,"enemies":"Gremlin Nob","floor":6,"turns":5},{"damage":16,"enemies":"Lagavulin","floor":10,"turns":6},{"damage":0,"enemies":"Exordium Thugs","floor":11,"turns":3},{"damage":18,"enemies":"3 Sentries","floor":12,"turns":8},{"damage":3,"enemies":"Lagavulin","floor":14,"turns":3},{"damage":19,"enemies":"Hexaghost","floor":16,"turns":9},{"damage":5,"enemies":"2 Thieves","floor":18,"turns":3},{"damage":0,"enemies":"Chosen","floor":20,"turns":3},{"damage":13,"enemies":"Shelled Parasite and Fungi","floor":21,"turns":4},{"damage":38,"enemies":"Slavers","floor":23,"turns":4},{"damage":3,"enemies":"Snake Plant","floor":27,"turns":3},{"damage":12,"enemies":"Sentry and Sphere","floor":28,"turns":4},{"damage":52,"enemies":"Automaton","floor":33,"turns":8},{"damage":10,"enemies":"Orb Walker","floor":35,"turns":2},{"damage":13,"enemies":"3 Shapes","floor":36,"turns":3},{"damage":18,"enemies":"Mind Bloom Boss Battle","floor":37,"turns":7},{"damage":22,"enemies":"Spire Growth","floor":39,"turns":4},{"damage":3,"enemies":"4 Shapes","floor":44,"turns":1},{"damage":1,"enemies":"Jaw Worm Horde","floor":45,"turns":2},{"damage":1,"enemies":"Transient","floor":47,"turns":5},{"damage":79,"enemies":"Awakened One","floor":50,"turns":7}],"seed_played":"8486155532676946321","potions_obtained":[{"floor":5,"key":"PowerPotion"},{"floor":6,"key":"Block Potion"},{"floor":14,"key":"LiquidBronze"},{"floor":16,"key":"FearPotion"},{"floor":18,"key":"AttackPotion"},{"floor":23,"key":"Fire Potion"},{"floor":27,"key":"PowerPotion"},{"floor":33,"key":"Energy Potion"},{"floor":35,"key":"Weak Potion"},{"floor":36,"key":"Swift Potion"},{"floor":44,"key":"SpeedPotion"},{"floor":45,"key":"Energy Potion"}],"is_trial":false,"path_per_floor":["M","M","$","?","M","E","R","?","T","E","M","E","R","E","R","B",null,"M","$","M","M","?","E","R","$","T","M","M","?","R","?","R","B",null,"M","M","?","?","M","R","?","?","T","M","M","R","M","?","R","B"],"character_chosen":"THE_SILENT","items_purchased":["Infinite Blades"],"campfire_rested":8,"item_purchase_floors":[19],"current_hp_per_floor":[69,69,69,69,69,43,64,64,64,48,48,30,51,48,69,50,70,65,65,65,52,52,14,35,35,35,32,20,20,20,7,29,2,75,65,52,57,57,35,57,57,57,57,54,53,75,74,74,75,0],"gold":765,"neow_bonus":"REMOVE_TWO","is_prod":false,"is_daily":false,"chose_seed":false,"campfire_upgraded":1,"win_rate":0,"timestamp":1550732118,"path_taken":["M","M","?","?","M","E","R","?","T","E","M","E","R","E","R","BOSS","M","$","M","M","?","E","R","$","T","M","M","?","R","?","R","BOSS","M","M","?","?","M","R","?","?","T","M","M","R","M","?","R","BOSS"],"build_version":"2019-01-23","purchased_purges":2,"victory":false,"max_hp_per_floor":[70,70,70,70,70,70,70,70,70,70,70,70,70,70,70,70,70,70,70,70,70,70,70,70,70,70,70,70,70,70,75,75,75,75,75,75,75,75,75,75,75,75,75,75,75,75,75,75,75,75],"card_choices":[{"not_picked":["Outmaneuver","Reflex"],"picked":"Quick Slash","floor":1},{"not_picked":["Acrobatics","Backflip"],"picked":"Predator","floor":2},{"not_picked":["Escape Plan","Dash"],"picked":"Choke","floor":5},{"not_picked":["Bouncing Flask","Dash","Leg Sweep"],"picked":"SKIP","floor":6},{"not_picked":["Poisoned Stab","Tactician","Backflip"],"picked":"SKIP","floor":10},{"not_picked":["Dodge and Roll","Poisoned Stab"],"picked":"Slice","floor":11},{"not_picked":["Deadly Poison","Wraith Form v2","Sucker Punch"],"picked":"SKIP","floor":12},{"not_picked":["Prepared","Deflect"],"picked":"Choke","floor":14},{"not_picked":["Corpse Explosion","Bullet Time","Tools of the Trade"],"picked":"Die Die Die","floor":16},{"not_picked":["Underhanded Strike","Poisoned Stab","Distraction"],"picked":"Accuracy","floor":18},{"not_picked":["Calculated Gamble+1","Outmaneuver+1","Endless Agony+1"],"picked":"Accuracy","floor":20},{"not_picked":["Backflip","Dodge and Roll","Bane"],"picked":"Prepared","floor":21},{"not_picked":["Underhanded Strike","Reflex+1","Footwork+1","Bouncing Flask"],"picked":"SKIP","floor":23},{"not_picked":["Sucker Punch+1","Riddle With Holes","Dodge and Roll"],"picked":"Dagger Throw+1","floor":27},{"not_picked":["Deflect+1","Dodge and Roll","Tools of the Trade"],"picked":"Finisher","floor":28},{"not_picked":["Quick Slash","Riddle With Holes+1","Dash"],"picked":"Prepared","floor":35},{"not_picked":["Sucker Punch","Tactician+1","Backflip"],"picked":"Blade Dance","floor":36},{"not_picked":["Blur+1","Outmaneuver+1","Underhanded Strike+1"],"picked":"Blade Dance+1","floor":37},{"not_picked":["Sucker Punch","All Out Attack+1","Catalyst+1","Poisoned Stab"],"picked":"SKIP","floor":39},{"not_picked":["Good Instincts","Swift Strike","Forethought"],"picked":"Flash of Steel","floor":42},{"not_picked":["Deflect","Venomology","Well Laid Plans+1"],"picked":"Blade Dance","floor":44},{"not_picked":["Cloak And Dagger","Finisher","Caltrops+1"],"picked":"Blade Dance+1","floor":45},{"not_picked":["Masterful Stab+1","Calculated Gamble+1","Bane"],"picked":"Prepared+1","floor":47}],"player_experience":80467,"relics_obtained":[{"floor":6,"key":"Juzu Bracelet"},{"floor":9,"key":"Ninja Scroll"},{"floor":10,"key":"Gremlin Horn"},{"floor":12,"key":"PreservedInsect"},{"floor":14,"key":"Question Card"},{"floor":23,"key":"Pantograph"},{"floor":26,"key":"MawBank"},{"floor":37,"key":"Unceasing Top"},{"floor":43,"key":"Singing Bowl"}],"event_choices":[{"cards_removed":["Quick Slash"],"damage_healed":0,"gold_gain":0,"player_choice":"Gave Card","damage_taken":0,"relics_obtained":["Kunai"],"max_hp_gain":0,"max_hp_loss":0,"event_name":"WeMeetAgain","floor":4,"gold_loss":0},{"damage_healed":0,"gold_gain":0,"player_choice":"Upgraded","damage_taken":0,"max_hp_gain":0,"max_hp_loss":0,"event_name":"Upgrade Shrine","floor":8,"gold_loss":0,"cards_upgraded":["Neutralize"]},{"damage_healed":0,"gold_gain":0,"player_choice":"Opened","damage_taken":0,"relics_obtained":["Torii"],"max_hp_gain":0,"max_hp_loss":0,"event_name":"The Mausoleum","floor":22,"gold_loss":0,"cards_obtained":["Writhe"]},{"damage_healed":0,"gold_gain":0,"player_choice":"Copied","damage_taken":0,"max_hp_gain":0,"max_hp_loss":0,"event_name":"Duplicator","floor":29,"gold_loss":0,"cards_obtained":["Infinite Blades"]},{"damage_healed":0,"gold_gain":0,"player_choice":"Shed Blood","damage_taken":18,"max_hp_gain":5,"max_hp_loss":0,"event_name":"Forgotten Altar","floor":31,"gold_loss":0},{"damage_healed":0,"gold_gain":0,"player_choice":"Fight","damage_taken":0,"max_hp_gain":0,"max_hp_loss":0,"event_name":"MindBloom","floor":37,"gold_loss":0},{"damage_healed":0,"gold_gain":0,"player_choice":"Ignored","damage_taken":0,"max_hp_gain":0,"max_hp_loss":0,"event_name":"Mysterious Sphere","floor":38,"gold_loss":0},{"cards_removed":["Strike_G"],"damage_healed":0,"gold_gain":0,"player_choice":"Upgrade and Remove","damage_taken":0,"max_hp_gain":0,"max_hp_loss":0,"event_name":"Designer","floor":41,"gold_loss":90,"cards_upgraded":["Choke"]},{"damage_healed":0,"gold_gain":0,"player_choice":"Memory 1","damage_taken":0,"max_hp_gain":0,"max_hp_loss":0,"event_name":"SensoryStone","floor":42,"gold_loss":0},{"damage_healed":0,"gold_gain":100,"player_choice":"Pray","damage_taken":0,"max_hp_gain":0,"max_hp_loss":0,"event_name":"Golden Shrine","floor":48,"gold_loss":0}],"is_beta":false,"boss_relics":[{"not_picked":["Ring of the Serpent","Coffee Dripper"],"picked":"Runic Dome"},{"not_picked":["HoveringKite","Calling Bell"],"picked":"Fusion Hammer"}],"items_purged_floors":[19,25],"is_endless":false,"potions_floor_spawned":[5,6,14,16,18,23,27,33,35,36,44,45],"killed_by":"Awakened One","ascension_level":1}