{"gold_per_floor":[116,66,83,101,101,113,146,163,163,163,163,180,256,256],"floor_reached":14,"playtime":1665,"items_purged":[],"score":101,"play_id":"32ab071a-85f6-4f04-bd23-9aefa5205daf","local_time":"20181010230123","is_ascension_mode":true,"campfire_choices":[{"floor":11,"key":"REST"}],"neow_cost":"NONE","seed_source_timestamp":66481109583932,"circlet_count":0,"master_deck":["Defend_G","Defend_G","Defend_G","Defend_G","Strike_G","Strike_G","Strike_G","Strike_G","Survivor","Neutralize","PiercingWail","Footwork","Outmaneuver","Flechettes","Dagger Spray","Caltrops+1","Infinite Blades","Flying Knee"],"relics":["Ring of the Snake","Orichalcum","Letter Opener","Prayer Wheel","Blue Candle"],"potions_floor_usage":[],"damage_taken":[{"damage":0,"enemies":"Cultist","floor":1,"turns":4},{"damage":2,"enemies":"Jaw Worm","floor":3,"turns":4},{"damage":0,"enemies":"Small Slimes","floor":4,"turns":5},{"damage":0,"enemies":"2 Fungi Beasts","floor":6,"turns":5},{"damage":42,"enemies":"Gremlin Nob","floor":7,"turns":7},{"damage":3,"enemies":"Red Slaver","floor":8,"turns":4},{"damage":16,"enemies":"Large Slime","floor":12,"turns":6},{"damage":23,"enemies":"3 Sentries","floor":14,"turns":6}],"seed_played":"6089405874362024764","potions_obtained":[{"floor":3,"key":"GhostInAJar"},{"floor":7,"key":"GamblersBrew"},{"floor":12,"key":"SteroidPotion"}],"is_trial":false,"path_per_floor":["M","?","M","M","?","M","E","M","T","?","R","M","T"],"character_chosen":"THE_SILENT","items_purchased":[],"campfire_rested":1,"item_purchase_floors":[],"current_hp_per_floor":[70,70,68,68,61,61,19,16,16,16,37,21,21,0],"gold":256,"neow_bonus":"RANDOM_COMMON_RELIC","is_prod":false,"is_daily":false,"chose_seed":false,"campfire_upgraded":0,"win_rate":0,"timestamp":1539226883,"path_taken":["M","?","?","M","?","M","E","M","T","?","R","M","?","E"],"build_version":"2018-09-06","purchased_purges":0,"victory":false,"max_hp_per_floor":[70,70,70,70,70,70,70,70,70,70,70,70,70,70],"card_choices":[{"not_picked":["Bane","Outmaneuver"],"picked":"PiercingWail","floor":1},{"not_picked":["Prepared","Endless Agony"],"picked":"Footwork","floor":3},{"not_picked":["Masterful Stab","Bane"],"picked":"Outmaneuver","floor":4},{"not_picked":["PiercingWail","Poisoned Stab"],"picked":"Flechettes","floor":6},{"not_picked":["Slice","Riddle With Holes"],"picked":"Dagger Spray","floor":7},{"not_picked":["Flechettes","Riddle With Holes"],"picked":"Caltrops","floor":8},{"not_picked":["PiercingWail","Outmaneuver"],"picked":"Infinite Blades","floor":12},{"not_picked":["Prepared","Cloak And Dagger"],"picked":"Flying Knee","floor":12}],"player_experience":93994,"relics_obtained":[{"floor":7,"key":"Letter Opener"},{"floor":9,"key":"Prayer Wheel"},{"floor":13,"key":"Blue Candle"}],"event_choices":[{"event_name":"The Cleric","player_choice":"Card Removal","floor":2,"damage_taken":0},{"event_name":"Golden Wing","player_choice":"Card Removal","floor":5,"damage_taken":0},{"event_name":"Accursed Blacksmith","player_choice":"Forge","floor":10,"damage_taken":0}],"is_beta":false,"boss_relics":[],"items_purged_floors":[],"is_endless":false,"potions_floor_spawned":[3,7,12],"killed_by":"3 Sentries","ascension_level":2}