{"gold_per_floor":[110,124,74,74,27,27,54,54,54,84,97,116,126,126,126,229,279,290,290],"floor_reached":19,"playtime":539,"items_purged":[],"score":257,"play_id":"d94be697-3ff3-43a3-899d-f510dc75b2bd","local_time":"20190324101145","is_ascension_mode":true,"campfire_choices":[{"data":"Zap","floor":6,"key":"SMITH"},{"data":"Dualcast","floor":8,"key":"SMITH"},{"data":"Hologram","floor":15,"key":"SMITH"}],"neow_cost":"NONE","seed_source_timestamp":166571509174603,"circlet_count":0,"master_deck":["Strike_B","Strike_B","Defend_B","Defend_B+1","Defend_B","Defend_B","Zap+1","Dualcast+1","Biased Cognition+1","Gash","Sweeping Beam","Leap","Gash","Cold Snap","Hologram+1","Capacitor","Cold Snap"],"special_seed":0,"relics":["Cracked Core","Torii","Dodecahedron","Oddly Smooth Stone","Tiny House"],"potions_floor_usage":[16,17,18,18],"damage_taken":[{"damage":1.0,"enemies":"Cultist","floor":1.0,"turns":3.0},{"damage":0.0,"enemies":"Small Slimes","floor":2.0,"turns":2.0},{"damage":11,"enemies":"3 Sentries","floor":7,"turns":6},{"damage":12,"enemies":"Lagavulin","floor":10,"turns":5},{"damage":0,"enemies":"Jaw Worm","floor":11,"turns":3},{"damage":0,"enemies":"2 Fungi Beasts","floor":12,"turns":3},{"damage":0,"enemies":"Red Slaver","floor":13,"turns":2},{"damage":2,"enemies":"Hexaghost","floor":16,"turns":10},{"damage":26,"enemies":"2 Thieves","floor":18,"turns":5},{"damage":24,"enemies":"Colosseum Slavers","floor":19,"turns":3},{"damage":42,"enemies":"Colosseum Nobs","floor":19,"turns":4}],"seed_played":"-1581475154408200938","potions_obtained":[{"floor":7,"key":"Strength Potion"},{"floor":11,"key":"Weak Potion"},{"floor":12,"key":"SkillPotion"},{"floor":16,"key":"Poison Potion"},{"floor":17,"key":"Fruit Juice"},{"floor":18,"key":"FairyPotion"}],"is_trial":false,"path_per_floor":["M","M","?","?","$","R","E","R","T","E","M","M","M","?","R","B",null,"M","?"],"character_chosen":"DEFECT","items_purchased":["Leap"],"campfire_rested":0,"item_purchase_floors":[5],"current_hp_per_floor":[67,67,67,67,67,67,56,56,56,44,44,44,44,37,37,35,75,49,0],"gold":290,"neow_bonus":"ONE_RANDOM_RARE_CARD","is_prod":false,"is_daily":false,"chose_seed":false,"campfire_upgraded":3,"win_rate":0,"timestamp":1553418705,"path_taken":["M","M","?","?","$","R","E","R","T","E","M","?","M","?","R","BOSS","M","?"],"build_version":"2019-01-23","purchased_purges":0,"victory":false,"max_hp_per_floor":[75,75,75,75,75,75,75,75,75,75,75,75,75,75,75,75,85,85,85],"card_choices":[{"not_picked":["Compile Driver","Barrage"],"picked":"Gash","floor":1.0},{"not_picked":["Heatsinks","Recycle"],"picked":"Sweeping Beam","floor":2.0},{"not_picked":["Coolheaded","Seek"],"picked":"Gash","floor":7},{"not_picked":["Auto Shields","Compile Driver","Turbo"],"picked":"SKIP","floor":10},{"not_picked":["Tempest","Sweeping Beam"],"picked":"Cold Snap","floor":11},{"not_picked":["Steam","Ball Lightning"],"picked":"Hologram","floor":12},{"not_picked":["Steam Power","Compile Driver","Genetic Algorithm"],"picked":"SKIP","floor":13},{"not_picked":["Cold Snap","Barrage"],"picked":"Capacitor","floor":17},{"not_picked":["Coolheaded","Leap"],"picked":"Cold Snap","floor":18}],"player_experience":109025,"relics_obtained":[{"floor":7,"key":"Torii"},{"floor":9,"key":"Dodecahedron"},{"floor":10,"key":"Oddly Smooth Stone"}],"event_choices":[{"cards_removed":["Strike_B"],"damage_healed":0.0,"max_hp_gain":0.0,"max_hp_loss":0.0,"gold_gain":0.0,"event_name":"The Cleric","player_choice":"Card Removal","floor":3.0,"gold_loss":50.0,"damage_taken":0.0},{"damage_healed":0,"gold_gain":0,"player_choice":"Upgraded","damage_taken":0,"max_hp_gain":0,"max_hp_loss":0,"event_name":"Upgrade Shrine","floor":4,"gold_loss":0,"cards_upgraded":["Biased Cognition"]},{"cards_removed":["Strike_B"],"damage_healed":0,"gold_gain":0,"player_choice":"Card Removal","damage_taken":7,"max_hp_gain":0,"max_hp_loss":0,"event_name":"Golden Wing","floor":14,"gold_loss":0},{"damage_healed":0,"gold_gain":0,"player_choice":"Fight","damage_taken":0,"max_hp_gain":0,"max_hp_loss":0,"event_name":"Colosseum","floor":19,"gold_loss":0},{"damage_healed":0,"gold_gain":0,"player_choice":"Fought Nobs","damage_taken":0,"max_hp_gain":0,"max_hp_loss":0,"event_name":"Colosseum","floor":19,"gold_loss":0}],"is_beta":false,"boss_relics":[{"not_picked":["Nuclear Battery","White Beast Statue"],"picked":"Tiny House"}],"items_purged_floors":[],"is_endless":false,"potions_floor_spawned":[7,11,12,16,18,19],"killed_by":"Colosseum Nobs","ascension_level":9}