{"gold_per_floor":[19,19,19,37,37,37,68,68,92,122,122,132,158,176,176,276,276,286,68,88,102,82,114,114,133,201,227,240,60,60,76,76,175,175,191,191,210,264,282,282,311,311,311,327,237,249,261,276,276,276],"floor_reached":51,"playtime":2103,"items_purged":["Pain","Strike_G"],"score":931,"play_id":"56d49464-cac7-4eb1-8ae6-389a1ddd4c5c","local_time":"20190125015421","is_ascension_mode":true,"campfire_choices":[{"data":"Burst","floor":6.0,"key":"SMITH"},{"floor":8.0,"key":"REST"},{"floor":11.0,"key":"REST"},{"data":"Footwork","floor":15.0,"key":"SMITH"},{"floor":24,"key":"REST"},{"floor":32,"key":"REST"},{"floor":40,"key":"REST"},{"floor":49,"key":"REST"}],"neow_cost":"NO_GOLD","seed_source_timestamp":0,"circlet_count":0,"master_deck":["Defend_G","Defend_G","Defend_G","Defend_G","Defend_G","Strike_G","Survivor","Neutralize","Burst+1","Caltrops","Slice","Footwork+1","Noxious Fumes+1","Dash","Poisoned Stab","Blur","After Image+1","Backflip","Dodge and Roll+1","Blur","Caltrops+1","Crippling Poison+1","Footwork","Burst+1","Dodge and Roll+1","Neutralize","Escape Plan+1","Blur+1","Injury","Leg Sweep+1"],"special_seed":0,"relics":["Ring of the Snake","Boot","WarpedTongs","Bottled Lightning","Lantern","Centennial Puzzle","Juzu Bracelet","Dodecahedron","Fusion Hammer","Snake Skull","Vajra","Toxic Egg 2","Bag of Marbles","Ornamental Fan","Cursed Key","Bird Faced Urn","Pantograph","Pocketwatch"],"potions_floor_usage":[25,33,38],"damage_taken":[{"damage":0.0,"enemies":"Small Slimes","floor":1.0,"turns":5.0},{"damage":5.0,"enemies":"Cultist","floor":4.0,"turns":4.0},{"damage":35.0,"enemies":"Gremlin Nob","floor":7.0,"turns":6.0},{"damage":12.0,"enemies":"3 Sentries","floor":10.0,"turns":7.0},{"damage":3.0,"enemies":"Jaw Worm","floor":12.0,"turns":4.0},{"damage":7.0,"enemies":"Lagavulin","floor":13.0,"turns":7.0},{"damage":8.0,"enemies":"Large Slime","floor":14.0,"turns":5.0},{"damage":13.0,"enemies":"Hexaghost","floor":16.0,"turns":9.0},{"damage":8,"enemies":"Spheric Guardian","floor":18,"turns":5},{"damage":2,"enemies":"2 Thieves","floor":20,"turns":4},{"damage":0,"enemies":"Cultist and Chosen","floor":21,"turns":8},{"damage":4,"enemies":"Book of Stabbing","floor":23,"turns":6},{"damage":0,"enemies":"Snecko","floor":25,"turns":6},{"damage":0,"enemies":"Gremlin Leader","floor":27,"turns":8},{"damage":0,"enemies":"Chosen and Byrds","floor":28,"turns":5},{"damage":0,"enemies":"3 Cultists","floor":31,"turns":6},{"damage":0,"enemies":"Champ","floor":33,"turns":12},{"damage":0,"enemies":"3 Darklings","floor":35,"turns":5},{"damage":3,"enemies":"3 Shapes","floor":37,"turns":4},{"damage":1,"enemies":"2 Orb Walkers","floor":38,"turns":6},{"damage":0,"enemies":"3 Darklings","floor":39,"turns":5},{"damage":0,"enemies":"Nemesis","floor":41,"turns":10},{"damage":0,"enemies":"Transient","floor":44,"turns":5},{"damage":0,"enemies":"Writhing Mass","floor":46,"turns":5},{"damage":0,"enemies":"3 Darklings","floor":47,"turns":5},{"damage":0,"enemies":"Transient","floor":48,"turns":5},{"damage":0,"enemies":"Donu and Deca","floor":50,"turns":13}],"seed_played":"7617266740364905226","potions_obtained":[{"floor":7.0,"key":"SneckoOil"},{"floor":12.0,"key":"Regen Potion"},{"floor":13.0,"key":"FairyPotion"},{"floor":14.0,"key":"LiquidBronze"},{"floor":21,"key":"Ancient Potion"},{"floor":22,"key":"Block Potion"},{"floor":27,"key":"PowerPotion"},{"floor":33,"key":"EssenceOfSteel"},{"floor":38,"key":"Energy Potion"},{"floor":47,"key":"Regen Potion"}],"is_trial":false,"path_per_floor":["M","?","?","M","T","R","E","R","T","E","R","M","E","M","R","B",null,"M","$","M","M","?","E","R","M","T","E","M","$","T","M","R","B",null,"M","?","M","?","M","R","E","?","T","M","?","M","M","M","R","B",null],"character_chosen":"THE_SILENT","items_purchased":["Snake Skull","Footwork"],"campfire_rested":6,"item_purchase_floors":[19,29],"current_hp_per_floor":[70,52,52,47,47,47,12,33,33,21,42,39,47,39,39,26,70,62,62,60,60,60,56,70,70,70,70,70,70,70,70,70,70,70,70,70,67,66,70,70,70,70,70,70,70,70,70,70,70,70],"gold":276,"neow_bonus":"TRANSFORM_TWO_CARDS","is_prod":false,"is_daily":false,"chose_seed":false,"campfire_upgraded":2,"win_rate":1,"timestamp":1548377661,"path_taken":["M","?","?","?","?","R","E","R","T","E","R","M","E","M","R","BOSS","M","$","M","M","?","E","R","M","T","E","M","?","?","M","R","BOSS","M","?","M","?","M","R","E","?","T","M","?","M","M","M","R","BOSS"],"build_version":"2019-01-23","purchased_purges":2,"victory":true,"max_hp_per_floor":[70,70,70,70,70,70,70,70,70,70,70,70,70,70,70,70,70,70,70,70,70,70,70,70,70,70,70,70,70,70,70,70,70,70,70,70,70,70,70,70,70,70,70,70,70,70,70,70,70,70],"card_choices":[{"not_picked":["Backflip","Leg Sweep"],"picked":"Slice","floor":1.0},{"not_picked":["Backflip","Dagger Spray"],"picked":"Footwork","floor":4.0},{"not_picked":["Flying Knee","Poisoned Stab"],"picked":"Noxious Fumes","floor":7.0},{"not_picked":["Sucker Punch","Escape Plan"],"picked":"Dash","floor":10.0},{"not_picked":["Terror","Leg Sweep"],"picked":"Poisoned Stab","floor":12.0},{"not_picked":["Underhanded Strike","Slice"],"picked":"Blur","floor":13.0},{"not_picked":["Slice","Tactician","Reflex"],"picked":"SKIP","floor":14.0},{"not_picked":["Malaise","Die Die Die"],"picked":"After Image","floor":16.0},{"not_picked":["Quick Slash","Outmaneuver"],"picked":"Backflip","floor":18},{"not_picked":["Expertise","Escape Plan"],"picked":"Dodge and Roll+1","floor":20},{"not_picked":["Sucker Punch","Dagger Throw+1","Dagger Spray+1"],"picked":"SKIP","floor":21},{"not_picked":["Slice","Deflect"],"picked":"Blur","floor":23},{"not_picked":["Flying Knee","Backflip","Bane"],"picked":"SKIP","floor":25},{"not_picked":["Deadly Poison+1","Envenom"],"picked":"Caltrops+1","floor":27},{"not_picked":["Deadly Poison+1","Distraction+1"],"picked":"Crippling Poison+1","floor":28},{"not_picked":["Well Laid Plans","Acrobatics+1","Flying Knee+1"],"picked":"SKIP","floor":31},{"not_picked":["Unload","Bullet Time+1"],"picked":"Burst+1","floor":33},{"not_picked":["Dagger Throw+1","Infinite Blades"],"picked":"Dodge and Roll+1","floor":35},{"not_picked":["Prepared+1","Reflex+1","Quick Slash+1"],"picked":"SKIP","floor":37},{"not_picked":["Outmaneuver+1","Prepared+1"],"picked":"Escape Plan+1","floor":38},{"not_picked":["Tactician+1","PiercingWail+1","Poisoned Stab+1"],"picked":"SKIP","floor":39},{"not_picked":["Masterful Stab","Eviscerate+1"],"picked":"Blur+1","floor":41},{"not_picked":["Bane+1","Infinite Blades","Endless Agony+1"],"picked":"SKIP","floor":44},{"not_picked":["Skewer","Quick Slash+1","Riddle With Holes+1"],"picked":"SKIP","floor":46},{"not_picked":["Well Laid Plans+1","Sucker Punch","Bane+1"],"picked":"SKIP","floor":47},{"not_picked":["Backstab+1","Bullet Time+1"],"picked":"Leg Sweep+1","floor":48}],"player_experience":4988,"relics_obtained":[{"floor":5.0,"key":"Bottled Lightning"},{"floor":7.0,"key":"Lantern"},{"floor":9.0,"key":"Centennial Puzzle"},{"floor":10.0,"key":"Juzu Bracelet"},{"floor":13.0,"key":"Dodecahedron"},{"floor":23,"key":"Vajra"},{"floor":26,"key":"Toxic Egg 2"},{"floor":27,"key":"Bag of Marbles"},{"floor":30,"key":"Ornamental Fan"},{"floor":38,"key":"Bird Faced Urn"},{"floor":41,"key":"Pantograph"},{"floor":43,"key":"Pocketwatch"}],"event_choices":[{"damage_healed":0.0,"max_hp_gain":0.0,"max_hp_loss":0.0,"gold_gain":0.0,"event_name":"Scrap Ooze","player_choice":"Success","floor":2.0,"gold_loss":0.0,"damage_taken":18.0,"relics_obtained":["Boot"]},{"damage_healed":0.0,"max_hp_gain":0.0,"max_hp_loss":0.0,"gold_gain":0.0,"event_name":"Accursed Blacksmith","player_choice":"Rummage","floor":3.0,"gold_loss":0.0,"damage_taken":0.0,"relics_obtained":["WarpedTongs"],"cards_obtained":["Pain"]},{"damage_healed":0,"gold_gain":0,"player_choice":"Bought 1 Potion","damage_taken":0,"max_hp_gain":0,"max_hp_loss":0,"event_name":"The Woman in Blue","floor":22,"gold_loss":0},{"damage_healed":0,"gold_gain":0,"player_choice":"1 cards matched","damage_taken":0,"max_hp_gain":0,"max_hp_loss":0,"event_name":"Match and Keep!","floor":36,"gold_loss":0,"cards_obtained":["Neutralize"]},{"damage_healed":0,"gold_gain":0,"player_choice":"Fight","damage_taken":0,"max_hp_gain":0,"max_hp_loss":0,"event_name":"Mysterious Sphere","floor":38,"gold_loss":0},{"damage_healed":0,"gold_gain":0,"player_choice":"Upgraded","damage_taken":0,"max_hp_gain":0,"max_hp_loss":0,"event_name":"Upgrade Shrine","floor":42,"gold_loss":0,"cards_upgraded":["After Image"]},{"cards_removed":["Strike_G"],"damage_healed":0,"gold_gain":0,"player_choice":"Upgrade and Remove","damage_taken":0,"max_hp_gain":0,"max_hp_loss":0,"event_name":"Designer","floor":45,"gold_loss":90,"cards_upgraded":["Noxious Fumes"]}],"is_beta":false,"boss_relics":[{"not_picked":["Calling Bell","Runic Dome"],"picked":"Fusion Hammer"},{"not_picked":["WristBlade","Coffee Dripper"],"picked":"Cursed Key"}],"items_purged_floors":[19,29],"is_endless":false,"potions_floor_spawned":[7,12,13,14,21,27,33,37,38,46,47],"ascension_level":1}