{"gold_per_floor":[114,114,41,41,60,60,88,88,88,113,130,130,130,150,150,248,248],"floor_reached":17,"playtime":857,"items_purged":[],"score":171,"play_id":"c3081cb2-ac73-4ce7-9472-c0b1daf8b854","local_time":"20190528122813","is_ascension_mode":true,"campfire_choices":[{"data":"Neutralize","floor":6,"key":"SMITH"},{"data":"Malaise","floor":8,"key":"SMITH"},{"floor":15,"key":"REST"}],"neow_cost":"NONE","seed_source_timestamp":803605620246613,"circlet_count":0,"master_deck":["Defend_G","Defend_G","Defend_G","Defend_G","Defend_G","Strike_G","Strike_G","Strike_G","Strike_G","Survivor","Neutralize+1","Infinite Blades","Cloak And Dagger","Malaise+1","PiercingWail","Blur","Deadly Poison","Wraith Form v2"],"relics":["Ring of the Snake","NlothsMask"],"potions_floor_usage":[10,16,16],"damage_taken":[{"damage":2,"enemies":"Jaw Worm","floor":1,"turns":5},{"damage":2,"enemies":"Cultist","floor":5,"turns":4},{"damage":19,"enemies":"Lagavulin","floor":7,"turns":10},{"damage":18,"enemies":"3 Sentries","floor":10,"turns":12},{"damage":0,"enemies":"2 Louse","floor":11,"turns":4},{"damage":0,"enemies":"Lots of Slimes","floor":14,"turns":7},{"damage":51,"enemies":"Slime Boss","floor":16,"turns":19}],"seed_played":"2005390577881423797","potions_obtained":[{"floor":7,"key":"Block Potion"},{"floor":11,"key":"AttackPotion"},{"floor":14,"key":"EssenceOfSteel"},{"floor":16,"key":"AttackPotion"}],"is_trial":false,"path_per_floor":["?","?","M","T","?"],"character_chosen":"THE_SILENT","items_purchased":["Infinite Blades"],"campfire_rested":1,"item_purchase_floors":[3],"current_hp_per_floor":[75,68,68,68,66,66,47,47,47,29,29,29,29,29,52,1,1],"gold":248,"neow_bonus":"TEN_PERCENT_HP_BONUS","is_prod":false,"is_daily":false,"chose_seed":false,"campfire_upgraded":2,"win_rate":0,"timestamp":1559060893,"path_taken":["M","?","$","?","?","R","E","R","T","E","M","?","?","M","R","BOSS"],"build_version":"2019-01-23","purchased_purges":0,"victory":false,"max_hp_per_floor":[77,77,77,77,77,77,77,77,77,77,77,77,77,77,77,77,77],"card_choices":[{"not_picked":["Bane","Underhanded Strike","Sucker Punch"],"picked":"SKIP","floor":1},{"not_picked":["Masterful Stab","Tactician"],"picked":"Cloak And Dagger","floor":5},{"not_picked":["Quick Slash","Flechettes"],"picked":"Malaise","floor":7},{"not_picked":["Expertise","All Out Attack"],"picked":"PiercingWail","floor":10},{"not_picked":["Outmaneuver","Prepared"],"picked":"Blur","floor":11},{"not_picked":["Poisoned Stab","Quick Slash"],"picked":"Deadly Poison","floor":14},{"not_picked":["Unload","Die Die Die"],"picked":"Wraith Form v2","floor":16}],"player_experience":726079,"relics_obtained":[],"event_choices":[{"cards_removed":["Strike_G"],"damage_healed":0,"gold_gain":0,"player_choice":"Card Removal","damage_taken":7,"max_hp_gain":0,"max_hp_loss":0,"event_name":"Golden Wing","floor":2,"gold_loss":0},{"damage_healed":0,"gold_gain":0,"player_choice":"Ignored","damage_taken":0,"max_hp_gain":0,"max_hp_loss":0,"event_name":"WeMeetAgain","floor":4,"gold_loss":0},{"damage_healed":0,"gold_gain":0,"player_choice":"Trade","damage_taken":0,"relics_obtained":["NlothsMask"],"max_hp_gain":0,"max_hp_loss":0,"event_name":"FaceTrader","floor":13,"gold_loss":0}],"is_beta":false,"boss_relics":[],"items_purged_floors":[],"is_endless":false,"potions_floor_spawned":[7,11,14,16],"ascension_level":1}