{"gold_per_floor":[214,214,33,48,64,64,96,96,96,109,9,9,19,53,53,131,131,142,37,57,72,85,117,117,127,154,154,166,199,199,224,224,301,301,320,320,368,385,6,36,36,68,93,120,135,145,145,161,161,161],"floor_reached":51,"playtime":4917,"items_purged":["Strike_R","Strike_R","Strike_R"],"score":1506,"play_id":"f5ebc0c1-ffb5-4e63-8aaa-8730b6dbf3aa","local_time":"20180727163608","is_ascension_mode":true,"campfire_choices":[{"data":"Bash","floor":6,"key":"SMITH"},{"data":"Abandon","floor":8,"key":"SMITH"},{"data":"Shockwave","floor":12,"key":"SMITH"},{"data":"Iron Wave","floor":15,"key":"SMITH"},{"data":"Shrug It Off","floor":24,"key":"SMITH"},{"data":"Feed","floor":27,"key":"SMITH"},{"data":"Body Slam","floor":41,"key":"SMITH"},{"data":"Sentinel","floor":47,"key":"SMITH"},{"floor":49,"key":"DIG"}],"neow_cost":"NONE","seed_source_timestamp":1322185529387320,"circlet_count":0,"master_deck":["Strike_R","Defend_R","Defend_R","Defend_R","Defend_R","Bash+1","AscendersBane","Rampage","Abandon+1","Fiend Fire+1","Reaper","Thunderclap","Shockwave+1","Wild Strike","Iron Wave+1","Offering","Sentinel","Dropkick+1","Shrug It Off+1","Feed+1","Rage+1","Clash","Sentinel+1","ReplayTheSpireMod:Strike From Hell","Feel No Pain+1","Necronomicurse","Juggernaut","Madness","Madness","Shrug It Off","Body Slam+1","Looming Evil","Shrug It Off"],"relics":["Burning Blood","Pear","Pet Ghost","Kunai","White Beast Statue","ReplayFunnel","Strawberry","Chameleon Ring","Necronomicon","Bag of Preparation","Cursed Key","Letter Opener","Dream Catcher","Self Forming Clay","Vajra","Pen Nib","BranchBurnRelic","Art of War"],"potions_floor_usage":[7,7,16,18,22,23,25,28,29,29,37,38,40,44,44,46,50,50],"damage_taken":[{"damage":18,"enemies":"Jaw Worm","floor":1,"turns":4},{"damage":2,"enemies":"2 Louse","floor":4,"turns":3},{"damage":6,"enemies":"Cultist","floor":5,"turns":3},{"damage":16,"enemies":"Gremlin Nob","floor":7,"turns":3},{"damage":2,"enemies":"Exordium Wildlife","floor":10,"turns":4},{"damage":1,"enemies":"Looter","floor":13,"turns":2},{"damage":8,"enemies":"3 Sentries","floor":14,"turns":7},{"damage":23,"enemies":"Slime Boss","floor":16,"turns":8},{"damage":5,"enemies":"Chosen","floor":18,"turns":2},{"damage":9,"enemies":"3 Byrds","floor":20,"turns":5},{"damage":14,"enemies":"3 Cultists","floor":21,"turns":5},{"damage":5,"enemies":"Centurion and Healer","floor":22,"turns":9},{"damage":21,"enemies":"Book of Stabbing","floor":23,"turns":6},{"damage":14,"enemies":"Slaver and Parasite","floor":25,"turns":7},{"damage":19,"enemies":"Snake Plant","floor":28,"turns":4},{"damage":25,"enemies":"Slavers","floor":29,"turns":6},{"damage":23,"enemies":"Book of Stabbing","floor":31,"turns":5},{"damage":57,"enemies":"Champ","floor":33,"turns":14},{"damage":5,"enemies":"3 Shapes","floor":35,"turns":4},{"damage":10,"floor":37,"turns":5},{"damage":10,"enemies":"3 Darklings","floor":38,"turns":4},{"damage":5,"enemies":"2 Orb Walkers","floor":40,"turns":3},{"damage":9,"enemies":"Giant Head","floor":42,"turns":5},{"damage":10,"enemies":"Nemesis","floor":44,"turns":3},{"damage":20,"enemies":"Transient","floor":45,"turns":5},{"damage":0,"enemies":"Sphere and 2 Shapes","floor":46,"turns":5},{"damage":6,"enemies":"3 Darklings","floor":48,"turns":5},{"damage":28,"enemies":"Awakened One","floor":50,"turns":9}],"seed_played":"-323621542339720773","potions_obtained":[{"floor":1,"key":"Fruit Juice"},{"floor":5,"key":"AttackPotion"},{"floor":10,"key":"Reflective Coating"},{"floor":13,"key":"Regen Potion"},{"floor":16,"key":"Adrenaline Potion"},{"floor":18,"key":"Energy Potion"},{"floor":20,"key":"Weak Potion"},{"floor":22,"key":"SteroidPotion"},{"floor":23,"key":"EssenceOfSteel"},{"floor":25,"key":"Poison Potion"},{"floor":28,"key":"PowerPotion"},{"floor":29,"key":"Explosive Potion"},{"floor":31,"key":"Energy Potion"},{"floor":33,"key":"PowerPotion"},{"floor":37,"key":"Poison Potion"},{"floor":38,"key":"SkillPotion"},{"floor":40,"key":"Adrenaline Potion"},{"floor":44,"key":"Strength Potion"},{"floor":45,"key":"PowerPotion"},{"floor":46,"key":"Explosive Potion"},{"floor":48,"key":"Adrenaline Potion"}],"is_trial":false,"path_per_floor":["M","?","$","M","M","R","E","R","T","M","$","R","M","E","R","B",null,"M","$","M","M","M","E","R","M","T","R","M","E","?","E","R","B",null,"M","?","?","M","$","E","R","E","T","E","M","M","R","M","R","B"],"character_chosen":"IRONCLAD","items_purchased":["Fiend Fire+1","Dropkick+1","Shrug It Off","Letter Opener"],"campfire_rested":0,"item_purchase_floors":[3,19,19,39],"current_hp_per_floor":[56,56,56,60,60,60,65,65,65,73,73,73,78,76,76,65,84,85,85,88,85,96,84,84,80,87,87,74,63,42,25,56,13,83,88,68,92,106,106,117,117,117,117,113,117,121,121,121,121,103],"gold":161,"neow_bonus":"HUNDRED_GOLD","is_prod":false,"is_daily":false,"chose_seed":false,"campfire_upgraded":8,"win_rate":0,"timestamp":1532702168,"path_taken":["M","?","$","M","M","R","E","R","T","M","$","R","M","E","R","BOSS","M","$","M","M","M","E","R","M","T","R","M","E","?","E","R","BOSS","M","?","?","?","$","E","R","E","T","E","M","M","R","M","R","BOSS"],"build_version":"2018-07-26","purchased_purges":3,"victory":true,"max_hp_per_floor":[75,75,75,75,75,75,90,90,90,90,90,90,90,90,90,90,90,90,90,90,93,96,99,99,99,106,106,106,106,106,106,106,106,106,110,110,114,114,114,117,117,117,117,117,117,121,121,121,121,121],"card_choices":[{"not_picked":["Metallicize","Combust"],"picked":"Rampage","floor":1},{"not_picked":["Iron Wave","Twin Strike"],"picked":"Reaper","floor":5},{"not_picked":["Warcry","Perfected Strike"],"picked":"Thunderclap","floor":7},{"not_picked":["Metallicize","Sever Soul"],"picked":"Shockwave","floor":10},{"not_picked":["Blood for Blood","Burning Pact"],"picked":"Wild Strike","floor":13},{"not_picked":["Searing Blow","Havoc"],"picked":"Iron Wave","floor":14},{"not_picked":["Demonic Infusion","Juggernaut"],"picked":"Offering","floor":16},{"not_picked":["Iron Wave","Thunderclap"],"picked":"Sentinel","floor":18},{"not_picked":["Armaments","Battle Trance"],"picked":"Feed","floor":20},{"not_picked":["Body Slam+1","Entrench"],"picked":"Rage+1","floor":21},{"not_picked":["Rupture","Bludgeon"],"picked":"Clash","floor":23},{"not_picked":["Sword Boomerang","Infernal Blade"],"picked":"Sentinel","floor":25},{"not_picked":["True Grit","Hemokinesis"],"picked":"ReplayTheSpireMod:Strike From Hell","floor":28},{"not_picked":["Burning Pact","Sword Boomerang"],"picked":"Feel No Pain","floor":29},{"not_picked":["Offering","Barricade"],"picked":"Juggernaut","floor":33},{"not_picked":["Shockwave","Pommel Strike"],"picked":"Shrug It Off","floor":38},{"not_picked":["Exhume","Heavy Blade"],"picked":"Body Slam","floor":40},{"not_picked":["Sever Soul+1","Rampage+1"],"picked":"Shrug It Off","floor":46}],"player_experience":761961,"relics_obtained":[{"floor":7,"key":"Pear"},{"floor":9,"key":"Pet Ghost"},{"floor":14,"key":"Kunai"},{"floor":23,"key":"ReplayFunnel"},{"floor":26,"key":"Strawberry"},{"floor":29,"key":"Chameleon Ring"},{"floor":30,"key":"Necronomicon"},{"floor":31,"key":"Bag of Preparation"},{"floor":37,"key":"Dead Branch"},{"floor":40,"key":"Dream Catcher"},{"floor":42,"key":"Self Forming Clay"},{"floor":43,"key":"Vajra"},{"floor":44,"key":"Pen Nib"},{"floor":49,"key":"Art of War"}],"event_choices":[{"event_name":"Living Wall","player_choice":"Change","floor":2,"damage_taken":0},{"event_name":"Cursed Tome","player_choice":"Obtained Book","floor":30,"damage_taken":0},{"event_name":"Winding Halls","player_choice":"Embrace Madness","floor":36,"damage_taken":0},{"event_name":"Mysterious Sphere","player_choice":"Fight","floor":37,"damage_taken":0}],"is_beta":false,"boss_relics":[{"not_picked":["Runic Cube","Orrery"],"picked":"White Beast Statue"},{"not_picked":["Kintsugi","Painkiller Herb"],"picked":"Cursed Key"}],"items_purged_floors":[3,11,39],"is_endless":false,"potions_floor_spawned":[1,5,10,13,16,18,20,21,22,23,25,28,29,31,33,35,37,38,40,42,44,45,46,48],"ascension_level":15}