{"gold_per_floor":[116,66,241,259,259,259,28,40,64,64,77,103,103,103,103,198,198,209,225,242,242,258,107,107,121,146,146,163,182,107,107,107,208,208,224,0,52,52,52,52,63,78,78,78,96,131,131,144,144,144],"floor_reached":51,"playtime":1931,"items_purged":["Doubt","Strike_R"],"score":827,"play_id":"7b3f33c6-a9b0-4bd7-ae61-c98333af20e7","local_time":"20190531142037","is_ascension_mode":true,"campfire_choices":[{"data":"Bash","floor":6,"key":"SMITH"},{"data":"Shockwave","floor":10,"key":"SMITH"},{"data":"True Grit","floor":13,"key":"SMITH"},{"data":"Dropkick","floor":15,"key":"SMITH"},{"floor":27,"key":"REST"},{"data":"Demon Form","floor":32,"key":"SMITH"},{"floor":40,"key":"REST"},{"data":"Havoc","floor":44,"key":"SMITH"},{"floor":49,"key":"REST"}],"neow_cost":"CURSE","seed_source_timestamp":615003632879100,"circlet_count":0,"master_deck":["Strike_R","Strike_R","Strike_R","Defend_R","Defend_R","Defend_R","Defend_R","Whirlwind+1","Dropkick+1","Shockwave+1","True Grit+1","Seeing Red+1","Demon Form+1","Warcry","Warcry+1","Second Wind","Flex","Decay","Havoc+1","Feel No Pain","Intimidate","Double Tap","Shrug It Off+1","Clash+1","Burning Pact+1","Twin Strike","Disarm+1","Writhe"],"relics":["Burning Blood","Ice Cream","Happy Flower","Red Skull","Oddly Smooth Stone","Runic Dome","Bag of Marbles","Black Star","Red Mask","Gambling Chip","Vajra","Frozen Egg 2","Self Forming Clay","Juzu Bracelet"],"potions_floor_usage":[11,12,33,33,42,50,50],"damage_taken":[{"damage":10,"enemies":"Jaw Worm","floor":1,"turns":5},{"damage":0,"enemies":"2 Louse","floor":4,"turns":1},{"damage":0,"enemies":"Cultist","floor":8,"turns":2},{"damage":0,"enemies":"Gremlin Gang","floor":11,"turns":3},{"damage":24,"enemies":"Gremlin Nob","floor":12,"turns":4},{"damage":36,"enemies":"Hexaghost","floor":16,"turns":9},{"damage":13,"enemies":"Shell Parasite","floor":18,"turns":4},{"damage":0,"enemies":"3 Byrds","floor":19,"turns":2},{"damage":24,"enemies":"Snake Plant","floor":20,"turns":5},{"damage":18,"enemies":"Snecko","floor":22,"turns":3},{"damage":10,"enemies":"Chosen and Byrds","floor":25,"turns":5},{"damage":17,"enemies":"Centurion and Healer","floor":28,"turns":5},{"damage":1,"enemies":"Snecko","floor":29,"turns":3},{"damage":14,"enemies":"Champ","floor":33,"turns":8},{"damage":31,"enemies":"3 Shapes","floor":35,"turns":8},{"damage":26,"enemies":"2 Orb Walkers","floor":37,"turns":4},{"damage":2,"enemies":"Orb Walker","floor":41,"turns":3},{"damage":0,"enemies":"Maw","floor":42,"turns":7},{"damage":9,"enemies":"3 Darklings","floor":45,"turns":5},{"damage":24,"enemies":"Giant Head","floor":46,"turns":6},{"damage":23,"enemies":"Spire Growth","floor":48,"turns":4},{"damage":40,"enemies":"Time Eater","floor":50,"turns":6}],"seed_played":"2274030003943739360","potions_obtained":[{"floor":4,"key":"Regen Potion"},{"floor":8,"key":"Explosive Potion"},{"floor":28,"key":"SkillPotion"},{"floor":29,"key":"BloodPotion"},{"floor":33,"key":"FearPotion"},{"floor":37,"key":"Strength Potion"},{"floor":41,"key":"Poison Potion"},{"floor":46,"key":"LiquidBronze"}],"is_trial":false,"path_per_floor":["M","?","?","M","?","R","$","M","T","R","M","E","R","?","R","B",null,"M","M","M","?","M","$","?","M","T","R","M","M","?","$","R","B",null,"M","?","?","?","T","R","M","M","T","R","M","E","?","M","R","B",null],"character_chosen":"IRONCLAD","items_purchased":["Happy Flower","Flex"],"campfire_rested":3,"item_purchase_floors":[7,23],"current_hp_per_floor":[76,76,76,80,80,80,80,80,80,80,80,67,67,67,67,37,80,73,79,61,61,49,49,49,45,45,69,58,63,63,63,63,63,80,55,55,35,35,35,59,63,69,69,69,66,48,68,51,75,41],"gold":144,"neow_bonus":"ONE_RARE_RELIC","is_prod":false,"is_daily":false,"chose_seed":false,"campfire_upgraded":6,"win_rate":0,"timestamp":1559301637,"path_taken":["M","?","?","M","?","R","$","?","T","R","M","E","R","?","R","BOSS","M","M","M","?","?","$","?","M","T","R","M","M","?","?","R","BOSS","M","?","?","?","?","R","M","?","T","R","M","E","?","M","R","BOSS"],"build_version":"2019-05-28","purchased_purges":2,"victory":true,"max_hp_per_floor":[80,80,80,80,80,80,80,80,80,80,80,80,80,80,80,80,80,80,80,80,80,80,80,80,80,80,80,80,80,80,80,80,80,80,80,80,80,80,80,80,80,80,80,80,80,80,80,80,80,80],"card_choices":[{"not_picked":["Searing Blow","Reckless Charge"],"picked":"Whirlwind","floor":1},{"not_picked":["Burning Pact","Battle Trance"],"picked":"Dropkick","floor":4},{"not_picked":["Cleave","Rampage"],"picked":"Shockwave","floor":8},{"not_picked":["Entrench","Warcry"],"picked":"True Grit","floor":11},{"not_picked":["Flame Barrier","Barricade"],"picked":"Seeing Red","floor":12},{"not_picked":["Barricade","Juggernaut"],"picked":"Demon Form","floor":16},{"not_picked":["Uppercut","Infernal Blade"],"picked":"Warcry","floor":18},{"not_picked":["Rupture","Carnage"],"picked":"Warcry+1","floor":19},{"not_picked":["Carnage","Combust+1","Sword Boomerang"],"picked":"SKIP","floor":20},{"not_picked":["Armaments+1","Thunderclap"],"picked":"Second Wind","floor":22},{"not_picked":["Carnage","Cleave"],"picked":"Havoc","floor":25},{"not_picked":["Cleave","Iron Wave"],"picked":"Feel No Pain","floor":28},{"not_picked":["Thunderclap","Second Wind+1"],"picked":"Intimidate","floor":29},{"not_picked":["Fiend Fire","Immolate"],"picked":"Double Tap","floor":33},{"not_picked":["Wild Strike+1","Warcry+1"],"picked":"Shrug It Off+1","floor":35},{"not_picked":["Pommel Strike+1","Havoc"],"picked":"Clash+1","floor":37},{"not_picked":["Ghostly Armor","Immolate"],"picked":"Burning Pact+1","floor":41},{"not_picked":["Wild Strike","Cleave"],"picked":"Twin Strike","floor":42},{"not_picked":["Rupture+1","Rage+1"],"picked":"Disarm+1","floor":45},{"not_picked":["Rupture+1","Iron Wave","Entrench+1"],"picked":"SKIP","floor":46},{"not_picked":["Perfected Strike","Thunderclap","Wild Strike"],"picked":"SKIP","floor":48}],"player_experience":411366,"relics_obtained":[{"floor":9,"key":"Red Skull"},{"floor":12,"key":"Oddly Smooth Stone"},{"floor":26,"key":"Bag of Marbles"},{"floor":37,"key":"Gambling Chip"},{"floor":39,"key":"Vajra"},{"floor":43,"key":"Frozen Egg 2"},{"floor":46,"key":"Self Forming Clay"},{"floor":46,"key":"Juzu Bracelet"}],"event_choices":[{"cards_removed":["Shame"],"damage_healed":0,"gold_gain":0,"player_choice":"Card Removal","damage_taken":0,"max_hp_gain":0,"max_hp_loss":0,"event_name":"The Cleric","floor":2,"gold_loss":50},{"damage_healed":0,"gold_gain":175,"player_choice":"AGREE","damage_taken":0,"max_hp_gain":0,"max_hp_loss":0,"event_name":"Liars Game","floor":3,"gold_loss":0,"cards_obtained":["Doubt"]},{"damage_healed":0,"gold_gain":0,"player_choice":"Grow","damage_taken":0,"max_hp_gain":0,"max_hp_loss":0,"event_name":"Living Wall","floor":5,"gold_loss":0,"cards_upgraded":["Whirlwind"]},{"damage_healed":0,"gold_gain":0,"player_choice":"Upgraded","damage_taken":0,"max_hp_gain":0,"max_hp_loss":0,"event_name":"Upgrade Shrine","floor":14,"gold_loss":0,"cards_upgraded":["Seeing Red"]},{"damage_healed":0,"gold_gain":0,"player_choice":"Ignored","damage_taken":0,"max_hp_gain":0,"max_hp_loss":0,"event_name":"N\u0027loth","floor":21,"gold_loss":0},{"damage_healed":0,"gold_gain":0,"player_choice":"Smashed Altar","damage_taken":0,"max_hp_gain":0,"max_hp_loss":0,"event_name":"Forgotten Altar","floor":24,"gold_loss":0,"cards_obtained":["Decay"]},{"cards_removed":["Strike_R"],"damage_healed":0,"gold_gain":0,"player_choice":"Gave Gold","damage_taken":0,"max_hp_gain":0,"max_hp_loss":0,"event_name":"Beggar","floor":30,"gold_loss":75},{"damage_healed":0,"gold_gain":0,"player_choice":"Paid","damage_taken":0,"relics_obtained":["Red Mask"],"max_hp_gain":0,"max_hp_loss":0,"event_name":"Tomb of Lord Red Mask","floor":36,"gold_loss":224},{"damage_healed":0,"gold_gain":0,"player_choice":"Fight","damage_taken":0,"max_hp_gain":0,"max_hp_loss":0,"event_name":"Mysterious Sphere","floor":37,"gold_loss":0},{"cards_removed":["Bash"],"damage_healed":0,"gold_gain":0,"player_choice":"Removed Attack","damage_taken":0,"max_hp_gain":0,"max_hp_loss":0,"event_name":"Falling","floor":38,"gold_loss":0},{"damage_healed":20,"gold_gain":0,"player_choice":"Writhe","damage_taken":0,"max_hp_gain":0,"max_hp_loss":0,"event_name":"Winding Halls","floor":47,"gold_loss":0,"cards_obtained":["Writhe"]}],"is_beta":true,"boss_relics":[{"not_picked":["Lizard Tail","Tiny House"],"picked":"Runic Dome"},{"not_picked":["Snecko Eye","Velvet Choker"],"picked":"Black Star"}],"items_purged_floors":[7,23],"is_endless":false,"potions_floor_spawned":[4,8,28,29,33,37,41,46],"ascension_level":4}