{"gold_per_floor":[119,119,119,134,4,4,37,37,84,84,99,116,126,136,136,232,232,245,268,288,307,307,307,334,334,381,397,397,408,441,458,458,559,559,576,576,576,586,134,134,152,181,259,269,269,287,287,387,387,387],"floor_reached":51,"playtime":7009,"items_purged":["Evolve"],"score":727,"play_id":"04dc1292-4e52-4d48-9bd7-1a034274541f","local_time":"20190530185743","is_ascension_mode":true,"campfire_choices":[{"data":"Madness","floor":6,"key":"SMITH"},{"data":"Bludgeon","floor":8,"key":"SMITH"},{"data":"Flame Barrier","floor":10,"key":"SMITH"},{"floor":15,"key":"REST"},{"data":"Carnage","floor":23,"key":"SMITH"},{"data":"Shrug It Off","floor":28,"key":"SMITH"},{"data":"Juggernaut","floor":32,"key":"SMITH"},{"data":"Secret Technique","floor":40,"key":"SMITH"},{"data":"True Grit","floor":45,"key":"SMITH"},{"data":"Metallicize","floor":47,"key":"SMITH"},{"data":"Shrug It Off","floor":49,"key":"SMITH"}],"neow_cost":"NONE","seed_source_timestamp":33617637478800,"circlet_count":0,"master_deck":["Strike_R","Strike_R","Strike_R","Defend_R","Defend_R","Defend_R","Defend_R","Bash","Carnage+1","Flame Barrier+1","Shrug It Off+1","Madness+1","Bludgeon+1","Iron Wave","Reaper","Spot Weakness+1","Shrug It Off+1","Intimidate+1","Juggernaut+1","Metallicize+1","Reaper","Feed","Impatience","True Grit+1","Secret Technique+1","Offering","Inflame+1"],"relics":["Burning Blood","Gremlin Horn","Pantograph","Runic Pyramid","Red Skull","Blood Vial","Nloth\u0027s Gift","Anchor","Pear","Philosopher\u0027s Stone","Centennial Puzzle","Letter Opener","Bottled Flame","Thread and Needle"],"potions_floor_usage":[16,16,30,33,50,50,50],"damage_taken":[{"damage":11,"enemies":"Jaw Worm","floor":1,"turns":5},{"damage":1,"enemies":"Cultist","floor":4,"turns":3},{"damage":15,"enemies":"3 Sentries","floor":7,"turns":12},{"damage":0,"enemies":"Small Slimes","floor":11,"turns":2},{"damage":0,"enemies":"3 Louse","floor":12,"turns":2},{"damage":14,"enemies":"Exordium Thugs","floor":13,"turns":5},{"damage":18,"enemies":"Gremlin Gang","floor":14,"turns":4},{"damage":39,"enemies":"Hexaghost","floor":16,"turns":7},{"damage":9,"enemies":"Shell Parasite","floor":18,"turns":5},{"damage":5,"enemies":"3 Byrds","floor":20,"turns":4},{"damage":0,"enemies":"Snecko","floor":21,"turns":4},{"damage":25,"enemies":"Book of Stabbing","floor":24,"turns":5},{"damage":11,"enemies":"Shelled Parasite and Fungi","floor":27,"turns":8},{"damage":22,"enemies":"Snake Plant","floor":29,"turns":6},{"damage":48,"enemies":"Gremlin Leader","floor":30,"turns":7},{"damage":3,"enemies":"Centurion and Healer","floor":31,"turns":7},{"damage":40,"enemies":"Collector","floor":33,"turns":12},{"damage":8,"enemies":"Orb Walker","floor":35,"turns":5},{"damage":18,"enemies":"3 Shapes","floor":38,"turns":4},{"damage":20,"enemies":"3 Darklings","floor":41,"turns":6},{"damage":59,"enemies":"Nemesis","floor":42,"turns":9},{"damage":20,"enemies":"4 Shapes","floor":44,"turns":4},{"damage":8,"enemies":"Sphere and 2 Shapes","floor":46,"turns":4},{"damage":12,"enemies":"Mind Bloom Boss Battle","floor":48,"turns":7},{"damage":92,"enemies":"Donu and Deca","floor":50,"turns":11}],"seed_played":"-2236811332333340893","potions_obtained":[{"floor":4,"key":"Fire Potion"},{"floor":7,"key":"SneckoOil"},{"floor":14,"key":"EssenceOfSteel"},{"floor":21,"key":"Poison Potion"},{"floor":24,"key":"Strength Potion"},{"floor":29,"key":"Energy Potion"},{"floor":35,"key":"BloodPotion"},{"floor":42,"key":"Poison Potion"},{"floor":44,"key":"Weak Potion"}],"is_trial":false,"path_per_floor":["M","?","?","M","$","R","E","R","T","R","M","M","M","M","R","B",null,"M","T","M","M","?","R","E","?","T","M","R","M","E","M","R","B",null,"M","?","?","M","$","R","M","E","T","M","R","M","R","?","R","B",null],"character_chosen":"IRONCLAD","items_purchased":["Shrug It Off","Madness","True Grit","Secret Technique","Centennial Puzzle"],"campfire_rested":1,"item_purchase_floors":[5,5,39,39,39],"current_hp_per_floor":[75,68,68,73,73,73,64,64,64,64,70,76,68,56,80,47,80,79,79,80,80,80,80,61,61,61,62,62,57,35,62,62,67,90,90,90,90,93,93,93,87,55,55,96,96,99,99,105,105,68],"gold":387,"neow_bonus":"REMOVE_CARD","is_prod":false,"is_daily":false,"chose_seed":false,"campfire_upgraded":10,"win_rate":0,"timestamp":1559257063,"path_taken":["M","?","?","M","$","R","E","R","T","R","M","M","M","M","R","BOSS","M","?","M","M","?","R","E","?","T","M","R","?","E","?","R","BOSS","M","?","?","?","$","R","M","E","T","M","R","M","R","?","R","BOSS"],"build_version":"2019-01-23","purchased_purges":1,"victory":true,"max_hp_per_floor":[80,80,80,80,80,80,80,80,80,80,80,80,80,80,80,80,80,80,80,80,80,80,80,80,80,80,80,80,80,90,90,90,90,90,90,90,90,93,93,93,93,96,96,99,99,102,102,105,105,105],"card_choices":[{"not_picked":["Clothesline","Fire Breathing"],"picked":"Carnage","floor":1},{"not_picked":["Iron Wave","Body Slam"],"picked":"Flame Barrier","floor":4},{"not_picked":["Shockwave","Immolate"],"picked":"Bludgeon","floor":7},{"not_picked":["Clothesline","Iron Wave","Cleave"],"picked":"SKIP","floor":11},{"not_picked":["Reckless Charge","Fire Breathing"],"picked":"Iron Wave","floor":12},{"not_picked":["Thunderclap","Fire Breathing","Body Slam"],"picked":"SKIP","floor":13},{"not_picked":["Combust","Bloodletting"],"picked":"Evolve","floor":14},{"not_picked":["Barricade","Offering"],"picked":"Reaper","floor":16},{"not_picked":["Iron Wave","Entrench+1"],"picked":"Spot Weakness+1","floor":18},{"not_picked":["Sword Boomerang","Wild Strike"],"picked":"Shrug It Off","floor":20},{"not_picked":["Wild Strike","Power Through","Flex"],"picked":"SKIP","floor":21},{"not_picked":["Rampage","Clothesline","Second Wind"],"picked":"SKIP","floor":24},{"not_picked":["Perfected Strike+1","Power Through","Pommel Strike"],"picked":"SKIP","floor":27},{"not_picked":["Bloodletting+1","Wild Strike"],"picked":"Intimidate+1","floor":29},{"not_picked":["Iron Wave","Body Slam"],"picked":"Juggernaut","floor":30},{"not_picked":["Cleave","Ghostly Armor+1"],"picked":"Metallicize","floor":31},{"not_picked":["Juggernaut","Bludgeon"],"picked":"Reaper","floor":33},{"not_picked":["Wild Strike+1","Sever Soul+1"],"picked":"Feed","floor":35},{"not_picked":["PanicButton","Deep Breath"],"picked":"Impatience","floor":37},{"not_picked":["Corruption+1","Clothesline+1","Perfected Strike+1"],"picked":"SKIP","floor":38},{"not_picked":["Intimidate+1","Body Slam"],"picked":"Offering","floor":41},{"not_picked":["Body Slam","Perfected Strike+1"],"picked":"Inflame+1","floor":42},{"not_picked":["Heavy Blade","Headbutt","Juggernaut"],"picked":"SKIP","floor":44},{"not_picked":["Corruption","Thunderclap","Pommel Strike"],"picked":"SKIP","floor":46}],"player_experience":64378,"relics_obtained":[{"floor":7,"key":"Pantograph"},{"floor":9,"key":"Happy Flower"},{"floor":19,"key":"Red Skull"},{"floor":24,"key":"Blood Vial"},{"floor":26,"key":"Anchor"},{"floor":30,"key":"Pear"},{"floor":42,"key":"Letter Opener"},{"floor":43,"key":"Bottled Flame"},{"floor":48,"key":"Thread and Needle"}],"event_choices":[{"damage_healed":0,"gold_gain":0,"player_choice":"Success","damage_taken":7,"relics_obtained":["Gremlin Horn"],"max_hp_gain":0,"max_hp_loss":0,"event_name":"Scrap Ooze","floor":2,"gold_loss":0},{"cards_removed":["Strike_R"],"damage_healed":0,"gold_gain":0,"player_choice":"Offered Basic","damage_taken":0,"max_hp_gain":0,"max_hp_loss":0,"event_name":"Bonfire Elementals","floor":3,"gold_loss":0},{"damage_healed":0,"gold_gain":0,"player_choice":"Ignored","damage_taken":0,"max_hp_gain":0,"max_hp_loss":0,"event_name":"Vampires","floor":22,"gold_loss":0},{"damage_healed":0,"gold_gain":0,"player_choice":"Traded Relic","damage_taken":0,"relics_obtained":["Nloth\u0027s Gift"],"max_hp_gain":0,"max_hp_loss":0,"event_name":"N\u0027loth","floor":25,"relics_lost":["Happy Flower"],"gold_loss":0},{"damage_healed":0,"gold_gain":0,"player_choice":"Ignored","damage_taken":0,"max_hp_gain":0,"max_hp_loss":0,"event_name":"Tomb of Lord Red Mask","floor":36,"gold_loss":0},{"damage_healed":0,"gold_gain":0,"player_choice":"Memory 1","damage_taken":0,"max_hp_gain":0,"max_hp_loss":0,"event_name":"SensoryStone","floor":37,"gold_loss":0},{"damage_healed":0,"gold_gain":0,"player_choice":"Fight","damage_taken":0,"max_hp_gain":0,"max_hp_loss":0,"event_name":"MindBloom","floor":48,"gold_loss":0}],"is_beta":false,"boss_relics":[{"not_picked":["Velvet Choker","Fusion Hammer"],"picked":"Runic Pyramid"},{"not_picked":["Astrolabe","Mark of Pain"],"picked":"Philosopher\u0027s Stone"}],"items_purged_floors":[39],"is_endless":false,"potions_floor_spawned":[4,7,14,21,24,29,35,42,44,48],"ascension_level":1}