{"gold_per_floor":[118,130,80,80,80,80,109,109,159,192,205,1,0,27,27,123,123,141,159,84,99,99,99,114,140,140,140,140,140,150,182,182,277,327,337,337,354,354,45,45,71,71,71,71,71,82,95,125,125,125],"floor_reached":51,"playtime":2693,"items_purged":["Strike_R","Strike_R"],"score":1418,"play_id":"c8c8c337-58c5-4bb9-ab61-57cb01b1bd76","local_time":"20181103103537","is_ascension_mode":true,"campfire_choices":[{"data":"Inflame","floor":6,"key":"SMITH"},{"data":"Heavy Blade","floor":8,"key":"SMITH"},{"data":"Metallicize","floor":15,"key":"SMITH"},{"data":"Demon Form","floor":23,"key":"SMITH"},{"data":"Clash","floor":28,"key":"SMITH"},{"data":"Defend_R","floor":32,"key":"SMITH"},{"data":"Defend_R","floor":40,"key":"SMITH"},{"data":"Defend_R","floor":42,"key":"SMITH"}],"neow_cost":"NONE","seed_source_timestamp":520763555118134,"circlet_count":0,"master_deck":["Strike_R+1","Defend_R+1","Defend_R+1","Defend_R+1","Defend_R+1","Bash+1","Inflame+1","Heavy Blade+1","Shockwave+1","Metallicize+1","Clash+1","True Grit+1","True Grit+1","Demon Form+1","Shrug It Off+1","Shrug It Off+1","Warcry+1","Warcry+1","True Grit+1","Shrug It Off+1","Body Slam+1","Shrug It Off+1","Limit Break+1","Shrug It Off+1"],"relics":["Burning Blood","Centennial Puzzle","Letter Opener","Toxic Egg 2","Oddly Smooth Stone","Prayer Wheel","Pen Nib","Red Skull","Coffee Dripper","Whetstone","Question Card","Bag of Marbles","Tiny House","ClockworkSouvenir","PreservedInsect","Ginger","Ancient Tea Set"],"potions_floor_usage":[24,25,33,41,46,47,50],"damage_taken":[{"damage":8,"enemies":"Small Slimes","floor":1,"turns":5},{"damage":5,"enemies":"2 Louse","floor":2,"turns":4},{"damage":32,"enemies":"Lagavulin","floor":7,"turns":8},{"damage":28,"enemies":"3 Sentries","floor":10,"turns":8},{"damage":0,"enemies":"Cultist","floor":11,"turns":3},{"damage":0,"enemies":"Lagavulin","floor":14,"turns":5},{"damage":0,"enemies":"Hexaghost","floor":16,"turns":6},{"damage":2,"enemies":"3 Byrds","floor":18,"turns":6},{"damage":8,"enemies":"Chosen","floor":19,"turns":3},{"damage":3,"enemies":"Snecko","floor":21,"turns":4},{"damage":7,"enemies":"Shelled Parasite and Fungi","floor":24,"turns":5},{"damage":30,"enemies":"Slavers","floor":25,"turns":4},{"damage":4,"enemies":"Snake Plant","floor":30,"turns":3},{"damage":0,"enemies":"Gremlin Leader","floor":31,"turns":5},{"damage":0,"enemies":"Automaton","floor":33,"turns":8},{"damage":6,"enemies":"3 Darklings","floor":35,"turns":4},{"damage":0,"enemies":"3 Shapes","floor":37,"turns":5},{"damage":17,"enemies":"Nemesis","floor":41,"turns":7},{"damage":15,"enemies":"Jaw Worm Horde","floor":46,"turns":4},{"damage":12,"enemies":"Sphere and 2 Shapes","floor":47,"turns":6},{"damage":0,"enemies":"Giant Head","floor":48,"turns":7},{"damage":53,"enemies":"Donu and Deca","floor":50,"turns":9}],"seed_played":"4580824408804329887","potions_obtained":[{"floor":2,"key":"Weak Potion"},{"floor":11,"key":"AttackPotion"},{"floor":18,"key":"Swift Potion"},{"floor":24,"key":"Weak Potion"},{"floor":25,"key":"Fire Potion"},{"floor":30,"key":"PowerPotion"},{"floor":34,"key":"SteroidPotion"},{"floor":41,"key":"FearPotion"},{"floor":46,"key":"SmokeBomb"},{"floor":47,"key":"Fruit Juice"}],"is_trial":false,"path_per_floor":["M","M","?","?","?","R","E","R","T","E","M","$","?","E","R","B",null,"M","M","$","M","?","R","M","E","T","?","R","?","M","E","R","B",null,"M","?","M","?","$","R","E","R","T","?","R","M","M","E","R","B",null],"character_chosen":"IRONCLAD","items_purchased":["Pen Nib","True Grit+1","ClockworkSouvenir"],"campfire_rested":0,"item_purchase_floors":[12,12,39],"current_hp_per_floor":[70,71,71,68,68,68,42,42,42,20,26,26,26,32,32,38,70,74,72,72,75,60,60,59,35,35,35,35,35,37,43,43,49,81,81,81,87,87,87,87,76,76,76,76,76,67,66,72,72,25],"gold":125,"neow_bonus":"RANDOM_COMMON_RELIC","is_prod":false,"is_daily":false,"chose_seed":false,"campfire_upgraded":8,"win_rate":0,"timestamp":1541237737,"path_taken":["M","M","?","?","?","R","E","R","T","E","?","$","?","E","R","BOSS","M","M","$","M","?","R","M","E","T","?","R","?","M","E","R","BOSS","M","?","?","?","$","R","E","R","T","?","R","M","M","E","R","BOSS"],"build_version":"2018-11-01v2","purchased_purges":2,"victory":true,"max_hp_per_floor":[80,80,80,80,80,80,80,80,80,80,80,80,80,80,80,80,80,80,80,80,80,85,85,85,85,85,85,85,85,85,85,85,85,90,90,90,90,90,90,90,90,90,90,90,90,90,95,95,95,95],"card_choices":[{"not_picked":["Cleave","Warcry"],"picked":"Inflame","floor":1},{"not_picked":["Rupture","Cleave"],"picked":"Clash","floor":2},{"not_picked":["Wild Strike","Spot Weakness"],"picked":"Heavy Blade","floor":7},{"not_picked":["Bloodletting+1","Dual Wield+1"],"picked":"Shockwave+1","floor":10},{"not_picked":["Cleave","Uppercut"],"picked":"Metallicize","floor":11},{"not_picked":["Cleave","Warcry+1"],"picked":"Clash","floor":11},{"not_picked":["Thunderclap","Iron Wave"],"picked":"True Grit+1","floor":14},{"not_picked":["Offering+1","Dark Embrace"],"picked":"Demon Form","floor":16},{"not_picked":["True Grit+1","Carnage"],"picked":"Shrug It Off+1","floor":18},{"not_picked":["Sword Boomerang","Ghostly Armor+1"],"picked":"Shrug It Off+1","floor":19},{"not_picked":["Flex+1","Immolate"],"picked":"Warcry+1","floor":24},{"not_picked":["Pommel Strike","Intimidate+1"],"picked":"Warcry+1","floor":24},{"not_picked":["Headbutt","Spot Weakness+1","Shockwave+1"],"picked":"SKIP","floor":25},{"not_picked":["Havoc+1","Evolve","Warcry+1"],"picked":"Shrug It Off+1","floor":30},{"not_picked":["Hemokinesis","Shrug It Off+1","Armaments+1"],"picked":"Body Slam+1","floor":30},{"not_picked":["Perfected Strike","Havoc+1","Headbutt"],"picked":"Shrug It Off+1","floor":31},{"not_picked":["Offering+1","Bludgeon","Exhume+1"],"picked":"Limit Break+1","floor":33},{"not_picked":["Reckless Charge","Havoc+1","Blood for Blood+1"],"picked":"Shrug It Off+1","floor":46}],"player_experience":1162579,"relics_obtained":[{"floor":7,"key":"Toxic Egg 2"},{"floor":9,"key":"Oddly Smooth Stone"},{"floor":10,"key":"Prayer Wheel"},{"floor":14,"key":"Red Skull"},{"floor":25,"key":"Whetstone"},{"floor":26,"key":"Question Card"},{"floor":31,"key":"Bag of Marbles"},{"floor":41,"key":"PreservedInsect"},{"floor":43,"key":"Ginger"},{"floor":48,"key":"Ancient Tea Set"}],"event_choices":[{"cards_removed":["Strike_R"],"damage_healed":0,"gold_gain":0,"player_choice":"Card Removal","damage_taken":0,"max_hp_gain":0,"max_hp_loss":0,"event_name":"The Cleric","floor":3,"gold_loss":50},{"damage_healed":0,"gold_gain":0,"player_choice":"Success","damage_taken":3,"relics_obtained":["Letter Opener"],"max_hp_gain":0,"max_hp_loss":0,"event_name":"Scrap Ooze","floor":4,"gold_loss":0},{"damage_healed":0,"gold_gain":0,"player_choice":"Forge","damage_taken":0,"max_hp_gain":0,"max_hp_loss":0,"event_name":"Accursed Blacksmith","floor":5,"gold_loss":0,"cards_upgraded":["Bash"]},{"damage_healed":0,"gold_gain":0,"player_choice":"Left Gold","damage_taken":0,"max_hp_gain":0,"max_hp_loss":0,"event_name":"World of Goop","floor":13,"gold_loss":1},{"damage_healed":0,"gold_gain":0,"player_choice":"Shed Blood","damage_taken":20,"max_hp_gain":5,"max_hp_loss":0,"event_name":"Forgotten Altar","floor":22,"gold_loss":0},{"damage_healed":0,"gold_gain":0,"player_choice":"Ignored","damage_taken":0,"max_hp_gain":0,"max_hp_loss":0,"event_name":"Ghosts","floor":27,"gold_loss":0},{"damage_healed":0,"gold_gain":0,"player_choice":"Read","damage_taken":0,"max_hp_gain":0,"max_hp_loss":0,"event_name":"The Library","floor":29,"gold_loss":0,"cards_obtained":["True Grit"]},{"cards_removed":["Strike_R"],"damage_healed":0,"gold_gain":0,"player_choice":"Offered Basic","damage_taken":0,"max_hp_gain":0,"max_hp_loss":0,"event_name":"Bonfire Elementals","floor":36,"gold_loss":0},{"damage_healed":0,"gold_gain":0,"player_choice":"Ignored","damage_taken":0,"max_hp_gain":0,"max_hp_loss":0,"event_name":"Tomb of Lord Red Mask","floor":38,"gold_loss":0},{"cards_removed":["Clash"],"damage_healed":0,"gold_gain":0,"player_choice":"Removed Attack","damage_taken":0,"max_hp_gain":0,"max_hp_loss":0,"event_name":"Falling","floor":44,"gold_loss":0}],"is_beta":true,"boss_relics":[{"not_picked":["Calling Bell","Runic Pyramid"],"picked":"Coffee Dripper"},{"not_picked":["Snecko Eye","Astrolabe"],"picked":"Tiny House"}],"items_purged_floors":[20,39],"is_endless":false,"potions_floor_spawned":[2,11,18,24,25,30,41,46,47],"ascension_level":9}