{"gold_per_floor":[112,112,130,205,205,205,233,233,233,258,310,310,324,3,3,98,98,116,116,142,142,142,142,167,177,177,206,25,25,25,37,37,140,140,158,172,272,124,124,153,166,166,189,189,189,199,199,42,42,42],"floor_reached":50,"playtime":1465,"items_purged":["Strike_R","Strike_R","Strike_R"],"score":809,"play_id":"d28872a4-6ae9-4c52-8f5c-fde5509f1124","local_time":"20190331220445","is_ascension_mode":true,"campfire_choices":[{"data":"Sword Boomerang","floor":6.0,"key":"SMITH"},{"floor":8.0,"key":"REST"},{"floor":12.0,"key":"REST"},{"data":"Sword Boomerang","floor":15.0,"key":"SMITH"},{"data":"Double Tap","floor":23.0,"key":"SMITH"},{"floor":30.0,"key":"REST"},{"floor":32.0,"key":"REST"},{"floor":42,"key":"REST"},{"data":"True Grit","floor":44,"key":"SMITH"},{"data":"Double Tap","floor":49,"key":"SMITH"}],"neow_cost":"NONE","seed_source_timestamp":809529224953098,"circlet_count":0,"master_deck":["Defend_R","Defend_R","Defend_R","Defend_R","Bash+1","Sword Boomerang+1","Sword Boomerang+1","Regret","Headbutt","Iron Wave","Double Tap+1","Flame Barrier","Writhe","Armaments+1","Whirlwind+1","Metallicize+1","True Grit+1","Armaments+1","Double Tap+1","Pummel+1","Shrug It Off","Madness","Madness","Entrench+1","Rupture+1","Rage"],"special_seed":0,"relics":["Burning Blood","Happy Flower","Blue Candle","Bronze Scales","Anchor","Pen Nib","Shuriken","Sozu","Red Mask","Molten Egg 2","Regal Pillow","Frozen Egg 2","Paper Frog","Incense Burner","Busted Crown","Mango","Oddly Smooth Stone","Red Skull"],"potions_floor_usage":[],"damage_taken":[{"damage":5.0,"enemies":"Small Slimes","floor":1.0,"turns":3.0},{"damage":2.0,"enemies":"Jaw Worm","floor":3.0,"turns":3.0},{"damage":56.0,"enemies":"Gremlin Nob","floor":7.0,"turns":5.0},{"damage":31.0,"enemies":"Lagavulin","floor":10.0,"turns":6.0},{"damage":0.0,"enemies":"2 Louse","floor":13.0,"turns":2.0},{"damage":1.0,"enemies":"Slime Boss","floor":16.0,"turns":6.0},{"damage":0.0,"enemies":"3 Byrds","floor":18.0,"turns":2.0},{"damage":12.0,"enemies":"Masked Bandits","floor":20.0,"turns":3.0},{"damage":38.0,"enemies":"Book of Stabbing","floor":24.0,"turns":5.0},{"damage":1.0,"enemies":"Chosen","floor":25.0,"turns":3.0},{"damage":31.0,"enemies":"Slavers","floor":27.0,"turns":5.0},{"damage":9.0,"enemies":"Centurion and Healer","floor":31.0,"turns":5.0},{"damage":68.0,"enemies":"Collector","floor":33.0,"turns":10.0},{"damage":2.0,"enemies":"Orb Walker","floor":35.0,"turns":4.0},{"damage":32.0,"enemies":"3 Darklings","floor":36.0,"turns":5.0},{"damage":17.0,"enemies":"Mind Bloom Boss Battle","floor":37.0,"turns":4.0},{"damage":24.0,"enemies":"Nemesis","floor":40.0,"turns":7.0},{"damage":22,"enemies":"4 Shapes","floor":41,"turns":14},{"damage":16,"enemies":"Transient","floor":46,"turns":5},{"damage":90,"enemies":"Time Eater","floor":50,"turns":11}],"seed_played":"1431227384914498513","potions_obtained":[{"floor":3.0,"key":"Fruit Juice"},{"floor":10.0,"key":"LiquidBronze"},{"floor":16.0,"key":"BloodPotion"}],"is_trial":false,"path_per_floor":["M","?","M","?","?","R","E","R","T","E","T","R","M","$","R","B",null,"M","?","?","?","?","R","E","M","T","E","$","T","R","M","R","B",null,"M","M","?","$","?","E","M","R","T","R","?","M","?","$","R","B"],"character_chosen":"IRONCLAD","items_purchased":["Shuriken","Metallicize+1","True Grit","Shrug It Off","Rupture+1","Rage"],"campfire_rested":5,"item_purchase_floors":[14,28,28,38,48,48],"current_hp_per_floor":[73,66,70,59,59,64,14,39,39,14,14,39,45,45,45,50,76,85,85,79,63,63,63,31,36,36,11,11,11,51,48,85,23,70,74,48,51,51,51,33,17,61,61,61,49,39,87,87,87,0],"gold":42,"neow_bonus":"UPGRADE_CARD","is_prod":false,"is_daily":false,"chose_seed":false,"campfire_upgraded":5,"win_rate":0,"timestamp":1554062685,"path_taken":["M","?","M","?","?","R","E","R","T","E","?","R","?","$","R","BOSS","M","?","?","?","?","R","E","?","T","E","$","?","R","M","R","BOSS","M","M","?","$","?","E","M","R","T","R","?","M","?","?","R","BOSS"],"build_version":"2019-01-23","purchased_purges":3,"victory":false,"max_hp_per_floor":[80,80,80,80,80,85,85,85,85,85,85,85,85,85,85,85,85,85,85,85,85,85,85,85,85,85,85,85,85,85,85,85,85,85,85,85,99,99,99,99,99,99,99,99,99,99,87,87,87,87],"card_choices":[{"not_picked":["Clothesline","Warcry"],"picked":"Sword Boomerang","floor":1.0},{"not_picked":["Corruption","Combust"],"picked":"Sword Boomerang","floor":3.0},{"not_picked":["Uppercut","Corruption","Headbutt"],"picked":"SKIP","floor":7.0},{"not_picked":["Sever Soul","Warcry"],"picked":"Headbutt","floor":10.0},{"not_picked":["Wild Strike","True Grit"],"picked":"Iron Wave","floor":13.0},{"not_picked":["Bludgeon","Fiend Fire"],"picked":"Double Tap","floor":16.0},{"not_picked":["Anger","Twin Strike+1","Flex"],"picked":"SKIP","floor":18.0},{"not_picked":["Pommel Strike","Clothesline"],"picked":"Flame Barrier","floor":20.0},{"not_picked":["Flex","Havoc+1"],"picked":"Armaments+1","floor":24.0},{"not_picked":["Power Through","Anger+1","Carnage+1"],"picked":"SKIP","floor":25.0},{"not_picked":["Thunderclap+1","Ghostly Armor"],"picked":"Whirlwind+1","floor":27.0},{"not_picked":["Sword Boomerang+1","Clothesline+1"],"picked":"Armaments+1","floor":31.0},{"not_picked":["Impervious","Bludgeon+1"],"picked":"Double Tap","floor":33.0},{"not_picked":["Anger+1"],"picked":"SKIP","floor":35.0},{"not_picked":["Armaments+1"],"picked":"SKIP","floor":36.0},{"not_picked":[],"picked":"Pummel+1","floor":37.0},{"not_picked":["True Grit"],"picked":"SKIP","floor":40.0},{"not_picked":["Clash+1"],"picked":"SKIP","floor":41},{"not_picked":[],"picked":"Entrench+1","floor":46}],"player_experience":119383,"relics_obtained":[{"floor":7.0,"key":"Blue Candle"},{"floor":9.0,"key":"Bronze Scales"},{"floor":10.0,"key":"Anchor"},{"floor":11.0,"key":"Pen Nib"},{"floor":20.0,"key":"Red Mask"},{"floor":24.0,"key":"Regal Pillow"},{"floor":26.0,"key":"Frozen Egg 2"},{"floor":27.0,"key":"Paper Frog"},{"floor":29.0,"key":"Incense Burner"},{"floor":37.0,"key":"Mango"},{"floor":40.0,"key":"Oddly Smooth Stone"},{"floor":43,"key":"Red Skull"}],"event_choices":[{"cards_removed":["Strike_R"],"damage_healed":0.0,"max_hp_gain":0.0,"max_hp_loss":0.0,"gold_gain":0.0,"event_name":"Golden Wing","player_choice":"Card Removal","floor":2.0,"gold_loss":0.0,"damage_taken":7.0},{"damage_healed":0.0,"max_hp_gain":0.0,"max_hp_loss":0.0,"gold_gain":75.0,"event_name":"World of Goop","player_choice":"Gather Gold","floor":4.0,"gold_loss":0.0,"damage_taken":11.0},{"damage_healed":0.0,"max_hp_gain":0.0,"max_hp_loss":0.0,"gold_gain":0.0,"event_name":"Big Fish","player_choice":"Box","floor":5.0,"gold_loss":0.0,"damage_taken":0.0,"relics_obtained":["Happy Flower"],"cards_obtained":["Regret"]},{"damage_healed":0.0,"max_hp_gain":0.0,"max_hp_loss":0.0,"gold_gain":0.0,"event_name":"Vampires","player_choice":"Ignored","floor":19.0,"gold_loss":0.0,"damage_taken":0.0},{"damage_healed":0.0,"max_hp_gain":0.0,"max_hp_loss":0.0,"gold_gain":0.0,"event_name":"Masked Bandits","player_choice":"Fought Bandits","floor":20.0,"gold_loss":0.0,"damage_taken":0.0},{"damage_healed":0.0,"max_hp_gain":0.0,"max_hp_loss":0.0,"gold_gain":0.0,"event_name":"Cursed Tome","player_choice":"Obtained Book","floor":21.0,"gold_loss":0.0,"damage_taken":16.0},{"damage_healed":0.0,"max_hp_gain":0.0,"max_hp_loss":0.0,"gold_gain":0.0,"event_name":"The Mausoleum","player_choice":"Opened","floor":22.0,"gold_loss":0.0,"damage_taken":0.0,"relics_obtained":["Molten Egg 2"],"cards_obtained":["Writhe"]},{"damage_healed":0.0,"max_hp_gain":0.0,"max_hp_loss":0.0,"gold_gain":0.0,"event_name":"MindBloom","player_choice":"Fight","floor":37.0,"gold_loss":0.0,"damage_taken":0.0},{"cards_removed":["Strike_R"],"damage_healed":0.0,"max_hp_gain":0.0,"max_hp_loss":0.0,"gold_gain":0.0,"event_name":"Falling","player_choice":"Removed Attack","floor":39.0,"gold_loss":0.0,"damage_taken":0.0},{"damage_healed":0,"gold_gain":0,"player_choice":"Embrace Madness","damage_taken":12,"max_hp_gain":0,"max_hp_loss":0,"event_name":"Winding Halls","floor":45,"gold_loss":0,"cards_obtained":["Madness","Madness"]},{"damage_healed":87,"gold_gain":0,"player_choice":"Heal","damage_taken":0,"max_hp_gain":0,"max_hp_loss":12,"event_name":"The Moai Head","floor":47,"gold_loss":0}],"is_beta":false,"boss_relics":[{"not_picked":["Calling Bell","Ectoplasm"],"picked":"Sozu"},{"not_picked":["Orrery","Pandora\u0027s Box"],"picked":"Busted Crown"}],"items_purged_floors":[14,28,38],"is_endless":false,"potions_floor_spawned":[3,10,16,18,25,27,31,36,37],"killed_by":"Time Eater","ascension_level":8}