{"gold_per_floor":[118,135,146,160,160,193,193,220,220,78,112,112,130,142,142,239,239,253,283,198,6,23,23,56,56,79,79,94,19,45,57,57,157,157,172,192,207,218,318,345,345,356,408,318,333,343,343,357,357,357,357,357,1,36,36],"floor_reached":55,"playtime":6190,"items_purged":["Parasite"],"score":1153,"play_id":"5d41a04b-6dce-451f-a09b-9b46fee136bb","local_time":"20190513010512","is_ascension_mode":true,"campfire_choices":[{"floor":7,"key":"REST"},{"floor":15,"key":"REST"},{"data":"Chaos","floor":23,"key":"SMITH"},{"floor":25,"key":"REST"},{"floor":32,"key":"REST"},{"floor":41,"key":"RECALL"},{"floor":47,"key":"REST"},{"floor":49,"key":"REST"},{"data":"Blizzard","floor":52,"key":"SMITH"}],"neow_cost":"NONE","seed_source_timestamp":4698797852147534,"circlet_count":0,"master_deck":["Strike_B+1","Strike_B+1","Strike_B","Defend_B+1","Defend_B","Defend_B","Defend_B","Zap","Dualcast","Double Energy+1","Cold Snap","All For One","Leap","Chaos+1","Force Field","FTL","Beam Cell","Coolheaded","Skim","Darkness+1","Sunder","Echo Form","Turbo+1","Capacitor","FTL","Ball Lightning+1","Blizzard+1","Fusion+1","Conserve Battery","Creative AI","Biased Cognition","Go for the Eyes","Reinforced Body+1","Tempest+1","Go for the Eyes+1","Glacier","Coolheaded+1","Apotheosis","Finesse","Undo+1"],"relics":["FrozenCore","War Paint","DataDisk","Cables","Matryoshka","Pen Nib","Sozu","Red Mask","Ancient Tea Set","Oddly Smooth Stone","Pear","Singing Bowl","Strawberry","Dead Branch","Du-Vu Doll","Pantograph","Happy Flower","Blood Vial"],"potions_floor_usage":[11,18,38,50],"damage_taken":[{"damage":8,"enemies":"Jaw Worm","floor":1,"turns":4},{"damage":0,"enemies":"Small Slimes","floor":2,"turns":3},{"damage":1,"enemies":"2 Louse","floor":3,"turns":3},{"damage":5,"enemies":"2 Fungi Beasts","floor":4,"turns":5},{"damage":31,"enemies":"Gremlin Nob","floor":6,"turns":6},{"damage":2,"enemies":"Lagavulin","floor":8,"turns":6},{"damage":7,"enemies":"Gremlin Nob","floor":11,"turns":3},{"damage":0,"enemies":"Large Slime","floor":13,"turns":4},{"damage":8,"enemies":"3 Louse","floor":14,"turns":3},{"damage":5,"enemies":"Slime Boss","floor":16,"turns":7},{"damage":1,"enemies":"3 Byrds","floor":18,"turns":2},{"damage":12,"enemies":"Masked Bandits","floor":19,"turns":4},{"damage":8,"enemies":"Shell Parasite","floor":22,"turns":5},{"damage":8,"enemies":"Book of Stabbing","floor":24,"turns":4},{"damage":4,"enemies":"Shelled Parasite and Fungi","floor":28,"turns":5},{"damage":13,"enemies":"Slavers","floor":30,"turns":5},{"damage":8,"enemies":"3 Cultists","floor":31,"turns":4},{"damage":0,"enemies":"Automaton","floor":33,"turns":9},{"damage":9,"enemies":"3 Darklings","floor":35,"turns":4},{"damage":1,"enemies":"Orb Walker","floor":36,"turns":4},{"damage":15,"enemies":"Maw","floor":37,"turns":7},{"damage":21,"enemies":"Transient","floor":38,"turns":5},{"damage":0,"enemies":"Mind Bloom Boss Battle","floor":39,"turns":5},{"damage":4,"enemies":"Giant Head","floor":40,"turns":9},{"damage":31,"enemies":"Writhing Mass","floor":42,"turns":4},{"damage":11,"enemies":"Spire Growth","floor":45,"turns":6},{"damage":6,"enemies":"4 Shapes","floor":46,"turns":5},{"damage":3,"enemies":"Writhing Mass","floor":48,"turns":8},{"damage":57,"enemies":"Donu and Deca","floor":50,"turns":12},{"damage":45,"enemies":"Shield and Spear","floor":54,"turns":8},{"damage":75,"enemies":"The Heart","floor":55,"turns":5}],"seed_played":"5844118453071771591","potions_obtained":[{"floor":1,"key":"Ancient Potion"},{"floor":4,"key":"LiquidBronze"},{"floor":6,"key":"AttackPotion"},{"floor":8,"key":"PowerPotion"},{"floor":13,"key":"Swift Potion"}],"is_trial":false,"path_per_floor":["?","?","?","?","?","?","?","?"],"character_chosen":"DEFECT","items_purchased":["FTL","Beam Cell","Coolheaded","FTL","Oddly Smooth Stone","Apotheosis","Finesse"],"campfire_rested":6,"item_purchase_floors":[10,10,10,21,21,53,53],"current_hp_per_floor":[67,67,66,61,58,27,51,49,49,49,42,26,26,18,42,37,71,70,58,58,58,50,50,52,79,86,86,82,82,69,61,90,90,97,88,89,74,55,55,51,51,20,20,20,11,7,38,35,66,34,87,87,87,42,0],"gold":36,"neow_bonus":"TEN_PERCENT_HP_BONUS","is_prod":false,"is_daily":false,"chose_seed":false,"campfire_upgraded":2,"win_rate":0,"timestamp":1557723912,"path_taken":["M","M","M","M","?","E","R","E","T","$","E","?","M","M","R","BOSS","M","?","?","$","M","R","E","R","T","?","M","?","E","M","R","BOSS","M","M","M","M","?","E","R","M","T","?","M","M","R","M","R","BOSS","R","$","E","BOSS"],"build_version":"2019-01-23","purchased_purges":1,"victory":false,"max_hp_per_floor":[82,82,82,82,82,82,82,82,82,82,82,82,82,82,82,82,82,82,82,82,82,82,82,92,92,99,99,99,99,99,99,99,99,99,99,101,101,103,103,103,103,103,103,100,102,104,104,104,104,104,104,104,101,101,101],"card_choices":[{"not_picked":["Leap","Storm"],"picked":"Double Energy","floor":1},{"not_picked":["Streamline","Ball Lightning"],"picked":"Cold Snap","floor":2},{"not_picked":["Streamline","Rebound"],"picked":"All For One","floor":3},{"not_picked":["Rebound","Meteor Strike"],"picked":"Leap","floor":4},{"not_picked":["Genetic Algorithm","Steam"],"picked":"Chaos","floor":6},{"not_picked":["Heatsinks","Sweeping Beam"],"picked":"Force Field","floor":8},{"not_picked":["Steam Power","Streamline"],"picked":"Skim","floor":11},{"not_picked":["Compile Driver","Rebound"],"picked":"Darkness","floor":13},{"not_picked":["Compile Driver","Skim"],"picked":"Sunder","floor":14},{"not_picked":["Meteor Strike","Hyperbeam"],"picked":"Echo Form","floor":16},{"not_picked":["Sweeping Beam","Cold Snap"],"picked":"Turbo+1","floor":18},{"not_picked":["Ball Lightning+1","Compile Driver"],"picked":"Capacitor","floor":19},{"not_picked":["Hologram","Skim"],"picked":"Ball Lightning+1","floor":22},{"not_picked":["Ball Lightning+1","Hologram"],"picked":"Blizzard","floor":24},{"not_picked":["Double Energy","Coolheaded"],"picked":"Fusion+1","floor":28},{"not_picked":["Sweeping Beam+1","Auto Shields"],"picked":"Conserve Battery","floor":30},{"not_picked":["Fusion","Redo+1"],"picked":"Creative AI","floor":31},{"not_picked":["Fission","Rainbow"],"picked":"Biased Cognition","floor":33},{"not_picked":["Turbo+1","Darkness+1"],"picked":"Go for the Eyes","floor":35},{"not_picked":["Compile Driver","Sweeping Beam+1","Scrape"],"picked":"Singing Bowl","floor":36},{"not_picked":["Stack+1","Compile Driver+1"],"picked":"Reinforced Body+1","floor":37},{"not_picked":["Reprogram+1","Leap","Compile Driver"],"picked":"Singing Bowl","floor":38},{"not_picked":["BootSequence+1","Cold Snap+1"],"picked":"Tempest+1","floor":39},{"not_picked":["Lockon","BootSequence"],"picked":"Go for the Eyes+1","floor":40},{"not_picked":["Capacitor+1","Leap"],"picked":"Glacier","floor":42},{"not_picked":["Hologram","Auto Shields","Redo"],"picked":"Singing Bowl","floor":45},{"not_picked":["Hello World+1","Storm","Cold Snap"],"picked":"Singing Bowl","floor":46},{"not_picked":["Compile Driver+1","Undo"],"picked":"Coolheaded+1","floor":48},{"not_picked":["Hyperbeam","Conserve Battery+1"],"picked":"Undo+1","floor":54}],"player_experience":434795,"relics_obtained":[{"floor":6,"key":"DataDisk"},{"floor":8,"key":"Cables"},{"floor":9,"key":"Matryoshka"},{"floor":11,"key":"Pen Nib"},{"floor":19,"key":"Red Mask"},{"floor":24,"key":"Pear"},{"floor":26,"key":"Singing Bowl"},{"floor":26,"key":"Strawberry"},{"floor":30,"key":"Dead Branch"},{"floor":39,"key":"Du-Vu Doll"},{"floor":40,"key":"Pantograph"},{"floor":43,"key":"Happy Flower"},{"floor":54,"key":"Blood Vial"}],"event_choices":[{"damage_healed":0,"gold_gain":0,"player_choice":"Success","damage_taken":3,"relics_obtained":["War Paint"],"max_hp_gain":0,"max_hp_loss":0,"event_name":"Scrap Ooze","floor":5,"gold_loss":0},{"damage_healed":0,"gold_gain":0,"player_choice":"Entered Light","damage_taken":16,"max_hp_gain":0,"max_hp_loss":0,"event_name":"Shining Light","floor":12,"gold_loss":0,"cards_upgraded":["Strike_B","Strike_B"]},{"damage_healed":0,"gold_gain":0,"player_choice":"Fought Bandits","damage_taken":0,"max_hp_gain":0,"max_hp_loss":0,"event_name":"Masked Bandits","floor":19,"gold_loss":0},{"damage_healed":0,"gold_gain":0,"player_choice":"Obtained Relic","damage_taken":0,"relics_obtained":["Ancient Tea Set"],"max_hp_gain":0,"max_hp_loss":0,"event_name":"Addict","floor":20,"gold_loss":85},{"damage_healed":0,"gold_gain":0,"player_choice":"Ignored","damage_taken":0,"max_hp_gain":0,"max_hp_loss":0,"event_name":"Vampires","floor":27,"gold_loss":0},{"cards_removed":["Strike_B"],"damage_healed":0,"gold_gain":0,"player_choice":"Gave Gold","damage_taken":0,"max_hp_gain":0,"max_hp_loss":0,"event_name":"Beggar","floor":29,"gold_loss":75},{"damage_healed":0,"gold_gain":0,"player_choice":"Fight","damage_taken":0,"max_hp_gain":0,"max_hp_loss":0,"event_name":"MindBloom","floor":39,"gold_loss":0},{"cards_removed":["Parasite"],"damage_healed":0,"gold_gain":0,"player_choice":"Upgrade and Remove","damage_taken":0,"max_hp_gain":0,"max_hp_loss":0,"event_name":"Designer","floor":44,"gold_loss":90,"cards_upgraded":["Darkness"]}],"is_beta":false,"boss_relics":[{"not_picked":["Busted Crown","Empty Cage"],"picked":"Sozu"},{"not_picked":["Lizard Tail","Snecko Eye"],"picked":"FrozenCore"}],"items_purged_floors":[53],"is_endless":false,"potions_floor_spawned":[1,4,6,8,13,18,19,24,31,35,36,42,46,48],"killed_by":"The Heart","ascension_level":9}