{"gold_per_floor":[118,196,210,210,210,235,235,267,267,267,367,367,542,105,105,182,232,243,243,255,14,114,114,146,146,171,171,171,55,90,15,15,89,89,102,155,155,167,78,78,78,104,104,118,118,146,164,177,177,177],"floor_reached":51,"playtime":1479,"items_purged":["Doubt","Strike_G","Defend_G"],"score":1252,"play_id":"84f34d85-fbda-4a31-8573-7372026f7035","local_time":"20190531161703","is_ascension_mode":true,"campfire_choices":[{"data":"Catalyst","floor":7,"key":"SMITH"},{"floor":10,"key":"REST"},{"data":"Malaise","floor":15,"key":"SMITH"},{"data":"Deadly Poison","floor":23,"key":"SMITH"},{"floor":25,"key":"REST"},{"data":"Bite","floor":32,"key":"SMITH"},{"data":"Bite","floor":40,"key":"SMITH"},{"data":"Bite","floor":45,"key":"SMITH"},{"data":"Bite","floor":49,"key":"SMITH"}],"neow_cost":"NONE","seed_source_timestamp":363173118816985,"circlet_count":0,"master_deck":["AscendersBane","Defend_G","Defend_G+1","Defend_G","Survivor","Neutralize+1","Deadly Poison+1","Catalyst+1","Malaise+1","Noxious Fumes+1","Poisoned Stab","Bite+1","Bite+1","Bite+1","Bite+1","Footwork+1","Adrenaline","Crippling Poison"],"relics":["Ring of the Snake","Frozen Egg 2","Bronze Scales","PreservedInsect","Juzu Bracelet","Ornamental Fan","Ancient Tea Set","Membership Card","Strawberry","Gremlin Horn","Tiny House","Pear","Singing Bowl","Lantern","Snake Skull","Potion Belt","Busted Crown","Ginger","Orichalcum","Art of War","Bag of Preparation"],"potions_floor_usage":[16,20,24,24,36,36,36,46,47,50],"damage_taken":[{"damage":2,"enemies":"Cultist","floor":1,"turns":4},{"damage":0,"enemies":"Small Slimes","floor":3,"turns":3},{"damage":20,"enemies":"Gremlin Nob","floor":6,"turns":4},{"damage":12,"enemies":"Lagavulin","floor":8,"turns":5},{"damage":9,"enemies":"The Guardian","floor":16,"turns":11},{"damage":0,"enemies":"Shell Parasite","floor":18,"turns":7},{"damage":34,"enemies":"Spheric Guardian","floor":20,"turns":6},{"damage":26,"enemies":"Slavers","floor":24,"turns":6},{"damage":5,"enemies":"Gremlin Leader","floor":30,"turns":7},{"damage":50,"enemies":"Automaton","floor":33,"turns":9},{"damage":6,"enemies":"3 Shapes","floor":35,"turns":5},{"damage":42,"enemies":"2 Orb Walkers","floor":36,"turns":5},{"damage":18,"enemies":"3 Darklings","floor":38,"turns":6},{"damage":0,"enemies":"Maw","floor":44,"turns":5},{"damage":11,"enemies":"Nemesis","floor":46,"turns":7},{"damage":5,"enemies":"Writhing Mass","floor":47,"turns":6},{"damage":18,"enemies":"Jaw Worm Horde","floor":48,"turns":5},{"damage":67,"enemies":"Awakened One","floor":50,"turns":18}],"seed_played":"7351101875351506824","potions_obtained":[{"floor":6,"key":"Block Potion"},{"floor":8,"key":"Strength Potion"},{"floor":16,"key":"Strength Potion"},{"floor":17,"key":"AttackPotion"},{"floor":30,"key":"Dexterity Potion"},{"floor":33,"key":"FearPotion"},{"floor":35,"key":"Regen Potion"},{"floor":44,"key":"GhostInAJar"},{"floor":46,"key":"GamblersBrew"},{"floor":48,"key":"Weak Potion"}],"is_trial":false,"path_per_floor":["M","T","M","?","?","E","R","E","T","R","?","?","?","$","R","B",null,"M","?","M","$","?","R","E","R","T","?","?","$","E","?","R","B",null,"M","?","?","M","$","R","?","T","T","M","R","E","M","M","R","B",null],"character_chosen":"THE_SILENT","items_purchased":["Membership Card","Strawberry","Gremlin Horn","Noxious Fumes+1","Regen Potion","Pear","Snake Skull","Footwork+1","Block Potion"],"campfire_rested":2,"item_purchase_floors":[14,14,14,21,21,21,29,29,39],"current_hp_per_floor":[57,57,57,45,45,25,25,13,13,32,32,25,25,32,32,23,66,66,51,17,27,27,27,16,43,43,43,43,43,58,58,58,28,57,60,42,42,41,41,41,41,41,41,63,63,70,71,70,70,73],"gold":177,"neow_bonus":"UPGRADE_CARD","is_prod":false,"is_daily":false,"chose_seed":false,"campfire_upgraded":7,"win_rate":0,"timestamp":1559312223,"path_taken":["M","?","M","?","?","E","R","E","T","R","?","?","?","$","R","BOSS","M","?","M","$","?","R","E","R","T","?","?","$","E","?","R","BOSS","M","?","?","M","$","R","?","?","T","M","R","E","M","M","R","BOSS"],"build_version":"2019-01-23","purchased_purges":3,"victory":true,"max_hp_per_floor":[66,66,66,66,66,66,66,66,66,66,66,66,66,73,73,73,78,78,83,83,93,93,93,93,93,93,65,65,65,67,67,67,67,67,69,69,69,71,71,71,67,67,67,69,69,71,73,75,75,75],"card_choices":[{"not_picked":["Quick Slash","Terror"],"picked":"Deadly Poison","floor":1},{"not_picked":["Blade Dance","Leg Sweep"],"picked":"Catalyst","floor":3},{"not_picked":["Eviscerate","Acrobatics"],"picked":"Escape Plan","floor":6},{"not_picked":["Outmaneuver","Terror"],"picked":"Malaise","floor":8},{"not_picked":["PiercingWail","Prepared","Quick Slash"],"picked":"SKIP","floor":18},{"not_picked":["Flechettes","Reflex","Dodge and Roll"],"picked":"SKIP","floor":20},{"not_picked":["Flying Knee","Distraction"],"picked":"Poisoned Stab","floor":24},{"not_picked":["Grand Finale","Predator","Acrobatics"],"picked":"Singing Bowl","floor":30},{"not_picked":["Grand Finale","Storm of Steel"],"picked":"Adrenaline","floor":33},{"not_picked":["Flechettes"],"picked":"Singing Bowl","floor":35},{"not_picked":[],"picked":"Crippling Poison","floor":36},{"not_picked":["Bane"],"picked":"Singing Bowl","floor":38},{"not_picked":["Poisoned Stab"],"picked":"Singing Bowl","floor":44},{"not_picked":["Outmaneuver"],"picked":"Singing Bowl","floor":46},{"not_picked":["Acrobatics"],"picked":"Singing Bowl","floor":47},{"not_picked":["Underhanded Strike"],"picked":"Singing Bowl","floor":48}],"player_experience":278821,"relics_obtained":[{"floor":2,"key":"Frozen Egg 2"},{"floor":6,"key":"Juzu Bracelet"},{"floor":8,"key":"Ornamental Fan"},{"floor":9,"key":"Ancient Tea Set"},{"floor":24,"key":"Singing Bowl"},{"floor":26,"key":"Lantern"},{"floor":30,"key":"Potion Belt"},{"floor":36,"key":"Ginger"},{"floor":42,"key":"Orichalcum"},{"floor":43,"key":"Art of War"},{"floor":46,"key":"Bag of Preparation"}],"event_choices":[{"damage_healed":0,"gold_gain":0,"player_choice":"Success","damage_taken":12,"relics_obtained":["Bronze Scales"],"max_hp_gain":0,"max_hp_loss":0,"event_name":"Scrap Ooze","floor":4,"gold_loss":0},{"damage_healed":0,"gold_gain":0,"player_choice":"Box","damage_taken":0,"relics_obtained":["PreservedInsect"],"max_hp_gain":0,"max_hp_loss":0,"event_name":"Big Fish","floor":5,"gold_loss":0,"cards_obtained":["Regret"]},{"damage_healed":0,"gold_gain":100,"player_choice":"Pray","damage_taken":0,"max_hp_gain":0,"max_hp_loss":0,"event_name":"Golden Shrine","floor":11,"gold_loss":0},{"cards_removed":["Regret"],"damage_healed":0,"gold_gain":0,"player_choice":"Card Removal","damage_taken":7,"max_hp_gain":0,"max_hp_loss":0,"event_name":"Golden Wing","floor":12,"gold_loss":0},{"damage_healed":0,"gold_gain":175,"player_choice":"AGREE","damage_taken":0,"max_hp_gain":0,"max_hp_loss":0,"event_name":"Liars Game","floor":13,"gold_loss":0,"cards_obtained":["Doubt"]},{"damage_healed":0,"gold_gain":0,"player_choice":"Shed Blood","damage_taken":20,"max_hp_gain":5,"max_hp_loss":0,"event_name":"Forgotten Altar","floor":19,"gold_loss":0},{"damage_healed":0,"gold_gain":100,"player_choice":"Pray","damage_taken":0,"max_hp_gain":0,"max_hp_loss":0,"event_name":"Golden Shrine","floor":22,"gold_loss":0},{"damage_healed":0,"gold_gain":0,"player_choice":"Became a vampire","damage_taken":0,"max_hp_gain":0,"max_hp_loss":28,"event_name":"Vampires","floor":27,"gold_loss":0,"cards_obtained":["Bite","Bite","Bite","Bite","Bite"]},{"cards_removed":["Bite"],"damage_healed":0,"gold_gain":0,"player_choice":"Purged","damage_taken":0,"max_hp_gain":0,"max_hp_loss":0,"event_name":"Purifier","floor":28,"gold_loss":0},{"cards_removed":["Defend_G"],"damage_healed":0,"gold_gain":0,"player_choice":"Gave Gold","damage_taken":0,"max_hp_gain":0,"max_hp_loss":0,"event_name":"Beggar","floor":31,"gold_loss":75},{"damage_healed":0,"gold_gain":0,"player_choice":"Fight","damage_taken":0,"max_hp_gain":0,"max_hp_loss":0,"event_name":"Mysterious Sphere","floor":36,"gold_loss":0},{"cards_removed":["Escape Plan"],"damage_healed":0,"gold_gain":0,"player_choice":"Removed Skill","damage_taken":0,"max_hp_gain":0,"max_hp_loss":0,"event_name":"Falling","floor":37,"gold_loss":0},{"damage_healed":0,"gold_gain":0,"player_choice":"Max HP","damage_taken":0,"max_hp_gain":0,"max_hp_loss":4,"event_name":"Winding Halls","floor":41,"gold_loss":0}],"is_beta":false,"boss_relics":[{"not_picked":["HoveringKite","Lizard Tail"],"picked":"Tiny House"},{"not_picked":["Pandora\u0027s Box","White Beast Statue"],"picked":"Busted Crown"}],"items_purged_floors":[14,21,39],"is_endless":false,"potions_floor_spawned":[6,8,16,30,33,35,44,46,48],"ascension_level":14}