{"gold_per_floor":[116,116,41,58,72,103,278,278,360,360],"floor_reached":10,"playtime":649,"items_purged":[],"score":73,"play_id":"eb171066-c0c5-4316-b984-0684a69ba87a","local_time":"20181120222902","is_ascension_mode":true,"campfire_choices":[{"floor":8,"key":"REST"}],"neow_cost":"NONE","seed_source_timestamp":547532206715177,"circlet_count":0,"master_deck":["Defend_G","Defend_G","Defend_G","Defend_G","Defend_G","Strike_G","Strike_G+1","Strike_G","Strike_G+1","Strike_G","Survivor","Neutralize","Wraith Form v2","Acrobatics","Escape Plan","PiercingWail","PiercingWail","Cloak And Dagger","Doubt"],"relics":["Ring of the Snake","Boot","The Courier"],"potions_floor_usage":[6],"damage_taken":[{"damage":5,"enemies":"Jaw Worm","floor":1,"turns":6},{"damage":1,"enemies":"Small Slimes","floor":4,"turns":5},{"damage":0,"enemies":"2 Louse","floor":5,"turns":2},{"damage":36,"enemies":"Lagavulin","floor":6,"turns":9},{"damage":36,"enemies":"3 Sentries","floor":10,"turns":6}],"seed_played":"-3589038261396134593","potions_obtained":[{"floor":5,"key":"Fire Potion"},{"floor":6,"key":"Dexterity Potion"}],"is_trial":false,"path_per_floor":["M","?","$","M","M","E","?","R","T","E"],"character_chosen":"THE_SILENT","items_purchased":["Escape Plan"],"campfire_rested":1,"item_purchase_floors":[3],"current_hp_per_floor":[65,51,51,50,50,14,14,35,35,0],"gold":360,"neow_bonus":"ONE_RANDOM_RARE_CARD","is_prod":false,"is_daily":false,"chose_seed":false,"campfire_upgraded":0,"win_rate":0,"timestamp":1542770942,"path_taken":["M","?","$","M","M","E","?","R","T","E"],"build_version":"2018-11-15","purchased_purges":0,"victory":false,"max_hp_per_floor":[70,70,70,70,70,70,70,70,70,70],"card_choices":[{"not_picked":["Heel Hook","Bane"],"picked":"Acrobatics","floor":1},{"not_picked":["Escape Plan","Deflect"],"picked":"PiercingWail","floor":4},{"not_picked":["Blade Dance","Dagger Spray"],"picked":"PiercingWail","floor":5},{"not_picked":["Prepared","Sucker Punch"],"picked":"Cloak And Dagger","floor":6}],"player_experience":120069,"relics_obtained":[{"floor":6,"key":"Boot"},{"floor":9,"key":"The Courier"}],"event_choices":[{"damage_healed":0,"gold_gain":0,"player_choice":"Entered Light","damage_taken":14,"max_hp_gain":0,"max_hp_loss":0,"event_name":"Shining Light","floor":2,"gold_loss":0,"cards_upgraded":["Strike_G","Strike_G"]},{"damage_healed":0,"gold_gain":175,"player_choice":"AGREE","damage_taken":0,"max_hp_gain":0,"max_hp_loss":0,"event_name":"Liars Game","floor":7,"gold_loss":0,"cards_obtained":["Doubt"]}],"is_beta":false,"boss_relics":[],"items_purged_floors":[],"is_endless":false,"potions_floor_spawned":[5,6],"killed_by":"3 Sentries","ascension_level":2}