{"gold_per_floor":[113,129,129,54,67,67,67,79,154,154,173,187,87,113,113,212,212,230,244,119,119,119,119,131,131,156,156,156,170,189,189,189,293,293,303,318,318,318,168,168,182,182,182,202,202,228,228,228,228,228],"floor_reached":51,"playtime":1335,"items_purged":["Strike_B","Strike_B+1","Defend_B","Melter"],"score":825,"play_id":"59a00830-93a3-4f3f-aeed-5676876d1805","local_time":"20190202075520","is_ascension_mode":false,"campfire_choices":[{"data":"Streamline","floor":6.0,"key":"SMITH"},{"floor":15.0,"key":"REST"},{"data":"Coolheaded","floor":23.0,"key":"SMITH"},{"floor":28.0,"key":"REST"},{"floor":32.0,"key":"REST"},{"floor":40.0,"key":"REST"},{"floor":42.0,"key":"REST"},{"floor":45.0,"key":"REST"},{"data":"Dualcast","floor":49.0,"key":"SMITH"}],"neow_cost":"TEN_PERCENT_HP_LOSS","seed_source_timestamp":370944491657382,"circlet_count":0,"master_deck":["Defend_B","Dualcast+1","Streamline+1","Coolheaded+1","Gash","Echo Form+1"],"special_seed":0,"relics":["Cracked Core","Strawberry","Frozen Egg 2","Sundial","Busted Crown","Centennial Puzzle","Unceasing Top","Boot","Inserter","Darkstone Periapt","Turnip"],"potions_floor_usage":[50],"damage_taken":[{"damage":1.0,"enemies":"Jaw Worm","floor":1.0,"turns":3.0},{"damage":0.0,"enemies":"2 Louse","floor":2.0,"turns":3.0},{"damage":0.0,"enemies":"Cultist","floor":5.0,"turns":3.0},{"damage":6.0,"enemies":"Exordium Wildlife","floor":8.0,"turns":3.0},{"damage":5.0,"enemies":"Blue Slaver","floor":11.0,"turns":4.0},{"damage":11.0,"enemies":"Large Slime","floor":12.0,"turns":4.0},{"damage":6.0,"enemies":"Gremlin Nob","floor":14.0,"turns":3.0},{"damage":15.0,"enemies":"Slime Boss","floor":16.0,"turns":9.0},{"damage":8.0,"enemies":"Shell Parasite","floor":18.0,"turns":6.0},{"damage":8.0,"enemies":"Chosen","floor":19.0,"turns":6.0},{"damage":17.0,"enemies":"Snake Plant","floor":24.0,"turns":3.0},{"damage":13.0,"enemies":"Chosen and Byrds","floor":29.0,"turns":5.0},{"damage":4.0,"enemies":"Snecko","floor":30.0,"turns":4.0},{"damage":21.0,"enemies":"Champ","floor":33.0,"turns":7.0},{"damage":25.0,"enemies":"Orb Walker","floor":35.0,"turns":4.0},{"damage":27.0,"enemies":"3 Darklings","floor":36.0,"turns":4.0},{"damage":25.0,"enemies":"Jaw Worm Horde","floor":41.0,"turns":3.0},{"damage":15.0,"enemies":"Spire Growth","floor":44.0,"turns":5.0},{"damage":11.0,"enemies":"Giant Head","floor":46.0,"turns":6.0},{"damage":16,"enemies":"Awakened One","floor":50,"turns":6}],"seed_played":"-8501632726118332323","potions_obtained":[{"floor":8.0,"key":"Strength Potion"},{"floor":11.0,"key":"LiquidBronze"},{"floor":12.0,"key":"GamblersBrew"},{"floor":16.0,"key":"Dexterity Potion"},{"floor":19.0,"key":"PowerPotion"},{"floor":29.0,"key":"Energy Potion"},{"floor":36.0,"key":"Fire Potion"},{"floor":41.0,"key":"PowerPotion"},{"floor":46.0,"key":"FocusPotion"}],"is_trial":false,"path_per_floor":["M","M","?","$","M","R","?","M","T","?","M","M","$","E","R","B",null,"M","M","$","?","?","R","M","?","T","T","R","M","M","T","R","B",null,"M","M","?","?","$","R","M","R","T","M","R","E","?","?","R","B",null],"character_chosen":"DEFECT","items_purchased":[],"campfire_rested":6,"item_purchase_floors":[],"current_hp_per_floor":[67,67,53,53,53,53,48,42,42,35,30,19,19,13,35,20,75,67,59,59,59,45,45,28,28,28,28,52,39,35,35,59,38,80,55,28,28,28,28,52,27,51,51,36,60,49,49,49,49,33],"gold":228,"neow_bonus":"TRANSFORM_TWO_CARDS","is_prod":false,"is_daily":false,"chose_seed":false,"campfire_upgraded":3,"win_rate":0,"timestamp":1549090520,"path_taken":["M","M","?","$","M","R","?","M","T","?","M","?","$","E","R","BOSS","M","?","$","?","?","R","M","?","T","?","R","M","M","?","R","BOSS","M","M","?","?","$","R","M","R","T","?","R","E","?","?","R","BOSS"],"build_version":"2019-01-23","purchased_purges":4,"victory":true,"max_hp_per_floor":[68,68,68,68,68,68,75,75,75,75,75,75,75,75,75,75,75,75,75,75,75,80,80,80,80,80,80,80,80,80,80,80,80,80,80,80,80,80,80,80,80,80,80,80,80,80,80,76,76,76],"card_choices":[{"not_picked":["Barrage","Cold Snap"],"picked":"Coolheaded","floor":1.0},{"not_picked":["Cold Snap","Hologram","Turbo"],"picked":"SKIP","floor":2.0},{"not_picked":["Redo","Scrape","Compile Driver"],"picked":"SKIP","floor":5.0},{"not_picked":["Rainbow","Ball Lightning","Rebound"],"picked":"SKIP","floor":8.0},{"not_picked":["Cold Snap","Rebound","Conserve Battery"],"picked":"SKIP","floor":11.0},{"not_picked":["Cold Snap","Compile Driver"],"picked":"Gash","floor":12.0},{"not_picked":["Sweeping Beam","Stack"],"picked":"Echo Form+1","floor":14.0},{"not_picked":["Go for the Eyes"],"picked":"SKIP","floor":18.0},{"not_picked":["Sweeping Beam"],"picked":"SKIP","floor":19.0},{"not_picked":["Steam"],"picked":"SKIP","floor":24.0},{"not_picked":["Capacitor+1"],"picked":"SKIP","floor":29.0},{"not_picked":["Chaos"],"picked":"SKIP","floor":30.0},{"not_picked":["Gash+1"],"picked":"SKIP","floor":35.0},{"not_picked":["Cold Snap+1"],"picked":"SKIP","floor":36.0},{"not_picked":["Cold Snap+1"],"picked":"SKIP","floor":41.0},{"not_picked":["Streamline"],"picked":"SKIP","floor":44.0},{"not_picked":["White Noise+1"],"picked":"SKIP","floor":46.0}],"player_experience":61367,"relics_obtained":[{"floor":9.0,"key":"Frozen Egg 2"},{"floor":14.0,"key":"Sundial"},{"floor":26.0,"key":"Centennial Puzzle"},{"floor":27.0,"key":"Unceasing Top"},{"floor":31.0,"key":"Boot"},{"floor":43.0,"key":"Darkstone Periapt"},{"floor":46.0,"key":"Turnip"}],"event_choices":[{"damage_healed":0.0,"max_hp_gain":0.0,"max_hp_loss":0.0,"gold_gain":0.0,"event_name":"Shining Light","player_choice":"Entered Light","floor":3.0,"gold_loss":0.0,"damage_taken":14.0,"cards_upgraded":["Strike_B","Zap"]},{"damage_healed":0.0,"max_hp_gain":0.0,"max_hp_loss":0.0,"gold_gain":0.0,"event_name":"Scrap Ooze","player_choice":"Success","floor":7.0,"gold_loss":0.0,"damage_taken":12.0,"relics_obtained":["Strawberry"]},{"cards_removed":["Strike_B"],"damage_healed":0.0,"max_hp_gain":0.0,"max_hp_loss":0.0,"gold_gain":0.0,"event_name":"Golden Wing","player_choice":"Card Removal","floor":10.0,"gold_loss":0.0,"damage_taken":7.0},{"damage_healed":0.0,"max_hp_gain":0.0,"max_hp_loss":0.0,"gold_gain":0.0,"cards_transformed":["Zap","Defend_B"],"event_name":"Drug Dealer","player_choice":"Became Test Subject","floor":21.0,"gold_loss":0.0,"damage_taken":0.0,"cards_obtained":["Reprogram","Melter"]},{"damage_healed":0.0,"max_hp_gain":5.0,"max_hp_loss":0.0,"gold_gain":0.0,"event_name":"Forgotten Altar","player_choice":"Shed Blood","floor":22.0,"gold_loss":0.0,"damage_taken":19.0},{"cards_removed":["Reprogram"],"damage_healed":0.0,"max_hp_gain":0.0,"max_hp_loss":0.0,"gold_gain":0.0,"event_name":"Back to Basics","player_choice":"Elegance","floor":25.0,"gold_loss":0.0,"damage_taken":0.0},{"damage_healed":0.0,"max_hp_gain":0.0,"max_hp_loss":0.0,"gold_gain":0.0,"event_name":"Tomb of Lord Red Mask","player_choice":"Ignored","floor":37.0,"gold_loss":0.0,"damage_taken":0.0},{"damage_healed":0.0,"max_hp_gain":0.0,"max_hp_loss":0.0,"gold_gain":0.0,"event_name":"Match and Keep!","player_choice":"0 cards matched","floor":38.0,"gold_loss":0.0,"damage_taken":0.0,"cards_obtained":[]},{"cards_removed":["Capacitor"],"damage_healed":0.0,"max_hp_gain":0.0,"max_hp_loss":0.0,"gold_gain":0.0,"event_name":"Falling","player_choice":"Removed Power","floor":47.0,"gold_loss":0.0,"damage_taken":0.0},{"damage_healed":0.0,"max_hp_gain":0.0,"max_hp_loss":4.0,"gold_gain":0.0,"event_name":"Winding Halls","player_choice":"Max HP","floor":48.0,"gold_loss":0.0,"damage_taken":0.0}],"is_beta":false,"boss_relics":[{"not_picked":["Runic Dome","Velvet Choker"],"picked":"Busted Crown"},{"not_picked":["Runic Pyramid","Pandora\u0027s Box"],"picked":"Inserter"}],"items_purged_floors":[4,13,20,39],"is_endless":false,"potions_floor_spawned":[8,11,12,16,19,29,36,41,46],"ascension_level":0}