{"gold_per_floor":[117,42,42,42,53,85,95,95,95,95,112,144,144,160,160,237,237,253,265,265],"floor_reached":20,"playtime":572,"items_purged":["Defend_G"],"score":355,"play_id":"40267cd8-5b74-49e3-acc2-595c73ca3c79","local_time":"20190529161544","is_ascension_mode":true,"campfire_choices":[{"data":"Neutralize","floor":10,"key":"SMITH"},{"data":"Sucker Punch","floor":13,"key":"SMITH"},{"data":"Caltrops","floor":15,"key":"SMITH"}],"neow_cost":"NONE","seed_source_timestamp":191199029989519,"circlet_count":0,"master_deck":["AscendersBane","Defend_G","Defend_G","Defend_G","Defend_G","Strike_G","Strike_G","Strike_G","Strike_G","Strike_G","Survivor","Neutralize","Cloak And Dagger","Neutralize+1","Predator","Caltrops+1","Cloak And Dagger","Deadly Poison","Sucker Punch+1","Blade Dance","A Thousand Cuts"],"relics":["Ring of the Snake","NeowsBlessing","The Courier","Regal Pillow","Singing Bowl","Bird Faced Urn","Sozu"],"potions_floor_usage":[16,18],"damage_taken":[{"damage":0,"enemies":"Small Slimes","floor":1,"turns":1},{"damage":0,"enemies":"Cultist","floor":5,"turns":1},{"damage":0,"enemies":"Gremlin Nob","floor":6,"turns":1},{"damage":1,"enemies":"Jaw Worm","floor":7,"turns":4},{"damage":0,"enemies":"2 Fungi Beasts","floor":11,"turns":4},{"damage":23,"enemies":"3 Sentries","floor":12,"turns":8},{"damage":15,"enemies":"Exordium Wildlife","floor":14,"turns":5},{"damage":18,"enemies":"Hexaghost","floor":16,"turns":10},{"damage":9,"enemies":"3 Byrds","floor":18,"turns":2},{"damage":8,"enemies":"Spheric Guardian","floor":19,"turns":5},{"damage":55,"enemies":"Masked Bandits","floor":20,"turns":3}],"seed_played":"-724897364394739184","potions_obtained":[{"floor":5,"key":"SpeedPotion"},{"floor":6,"key":"EssenceOfSteel"},{"floor":14,"key":"Regen Potion"},{"floor":16,"key":"GamblersBrew"}],"is_trial":false,"path_per_floor":["M","$","?","?","M","E","M","?","T","R","M","E","R","M","R","B",null,"M","M","?"],"character_chosen":"THE_SILENT","items_purchased":[],"campfire_rested":0,"item_purchase_floors":[],"current_hp_per_floor":[59,59,52,52,52,52,51,51,51,51,51,30,30,17,17,16,55,50,48,0],"gold":265,"neow_bonus":"THREE_ENEMY_KILL","is_prod":false,"is_daily":false,"chose_seed":false,"campfire_upgraded":3,"win_rate":0,"timestamp":1559139344,"path_taken":["M","$","?","?","?","E","M","?","T","R","M","E","R","M","R","BOSS","M","?","?"],"build_version":"2019-01-23","purchased_purges":1,"victory":false,"max_hp_per_floor":[66,66,66,66,66,66,66,66,66,66,66,68,68,68,68,68,68,70,72,72],"card_choices":[{"not_picked":["PiercingWail","Backflip"],"picked":"Cloak And Dagger","floor":1},{"not_picked":["Expertise","Escape Plan"],"picked":"Caltrops","floor":5},{"not_picked":["Expertise","Flechettes"],"picked":"Cloak And Dagger","floor":6},{"not_picked":["Flying Knee","Blade Dance"],"picked":"Deadly Poison","floor":7},{"not_picked":["Acrobatics","Tactician"],"picked":"Sucker Punch","floor":11},{"not_picked":["Bane","PiercingWail","Phantasmal Killer"],"picked":"Singing Bowl","floor":12},{"not_picked":["Escape Plan","Reflex"],"picked":"Blade Dance","floor":14},{"not_picked":["Malaise","Wraith Form v2"],"picked":"A Thousand Cuts","floor":16},{"not_picked":["Quick Slash","Bane","Flying Knee"],"picked":"Singing Bowl","floor":18},{"not_picked":["Calculated Gamble","Dagger Throw","Dash"],"picked":"Singing Bowl","floor":19}],"player_experience":272565,"relics_obtained":[{"floor":6,"key":"Regal Pillow"},{"floor":9,"key":"Singing Bowl"},{"floor":12,"key":"Bird Faced Urn"}],"event_choices":[{"damage_healed":0,"gold_gain":0,"player_choice":"Success","damage_taken":7,"relics_obtained":["The Courier"],"max_hp_gain":0,"max_hp_loss":0,"event_name":"Scrap Ooze","floor":3,"gold_loss":0},{"damage_healed":0,"gold_gain":0,"player_choice":"2 cards matched","damage_taken":0,"max_hp_gain":0,"max_hp_loss":0,"event_name":"Match and Keep!","floor":4,"gold_loss":0,"cards_obtained":["Neutralize","Predator"]},{"damage_healed":0,"gold_gain":0,"player_choice":"Bought 0 Potions","damage_taken":0,"max_hp_gain":0,"max_hp_loss":0,"event_name":"The Woman in Blue","floor":8,"gold_loss":0},{"damage_healed":0,"gold_gain":0,"player_choice":"Fought Bandits","damage_taken":0,"max_hp_gain":0,"max_hp_loss":0,"event_name":"Masked Bandits","floor":20,"gold_loss":0}],"is_beta":false,"boss_relics":[{"not_picked":["Velvet Choker","Tiny House"],"picked":"Sozu"}],"items_purged_floors":[2],"is_endless":false,"potions_floor_spawned":[5,6,12,14,16,18],"killed_by":"Masked Bandits","ascension_level":14}