{"gold_per_floor":[119,137,137,149,163,163,193,193,239,239,256,266,266,280,280,380,380,394,394,405,405,415,415],"floor_reached":23,"playtime":918,"items_purged":[],"score":231,"play_id":"a2b12b5e-9f16-490a-aa72-8d2bb9653c70","local_time":"20190130060005","is_ascension_mode":true,"campfire_choices":[{"floor":6.0,"key":"REST"},{"data":"Berserk","floor":8.0,"key":"SMITH"},{"data":"Barricade","floor":10.0,"key":"SMITH"},{"data":"True Grit","floor":15.0,"key":"SMITH"}],"neow_cost":"TEN_PERCENT_HP_LOSS","seed_source_timestamp":105574041235575,"circlet_count":0,"master_deck":["Defend_R","Defend_R","Defend_R","Defend_R","Bash","Berserk+1","Warcry","Flame Barrier","Rage","Sword Boomerang","Barricade+1","True Grit+1","Demon Form","Bludgeon+1","Pummel+1","Body Slam","Enlightenment","Infernal Blade","Body Slam+1"],"special_seed":0,"relics":["Burning Blood","Pear","Bronze Scales","Astrolabe"],"potions_floor_usage":[22,23],"damage_taken":[{"damage":4.0,"enemies":"Cultist","floor":1.0,"turns":3.0},{"damage":12.0,"enemies":"Jaw Worm","floor":2.0,"turns":4.0},{"damage":0.0,"enemies":"Small Slimes","floor":4.0,"turns":5.0},{"damage":59.0,"enemies":"Gremlin Gang","floor":5.0,"turns":5.0},{"damage":0.0,"enemies":"Lagavulin","floor":7.0,"turns":9.0},{"damage":2.0,"enemies":"3 Louse","floor":11.0,"turns":4.0},{"damage":1.0,"enemies":"Lots of Slimes","floor":12.0,"turns":2.0},{"damage":0.0,"enemies":"2 Fungi Beasts","floor":14.0,"turns":4.0},{"damage":25.0,"enemies":"Hexaghost","floor":16.0,"turns":16.0},{"damage":10.0,"enemies":"Chosen","floor":18.0,"turns":4.0},{"damage":19,"enemies":"2 Thieves","floor":20,"turns":4},{"damage":23,"enemies":"3 Cultists","floor":22,"turns":7},{"damage":61,"enemies":"Book of Stabbing","floor":23,"turns":5}],"seed_played":"-3228298254342025254","potions_obtained":[{"floor":5.0,"key":"LiquidBronze"},{"floor":7.0,"key":"Energy Potion"},{"floor":11.0,"key":"BloodPotion"},{"floor":12.0,"key":"Weak Potion"},{"floor":14.0,"key":"Regen Potion"},{"floor":20,"key":"SneckoOil"}],"is_trial":false,"path_per_floor":["M","M","?","M","M","R","E","R","T","R","M","M","?","M","R","B",null,"M","?","M","?","M","E"],"character_chosen":"IRONCLAD","items_purchased":[],"campfire_rested":1,"item_purchase_floors":[],"current_hp_per_floor":[72,66,66,72,19,40,56,56,56,56,60,65,58,72,72,53,82,78,78,65,65,57,0],"gold":415,"neow_bonus":"THREE_RARE_CARDS","is_prod":false,"is_daily":false,"chose_seed":false,"campfire_upgraded":3,"win_rate":0,"timestamp":1548824405,"path_taken":["M","?","?","M","M","R","E","R","T","R","M","?","?","M","R","BOSS","M","?","?","?","M","E"],"build_version":"2019-01-23","purchased_purges":0,"victory":false,"max_hp_per_floor":[72,72,72,72,72,72,82,82,82,82,82,82,82,82,82,82,82,82,82,82,82,82,82],"card_choices":[{"not_picked":["Exhume","Brutality"],"picked":"Berserk","floor":0.0},{"not_picked":["Havoc","Flex"],"picked":"Warcry","floor":1.0},{"not_picked":["Body Slam","Carnage"],"picked":"Flame Barrier","floor":2.0},{"not_picked":["Searing Blow","Ghostly Armor"],"picked":"Sword Boomerang","floor":4.0},{"not_picked":["Clash","Corruption"],"picked":"Barricade","floor":5.0},{"not_picked":["Havoc","Perfected Strike","Warcry"],"picked":"SKIP","floor":7.0},{"not_picked":["Sever Soul","Reckless Charge"],"picked":"True Grit","floor":11.0},{"not_picked":["Havoc","Heavy Blade","Anger"],"picked":"SKIP","floor":12.0},{"not_picked":["Anger","Perfected Strike","Thunderclap"],"picked":"SKIP","floor":14.0},{"not_picked":["Exhume","Double Tap"],"picked":"Demon Form","floor":16.0},{"not_picked":["Clothesline+1","Anger"],"picked":"Body Slam","floor":18.0},{"not_picked":["Sword Boomerang","Cleave","Inflame"],"picked":"SKIP","floor":20},{"not_picked":["Havoc","Shrug It Off"],"picked":"Body Slam+1","floor":22}],"player_experience":37638,"relics_obtained":[{"floor":7.0,"key":"Pear"},{"floor":9.0,"key":"Bronze Scales"}],"event_choices":[{"damage_healed":0.0,"max_hp_gain":0.0,"max_hp_loss":0.0,"gold_gain":0.0,"cards_transformed":["Strike_R"],"event_name":"Transmorgrifier","player_choice":"Transformed","floor":3.0,"gold_loss":0.0,"damage_taken":0.0,"cards_obtained":["Rage"]},{"cards_removed":["Strike_R"],"damage_healed":0.0,"max_hp_gain":0.0,"max_hp_loss":0.0,"gold_gain":0.0,"event_name":"Golden Wing","player_choice":"Card Removal","floor":13.0,"gold_loss":0.0,"damage_taken":7.0},{"damage_healed":0,"gold_gain":0,"player_choice":"1 cards matched","damage_taken":0,"max_hp_gain":0,"max_hp_loss":0,"event_name":"Match and Keep!","floor":19,"gold_loss":0,"cards_obtained":["Enlightenment"]},{"damage_healed":0,"gold_gain":0,"cards_transformed":["Clash"],"player_choice":"Transformed","damage_taken":0,"max_hp_gain":0,"max_hp_loss":0,"event_name":"Transmorgrifier","floor":21,"gold_loss":0,"cards_obtained":["Infernal Blade"]}],"is_beta":false,"boss_relics":[{"not_picked":["Philosopher\u0027s Stone","Coffee Dripper"],"picked":"Astrolabe"}],"items_purged_floors":[],"is_endless":false,"potions_floor_spawned":[5,7,11,12,14,20],"killed_by":"Book of Stabbing","ascension_level":1}