{"gold_per_floor":[16,28,47,47,64,64,97,97,97,108,137,137,192,207,207,280,280,298,298,314,314,314,314,342,342,369,369,388,35,35,70,70,149,149,161,161,177,187,187],"floor_reached":39,"playtime":22255,"items_purged":["Decay"],"score":815,"play_id":"350160a5-824a-44ed-b872-55091075024b","local_time":"20190524003255","is_ascension_mode":true,"campfire_choices":[{"data":"Juggernaut","floor":6,"key":"SMITH"},{"data":"Shockwave","floor":8,"key":"SMITH"},{"floor":15,"key":"REST"},{"floor":23,"key":"REST"},{"data":"Barricade","floor":25,"key":"SMITH"},{"data":"Entrench","floor":30,"key":"SMITH"},{"floor":32,"key":"REST"}],"neow_cost":"NO_GOLD","seed_source_timestamp":393667136642083,"circlet_count":0,"master_deck":["AscendersBane","Strike_R","Strike_R","Strike_R","Strike_R","Strike_R","Defend_R","Defend_R","Defend_R","Defend_R","Bash","Dropkick","Headbutt","Hemokinesis","Juggernaut+1","Shockwave+1","Seeing Red","Infernal Blade","Metallicize","Barricade+1","Armaments+1","Armaments+1","Dropkick","Entrench+1","Shrug It Off","Fiend Fire","Reaper","Apotheosis","Chrysalis","Purity"],"relics":["Burning Blood","Torii","Orichalcum","Matryoshka","Incense Burner","Pocketwatch","Boot","Eternal Feather","MutagenicStrength","Oddly Smooth Stone","Ornamental Fan","Omamori","Mango","Potion Belt","Lantern","Busted Crown"],"potions_floor_usage":[7,18,19,19,24,33,33,39,39],"damage_taken":[{"damage":1,"enemies":"2 Louse","floor":1,"turns":3},{"damage":2,"enemies":"Cultist","floor":2,"turns":4},{"damage":7,"enemies":"Small Slimes","floor":3,"turns":3},{"damage":38,"enemies":"Exordium Thugs","floor":5,"turns":5},{"damage":9,"enemies":"Gremlin Nob","floor":7,"turns":3},{"damage":8,"enemies":"3 Louse","floor":10,"turns":3},{"damage":16,"enemies":"3 Sentries","floor":11,"turns":7},{"damage":3,"enemies":"Large Slime","floor":14,"turns":4},{"damage":41,"enemies":"Slime Boss","floor":16,"turns":10},{"damage":22,"enemies":"2 Thieves","floor":18,"turns":4},{"damage":26,"enemies":"Colosseum Slavers","floor":19,"turns":5},{"damage":6,"enemies":"Colosseum Nobs","floor":19,"turns":3},{"damage":18,"enemies":"Spheric Guardian","floor":20,"turns":4},{"damage":2,"enemies":"Slavers","floor":24,"turns":4},{"damage":12,"enemies":"Snake Plant","floor":28,"turns":4},{"damage":59,"enemies":"Gremlin Leader","floor":31,"turns":12},{"damage":10,"enemies":"Champ","floor":33,"turns":12},{"damage":12,"enemies":"3 Darklings","floor":35,"turns":6},{"damage":0,"enemies":"3 Shapes","floor":37,"turns":7},{"damage":43,"enemies":"Sphere and 2 Shapes","floor":38,"turns":8},{"damage":82,"enemies":"2 Orb Walkers","floor":39,"turns":6}],"seed_played":"-1459603709984963249","potions_obtained":[{"floor":2,"key":"Dexterity Potion"},{"floor":3,"key":"BloodPotion"},{"floor":4,"key":"Fire Potion"},{"floor":5,"key":"Block Potion"},{"floor":11,"key":"LiquidBronze"},{"floor":18,"key":"SmokeBomb"},{"floor":20,"key":"AttackPotion"},{"floor":28,"key":"Strength Potion"},{"floor":33,"key":"Fire Potion"},{"floor":35,"key":"Poison Potion"}],"is_trial":false,"path_per_floor":["?","M","T","?","?","?","?","?","?","?"],"character_chosen":"IRONCLAD","items_purchased":["Shrug It Off","Potion Belt","PowerPotion"],"campfire_rested":3,"item_purchase_floors":[29,29,29],"current_hp_per_floor":[73,75,74,74,42,42,39,39,39,37,27,27,27,30,52,17,61,45,25,13,13,13,47,51,63,63,77,71,71,86,33,74,70,84,78,68,89,59,0],"gold":187,"neow_bonus":"ONE_RARE_RELIC","is_prod":false,"is_daily":false,"chose_seed":false,"campfire_upgraded":4,"win_rate":0,"timestamp":1558672375,"path_taken":["M","M","M","?","?","R","E","R","T","M","E","?","?","M","R","BOSS","M","?","M","?","?","R","E","R","T","?","M","$","R","E","R","BOSS","M","?","M","M","?"],"build_version":"2019-01-23","purchased_purges":1,"victory":false,"max_hp_per_floor":[75,75,75,75,75,75,75,75,75,75,75,75,75,75,75,75,75,75,75,75,75,75,75,75,75,75,89,89,89,89,89,89,89,89,89,89,89,89,89],"card_choices":[{"not_picked":["Flex","Thunderclap"],"picked":"Dropkick","floor":1},{"not_picked":["Searing Blow","Pommel Strike"],"picked":"Headbutt","floor":2},{"not_picked":["Headbutt","Clash"],"picked":"Hemokinesis","floor":3},{"not_picked":["Headbutt","Havoc"],"picked":"Juggernaut","floor":5},{"not_picked":["Metallicize","Battle Trance"],"picked":"Shockwave","floor":7},{"not_picked":["Anger","Combust"],"picked":"Seeing Red","floor":10},{"not_picked":["Bloodletting","Flex"],"picked":"Infernal Blade","floor":11},{"not_picked":["Havoc","True Grit"],"picked":"Metallicize","floor":14},{"not_picked":["Limit Break","Brutality"],"picked":"Barricade","floor":16},{"not_picked":["Headbutt","Twin Strike"],"picked":"Armaments+1","floor":18},{"not_picked":["Cleave","Flex"],"picked":"Armaments+1","floor":20},{"not_picked":["Pommel Strike","Hemokinesis"],"picked":"Dropkick","floor":24},{"not_picked":["Flex","Iron Wave"],"picked":"Entrench","floor":28},{"not_picked":["Carnage","Rage"],"picked":"Fiend Fire","floor":31},{"not_picked":["Bludgeon","Exhume"],"picked":"Reaper","floor":33},{"not_picked":["Thunderclap"],"picked":"SKIP","floor":35},{"not_picked":[],"picked":"Apotheosis","floor":36},{"not_picked":[],"picked":"Chrysalis","floor":36},{"not_picked":[],"picked":"Purity","floor":36},{"not_picked":["Armaments+1"],"picked":"SKIP","floor":37},{"not_picked":["Power Through+1"],"picked":"SKIP","floor":38}],"player_experience":656588,"relics_obtained":[{"floor":7,"key":"Orichalcum"},{"floor":9,"key":"Matryoshka"},{"floor":11,"key":"Incense Burner"},{"floor":12,"key":"Pocketwatch"},{"floor":12,"key":"Boot"},{"floor":24,"key":"Oddly Smooth Stone"},{"floor":26,"key":"Ornamental Fan"},{"floor":26,"key":"Omamori"},{"floor":31,"key":"Lantern"}],"event_choices":[{"damage_healed":0,"gold_gain":0,"player_choice":"Got Potions","damage_taken":0,"max_hp_gain":0,"max_hp_loss":0,"event_name":"Lab","floor":4,"gold_loss":0},{"damage_healed":0,"gold_gain":55,"player_choice":"Gained Gold","damage_taken":0,"max_hp_gain":0,"max_hp_loss":0,"event_name":"Golden Wing","floor":13,"gold_loss":0},{"damage_healed":0,"gold_gain":0,"player_choice":"Fight","damage_taken":0,"max_hp_gain":0,"max_hp_loss":0,"event_name":"Colosseum","floor":19,"gold_loss":0},{"damage_healed":0,"gold_gain":0,"player_choice":"Fought Nobs","damage_taken":0,"max_hp_gain":0,"max_hp_loss":0,"event_name":"Colosseum","floor":19,"gold_loss":0},{"damage_healed":0,"gold_gain":0,"player_choice":"Inject Mutagens","damage_taken":0,"relics_obtained":["MutagenicStrength"],"max_hp_gain":0,"max_hp_loss":0,"event_name":"Drug Dealer","floor":21,"gold_loss":0},{"damage_healed":0,"gold_gain":0,"player_choice":"Smashed Altar","damage_taken":0,"max_hp_gain":0,"max_hp_loss":0,"event_name":"Forgotten Altar","floor":22,"gold_loss":0,"cards_obtained":["Decay"]},{"damage_healed":0,"gold_gain":0,"player_choice":"Opened","damage_taken":0,"relics_obtained":["Mango"],"max_hp_gain":0,"max_hp_loss":0,"event_name":"The Mausoleum","floor":27,"gold_loss":0,"cards_obtained":["Writhe"]},{"damage_healed":0,"gold_gain":0,"player_choice":"Memory 3","damage_taken":10,"max_hp_gain":0,"max_hp_loss":0,"event_name":"SensoryStone","floor":36,"gold_loss":0},{"damage_healed":0,"gold_gain":0,"player_choice":"Fight","damage_taken":0,"max_hp_gain":0,"max_hp_loss":0,"event_name":"Mysterious Sphere","floor":39,"gold_loss":0}],"is_beta":false,"boss_relics":[{"not_picked":["Calling Bell","Lizard Tail"],"picked":"Eternal Feather"},{"not_picked":["Empty Cage","Black Star"],"picked":"Busted Crown"}],"items_purged_floors":[29],"is_endless":false,"potions_floor_spawned":[2,3,5,11,18,20,28,33,35],"killed_by":"2 Orb Walkers","ascension_level":18}