{"gold_per_floor":[365,540,550,561,581,591,591,601,601,566,566,566],"floor_reached":12,"playtime":1007,"items_purged":[],"score":72,"play_id":"0db0673d-6fa8-49d6-be0b-6f684178eb7d","local_time":"20190515171252","is_ascension_mode":false,"campfire_choices":[{"floor":7,"key":"REST"}],"neow_cost":"PERCENT_DAMAGE","seed_source_timestamp":22788361784559,"circlet_count":0,"master_deck":["Strike_B","Strike_B","Strike_B","Strike_B","Defend_B","Defend_B","Defend_B","Defend_B","Zap","Dualcast","Tempest","Doubt","Creative AI","Chaos","Loop"],"relics":["Cracked Core","Mercury Hourglass","Meat on the Bone"],"potions_floor_usage":[],"damage_taken":[{"damage":1,"enemies":"2 Louse","floor":1,"turns":2},{"damage":0,"enemies":"Jaw Worm","floor":3,"turns":4},{"damage":5,"enemies":"Small Slimes","floor":4,"turns":3},{"damage":18,"enemies":"2 Fungi Beasts","floor":5,"turns":4},{"damage":27,"enemies":"Exordium Wildlife","floor":6,"turns":6},{"damage":10,"enemies":"Looter","floor":8,"turns":4},{"damage":60,"enemies":"Lagavulin Event","floor":12,"turns":6}],"seed_played":"-4110629773663911726","potions_obtained":[{"floor":1,"key":"Swift Potion"},{"floor":4,"key":"FairyPotion"}],"is_trial":false,"path_per_floor":["M","?","M","M","M","M","R","M","T","?","T","?"],"character_chosen":"DEFECT","items_purchased":[],"campfire_rested":1,"item_purchase_floors":[],"current_hp_per_floor":[53,53,53,48,30,3,25,15,15,33,33,0],"gold":566,"neow_bonus":"TWO_FIFTY_GOLD","is_prod":false,"is_daily":false,"chose_seed":false,"campfire_upgraded":0,"win_rate":0.0,"timestamp":1557951172,"path_taken":["M","?","M","M","M","M","R","M","T","?","?","?"],"build_version":"2019-01-23","purchased_purges":0,"victory":false,"max_hp_per_floor":[75,75,75,75,75,75,75,75,75,75,75,75],"card_choices":[{"not_picked":["Go for the Eyes","Darkness"],"picked":"Tempest","floor":1},{"not_picked":["Gash","Hologram","Cold Snap"],"picked":"SKIP","floor":3},{"not_picked":["Hologram","Barrage","Blizzard"],"picked":"SKIP","floor":4},{"not_picked":["Hologram","Conserve Battery"],"picked":"Creative AI","floor":5},{"not_picked":["Cold Snap","Coolheaded"],"picked":"Chaos","floor":6},{"not_picked":["Hello World","Stack"],"picked":"Loop","floor":8}],"player_experience":59806,"relics_obtained":[{"floor":9,"key":"Mercury Hourglass"},{"floor":11,"key":"Meat on the Bone"}],"event_choices":[{"damage_healed":0,"gold_gain":175,"player_choice":"AGREE","damage_taken":0,"max_hp_gain":0,"max_hp_loss":0,"event_name":"Liars Game","floor":2,"gold_loss":0,"cards_obtained":["Doubt"]},{"damage_healed":18,"gold_gain":0,"player_choice":"Healed","damage_taken":0,"max_hp_gain":0,"max_hp_loss":0,"event_name":"The Cleric","floor":10,"gold_loss":35},{"damage_healed":0,"gold_gain":0,"player_choice":"Searched \u00272\u0027 times","damage_taken":0,"max_hp_gain":0,"max_hp_loss":0,"event_name":"Dead Adventurer","floor":12,"gold_loss":0}],"is_beta":false,"boss_relics":[],"items_purged_floors":[],"is_endless":false,"potions_floor_spawned":[1,4],"killed_by":"Lagavulin Event","ascension_level":0}