{"gold_per_floor":[117,117,130,80,80,80,109,120,120,94,113,127,143,168,168,168],"floor_reached":16,"playtime":1121,"items_purged":[],"score":157,"play_id":"bfc122f7-c11b-405b-be2b-c86c53a0877f","local_time":"20190509203703","is_ascension_mode":true,"campfire_choices":[{"data":"Bash","floor":6,"key":"SMITH"},{"floor":15,"key":"REST"}],"neow_cost":"NONE","seed_source_timestamp":4428586369349883,"circlet_count":0,"master_deck":["Strike_R","Strike_R","Strike_R","Defend_R","Defend_R","Defend_R","Defend_R","Bash+1","True Grit+1","Shrug It Off","Headbutt","Havoc","Shrug It Off","Barricade","Havoc","Flame Barrier","Sentinel"],"relics":["Burning Blood","Unceasing Top","Ginger","Bag of Marbles"],"potions_floor_usage":[13,14,16],"damage_taken":[{"damage":12,"enemies":"Small Slimes","floor":1,"turns":5},{"damage":3,"enemies":"Cultist","floor":3,"turns":4},{"damage":41,"enemies":"3 Sentries","floor":7,"turns":15},{"damage":0,"enemies":"Jaw Worm","floor":8,"turns":3},{"damage":3,"enemies":"2 Fungi Beasts","floor":11,"turns":5},{"damage":21,"enemies":"Exordium Wildlife","floor":12,"turns":9},{"damage":6,"enemies":"Exordium Thugs","floor":13,"turns":10},{"damage":31,"enemies":"Gremlin Nob","floor":14,"turns":4},{"damage":37,"enemies":"Hexaghost","floor":16,"turns":16}],"seed_played":"7465692531053539891","potions_obtained":[{"floor":1,"key":"Weak Potion"},{"floor":12,"key":"Swift Potion"},{"floor":13,"key":"SteroidPotion"},{"floor":14,"key":"SpeedPotion"}],"is_trial":false,"path_per_floor":["?","M","?","?","$","M"],"character_chosen":"IRONCLAD","items_purchased":["Shrug It Off"],"campfire_rested":1,"item_purchase_floors":[10],"current_hp_per_floor":[74,74,77,77,77,77,42,48,48,48,51,36,36,11,37,0],"gold":168,"neow_bonus":"TEN_PERCENT_HP_BONUS","is_prod":false,"is_daily":false,"chose_seed":false,"campfire_upgraded":1,"win_rate":0,"timestamp":1557448623,"path_taken":["M","?","?","?","?","R","E","M","T","?","M","?","M","E","R","BOSS"],"build_version":"2019-01-23","purchased_purges":0,"victory":false,"max_hp_per_floor":[88,88,88,88,88,88,88,88,88,88,88,88,88,88,88,88],"card_choices":[{"not_picked":["Second Wind","Body Slam"],"picked":"True Grit","floor":1},{"not_picked":["Sentinel","Cleave"],"picked":"Shrug It Off","floor":3},{"not_picked":["Sever Soul","Fire Breathing"],"picked":"Headbutt","floor":7},{"not_picked":["Anger","Intimidate"],"picked":"Havoc","floor":8},{"not_picked":["Evolve","Iron Wave"],"picked":"Barricade","floor":11},{"not_picked":["Warcry","Second Wind"],"picked":"Havoc","floor":12},{"not_picked":["Combust","Shrug It Off"],"picked":"Flame Barrier","floor":13},{"not_picked":["Flex","Body Slam"],"picked":"Sentinel","floor":14}],"player_experience":350703,"relics_obtained":[{"floor":7,"key":"Unceasing Top"},{"floor":9,"key":"Ginger"},{"floor":14,"key":"Bag of Marbles"}],"event_choices":[{"cards_removed":["Strike_R"],"damage_healed":0,"gold_gain":0,"player_choice":"Purged","damage_taken":0,"max_hp_gain":0,"max_hp_loss":0,"event_name":"Purifier","floor":2,"gold_loss":0},{"cards_removed":["Strike_R"],"damage_healed":0,"gold_gain":0,"player_choice":"Card Removal","damage_taken":0,"max_hp_gain":0,"max_hp_loss":0,"event_name":"The Cleric","floor":4,"gold_loss":50},{"damage_healed":0,"gold_gain":0,"player_choice":"Grow","damage_taken":0,"max_hp_gain":0,"max_hp_loss":0,"event_name":"Living Wall","floor":5,"gold_loss":0,"cards_upgraded":["True Grit"]}],"is_beta":false,"boss_relics":[],"items_purged_floors":[],"is_endless":false,"potions_floor_spawned":[1,12,13,14],"killed_by":"Hexaghost","ascension_level":8}