{"gold_per_floor":[11,30,30,42,42,76,88,88,114,127,6,35,35,54,54,127,127,142,26,36,65,80,80,80,90,90,101,26,26],"floor_reached":29,"playtime":2603,"items_purged":["Strike_B"],"score":474,"play_id":"7ab5030e-d5b7-45df-9826-294afa676fa4","local_time":"20190519134140","is_ascension_mode":true,"campfire_choices":[{"floor":8,"key":"REST"},{"data":"Defragment","floor":15,"key":"SMITH"},{"data":"Go for the Eyes","floor":23,"key":"SMITH"}],"neow_cost":"NO_GOLD","seed_source_timestamp":28665291988773,"circlet_count":0,"master_deck":["AscendersBane","Strike_B","Defend_B","Defend_B","Defend_B","Zap","Dualcast","Go for the Eyes+1","Sunder","Compile Driver","Hologram","Defragment+1","Conserve Battery","Cold Snap","Defragment","Biased Cognition","Recycle","Loop","Reinforced Body","Capacitor","Redo","Conserve Battery","Undo","Barrage+1"],"relics":["Cracked Core","Gremlin Horn","FossilizedHelix","Bag of Marbles","Pantograph","Coffee Dripper","Red Mask","Juzu Bracelet"],"potions_floor_usage":[20,21,22,27],"damage_taken":[{"damage":1,"enemies":"Cultist","floor":1,"turns":3},{"damage":8,"enemies":"Jaw Worm","floor":2,"turns":4},{"damage":7,"enemies":"Small Slimes","floor":4,"turns":2},{"damage":19,"enemies":"Gremlin Nob","floor":6,"turns":4},{"damage":21,"enemies":"Exordium Thugs","floor":7,"turns":3},{"damage":0,"enemies":"Looter","floor":10,"turns":2},{"damage":10,"enemies":"Lagavulin","floor":12,"turns":6},{"damage":0,"enemies":"Blue Slaver","floor":14,"turns":3},{"damage":0,"enemies":"The Guardian","floor":16,"turns":12},{"damage":4,"enemies":"Shell Parasite","floor":18,"turns":6},{"damage":0,"enemies":"3 Byrds","floor":20,"turns":2},{"damage":27,"enemies":"Masked Bandits","floor":21,"turns":5},{"damage":28,"enemies":"Cultist and Chosen","floor":22,"turns":7},{"damage":6,"enemies":"Shelled Parasite and Fungi","floor":25,"turns":6},{"damage":2,"enemies":"Snecko","floor":27,"turns":5},{"damage":8,"enemies":"Snake Plant","floor":29,"turns":2}],"seed_played":"-2125028814837462894","potions_obtained":[{"floor":2,"key":"Ancient Potion"},{"floor":6,"key":"Poison Potion"},{"floor":10,"key":"FearPotion"},{"floor":18,"key":"LiquidBronze"},{"floor":21,"key":"AttackPotion"},{"floor":25,"key":"EssenceOfSteel"}],"is_trial":false,"path_per_floor":["M","?","T","M","?","?","?","?"],"character_chosen":"DEFECT","items_purchased":["Conserve Battery","Loop","Reinforced Body"],"campfire_rested":1,"item_purchase_floors":[11,19,19],"current_hp_per_floor":[67,59,64,57,57,38,17,41,41,41,41,31,31,31,31,56,74,70,70,70,43,15,15,15,9,9,7,7,0],"gold":26,"neow_bonus":"REMOVE_TWO","is_prod":false,"is_daily":false,"chose_seed":false,"campfire_upgraded":2,"win_rate":0,"timestamp":1558287700,"path_taken":["M","?","?","M","?","E","?","R","T","M","$","E","?","M","R","BOSS","M","$","M","?","M","R","?","M","T","M","?","M"],"build_version":"2019-01-23","purchased_purges":1,"victory":false,"max_hp_per_floor":[75,75,80,80,80,80,80,80,80,80,80,80,80,80,80,80,80,80,80,80,80,80,80,80,80,80,80,80,80],"card_choices":[{"not_picked":["Gash","Redo"],"picked":"Go for the Eyes","floor":1},{"not_picked":["Hologram","Streamline"],"picked":"Sunder","floor":2},{"not_picked":["Reboot","Static Discharge"],"picked":"Compile Driver","floor":4},{"not_picked":["Gash","Streamline","Beam Cell"],"picked":"SKIP","floor":6},{"not_picked":["Sweeping Beam","Gash"],"picked":"Hologram","floor":7},{"not_picked":["Cold Snap","Sunder"],"picked":"Defragment","floor":10},{"not_picked":["Streamline","Go for the Eyes"],"picked":"Cold Snap","floor":12},{"not_picked":["Loop","Leap"],"picked":"Defragment","floor":14},{"not_picked":["Meteor Strike","All For One"],"picked":"Biased Cognition","floor":16},{"not_picked":["Leap","Beam Cell"],"picked":"Recycle","floor":18},{"not_picked":["Loop","Force Field+1"],"picked":"Capacitor","floor":20},{"not_picked":["Sweeping Beam+1","Steam"],"picked":"Redo","floor":21},{"not_picked":["FTL","Go for the Eyes"],"picked":"Conserve Battery","floor":22},{"not_picked":["Leap+1","Genetic Algorithm"],"picked":"Undo","floor":25},{"not_picked":["Ball Lightning","Static Discharge"],"picked":"Barrage+1","floor":27}],"player_experience":565452,"relics_obtained":[{"floor":5,"key":"Gremlin Horn"},{"floor":6,"key":"FossilizedHelix"},{"floor":9,"key":"Bag of Marbles"},{"floor":12,"key":"Pantograph"},{"floor":21,"key":"Red Mask"},{"floor":26,"key":"Juzu Bracelet"}],"event_choices":[{"damage_healed":0,"gold_gain":0,"player_choice":"Donut","damage_taken":0,"max_hp_gain":5,"max_hp_loss":0,"event_name":"Big Fish","floor":3,"gold_loss":0},{"damage_healed":0,"gold_gain":0,"player_choice":"Ignored","damage_taken":0,"max_hp_gain":0,"max_hp_loss":0,"event_name":"Liars Game","floor":13,"gold_loss":0},{"damage_healed":0,"gold_gain":0,"player_choice":"Fought Bandits","damage_taken":0,"max_hp_gain":0,"max_hp_loss":0,"event_name":"Masked Bandits","floor":21,"gold_loss":0},{"damage_healed":0,"gold_gain":0,"player_choice":"Ignored","damage_taken":0,"max_hp_gain":0,"max_hp_loss":0,"event_name":"Cursed Tome","floor":24,"gold_loss":0},{"cards_removed":["Strike_B"],"damage_healed":0,"gold_gain":0,"player_choice":"Gave Gold","damage_taken":0,"max_hp_gain":0,"max_hp_loss":0,"event_name":"Beggar","floor":28,"gold_loss":75}],"is_beta":false,"boss_relics":[{"not_picked":["Nuclear Battery","Eternal Feather"],"picked":"Coffee Dripper"}],"items_purged_floors":[11],"is_endless":false,"potions_floor_spawned":[2,6,10,16,18,21,25],"killed_by":"Snake Plant","ascension_level":13}