{"gold_per_floor":[116,116,66,85,131,131,157,57,57,7,27,38,56,69,69,165,165,180,180,196,206,206,206,237,251,275,275,285,235,235],"floor_reached":30,"playtime":714,"items_purged":["Strike_B","Strike_B","Strike_B","Strike_B"],"score":403,"play_id":"27a526ba-0073-483f-be6c-fc2ba9533217","local_time":"20190512105302","is_ascension_mode":true,"campfire_choices":[{"data":"Dualcast","floor":6,"key":"SMITH"},{"data":"Ball Lightning","floor":15,"key":"SMITH"},{"floor":23,"key":"REST"},{"floor":27,"key":"REST"}],"neow_cost":"NONE","seed_source_timestamp":2729479662154051,"circlet_count":0,"master_deck":["AscendersBane","Defend_B","Defend_B","Defend_B","Defend_B","Zap+1","Dualcast+1","Ball Lightning+1","Gash","Capacitor","Sweeping Beam","Echo Form","Gash","Loop+1","Gash+1"],"relics":["Cracked Core","Smiling Mask","DataDisk","Kunai","Cables","Sozu","Darkstone Periapt","Frozen Egg 2","Vajra"],"potions_floor_usage":[16,25,30],"damage_taken":[{"damage":0,"enemies":"Small Slimes","floor":1,"turns":3},{"damage":0,"enemies":"Cultist","floor":4,"turns":3},{"damage":40,"enemies":"Gremlin Nob","floor":7,"turns":4},{"damage":4,"enemies":"2 Louse","floor":11,"turns":2},{"damage":1,"enemies":"Looter","floor":12,"turns":2},{"damage":3,"enemies":"Blue Slaver","floor":13,"turns":3},{"damage":1,"enemies":"Exordium Thugs","floor":14,"turns":3},{"damage":8,"enemies":"Slime Boss","floor":16,"turns":6},{"damage":26,"enemies":"3 Byrds","floor":18,"turns":4},{"damage":9,"enemies":"Shell Parasite","floor":20,"turns":4},{"damage":3,"enemies":"Centurion and Healer","floor":21,"turns":6},{"damage":24,"enemies":"Gremlin Leader","floor":24,"turns":5},{"damage":18,"enemies":"Chosen and Byrds","floor":25,"turns":4},{"damage":21,"enemies":"Snecko","floor":28,"turns":4},{"damage":3,"enemies":"Snake Plant","floor":30,"turns":1}],"seed_played":"-8550292885957348079","potions_obtained":[{"floor":13,"key":"SteroidPotion"},{"floor":14,"key":"Ancient Potion"},{"floor":16,"key":"FearPotion"}],"is_trial":false,"path_per_floor":["M","?","$","M","T","R","E","$","T","$","M","M","M","M","R","B",null,"M","?","M","M","?","R","E","M","T","R","M","$","M"],"character_chosen":"DEFECT","items_purchased":["Gash"],"campfire_rested":2,"item_purchase_floors":[8],"current_hp_per_floor":[68,68,68,68,68,68,28,28,28,28,24,23,20,19,19,11,59,33,33,24,21,21,43,19,1,1,23,2,2,0],"gold":235,"neow_bonus":"UPGRADE_CARD","is_prod":false,"is_daily":false,"chose_seed":false,"campfire_upgraded":2,"win_rate":0,"timestamp":1557651182,"path_taken":["M","?","$","?","?","R","E","$","T","$","?","?","M","M","R","BOSS","M","?","?","?","?","R","E","M","T","R","M","$","M"],"build_version":"2019-01-23","purchased_purges":4,"victory":false,"max_hp_per_floor":[75,75,75,75,75,75,75,75,75,75,75,75,75,75,75,75,75,75,75,75,75,75,75,75,75,75,75,75,75,75],"card_choices":[{"not_picked":["Steam","Sweeping Beam"],"picked":"Beam Cell","floor":1},{"not_picked":["Barrage","Darkness","Leap"],"picked":"SKIP","floor":4},{"not_picked":["Hologram","Stack"],"picked":"Ball Lightning","floor":7},{"not_picked":["Redo","Hologram"],"picked":"Capacitor","floor":11},{"not_picked":["Coolheaded","Storm","Compile Driver"],"picked":"SKIP","floor":12},{"not_picked":["Aggregate","Chill"],"picked":"Sweeping Beam","floor":13},{"not_picked":["Self Repair","Fusion","Chaos"],"picked":"SKIP","floor":14},{"not_picked":["Core Surge","Creative AI"],"picked":"Echo Form","floor":16},{"not_picked":["Blizzard+1","Hologram","Cold Snap"],"picked":"SKIP","floor":18},{"not_picked":["Barrage","Heatsinks","White Noise"],"picked":"SKIP","floor":20},{"not_picked":["Rebound","Steam Power","Chaos"],"picked":"SKIP","floor":21},{"not_picked":["Doom and Gloom","Go for the Eyes"],"picked":"Loop","floor":24},{"not_picked":["Coolheaded","Barrage","Hologram"],"picked":"SKIP","floor":25},{"not_picked":["Conserve Battery+1","Loop+1"],"picked":"Gash+1","floor":28}],"player_experience":208761,"relics_obtained":[{"floor":5,"key":"DataDisk"},{"floor":7,"key":"Kunai"},{"floor":9,"key":"Cables"},{"floor":24,"key":"Frozen Egg 2"},{"floor":26,"key":"Vajra"}],"event_choices":[{"cards_removed":["Beam Cell"],"damage_healed":0,"gold_gain":0,"player_choice":"Gave Card","damage_taken":0,"relics_obtained":["Smiling Mask"],"max_hp_gain":0,"max_hp_loss":0,"event_name":"WeMeetAgain","floor":2,"gold_loss":0},{"damage_healed":0,"gold_gain":0,"player_choice":"Copied","damage_taken":0,"max_hp_gain":0,"max_hp_loss":0,"event_name":"Duplicator","floor":19,"gold_loss":0,"cards_obtained":["Gash"]},{"damage_healed":0,"gold_gain":0,"player_choice":"Opened","damage_taken":0,"relics_obtained":["Darkstone Periapt"],"max_hp_gain":0,"max_hp_loss":0,"event_name":"The Mausoleum","floor":22,"gold_loss":0}],"is_beta":false,"boss_relics":[{"not_picked":["Velvet Choker","Nuclear Battery"],"picked":"Sozu"}],"items_purged_floors":[3,8,10,29],"is_endless":false,"potions_floor_spawned":[13,14,16,21,25,28],"killed_by":"Snake Plant","ascension_level":12}