{"gold_per_floor":[11,11,21,21,35,62,62,62,87,87,107,123,123,48,48,150,150,162,262,262,281,297,297,14,14,14,14,14,41,41,66,66,66],"floor_reached":33,"playtime":852,"items_purged":["Reaper","Decay"],"score":295,"play_id":"a6676c62-98e1-4712-ac81-8156412b4470","local_time":"20190129112255","is_ascension_mode":true,"campfire_choices":[{"data":"Searing Blow","floor":8,"key":"SMITH"},{"data":"Searing Blow+1","floor":10,"key":"SMITH"},{"data":"Searing Blow+2","floor":13,"key":"SMITH"},{"data":"Demon Form","floor":15,"key":"SMITH"},{"floor":23,"key":"REST"},{"data":"Searing Blow+3","floor":25,"key":"SMITH"},{"data":"Strike_R","floor":27,"key":"PURGE"},{"floor":32,"key":"REST"}],"neow_cost":"NO_GOLD","seed_source_timestamp":38658098176978,"circlet_count":0,"master_deck":["Strike_R","Defend_R","Defend_R","Defend_R","Defend_R","Bash","Searing Blow+4","Cleave","Demon Form+1","Warcry+1","Mayhem","Shrug It Off"],"relics":["Burning Blood","Juzu Bracelet","Art of War","Runic Dome","Prayer Wheel","Pear","Peace Pipe","Bronze Scales","Torii"],"potions_floor_usage":[6,12,16,18,19,29,31,31,33,33],"damage_taken":[{"damage":1,"enemies":"2 Louse","floor":1,"turns":3},{"damage":2,"enemies":"Small Slimes","floor":3,"turns":4},{"damage":7,"enemies":"Jaw Worm","floor":5,"turns":5},{"damage":38,"enemies":"3 Sentries","floor":6,"turns":9},{"damage":1,"enemies":"3 Louse","floor":11,"turns":4},{"damage":4,"enemies":"Blue Slaver","floor":12,"turns":4},{"damage":49,"enemies":"The Guardian","floor":16,"turns":9},{"damage":13,"enemies":"3 Byrds","floor":18,"turns":4},{"damage":12,"enemies":"Colosseum Slavers","floor":19,"turns":3},{"damage":25,"enemies":"Colosseum Nobs","floor":19,"turns":5},{"damage":19,"enemies":"Shell Parasite","floor":21,"turns":4},{"damage":32,"enemies":"Shelled Parasite and Fungi","floor":22,"turns":5},{"damage":31,"enemies":"Gremlin Leader","floor":29,"turns":5},{"damage":12,"enemies":"Book of Stabbing","floor":31,"turns":4},{"damage":51,"enemies":"Collector","floor":33,"turns":3}],"seed_played":"1311637402588154317","potions_obtained":[{"floor":3,"key":"LiquidBronze"},{"floor":5,"key":"Block Potion"},{"floor":11,"key":"Energy Potion"},{"floor":12,"key":"BloodPotion"},{"floor":18,"key":"AttackPotion"},{"floor":22,"key":"EntropicBrew"},{"floor":31,"key":"BloodPotion"}],"is_trial":false,"path_per_floor":["M","$","M","?","M","E","?","R","T","R","M","M","R","$","R","B",null,"M","?","?","M","M","R","$","R","T","R","?","E","$","E","R","B"],"character_chosen":"IRONCLAD","items_purchased":["Mayhem"],"campfire_rested":2,"item_purchase_floors":[24],"current_hp_per_floor":[80,80,80,73,78,52,78,78,78,78,80,80,80,80,80,45,80,73,58,58,45,19,46,46,46,46,46,46,21,21,15,42,0],"gold":66,"neow_bonus":"TRANSFORM_TWO_CARDS","is_prod":false,"is_daily":false,"chose_seed":false,"campfire_upgraded":5,"win_rate":0,"timestamp":1548757375,"path_taken":["M","$","M","?","M","E","?","R","T","R","M","M","R","?","R","BOSS","M","?","?","M","M","R","$","R","T","R","?","E","?","E","R","BOSS"],"build_version":"2019-01-23","purchased_purges":2,"victory":false,"max_hp_per_floor":[80,80,80,80,80,80,80,80,80,80,80,80,80,80,80,80,80,80,90,90,90,90,90,90,90,90,90,90,90,90,90,90,90],"card_choices":[{"not_picked":["Headbutt","Rupture","Fire Breathing"],"picked":"SKIP","floor":1},{"not_picked":["Rupture","Pommel Strike","Clash"],"picked":"SKIP","floor":3},{"not_picked":["Perfected Strike","Spot Weakness"],"picked":"Cleave","floor":5},{"not_picked":["Searing Blow","Clash","Sword Boomerang"],"picked":"SKIP","floor":6},{"not_picked":["Heavy Blade","Clash","Warcry"],"picked":"SKIP","floor":11},{"not_picked":["Anger","Flex"],"picked":"Demon Form","floor":12},{"not_picked":["Anger","Searing Blow+1"],"picked":"Warcry+1","floor":18},{"not_picked":["Heavy Blade","Havoc+1","Fire Breathing+1"],"picked":"SKIP","floor":21},{"not_picked":["Shockwave","Sword Boomerang","Perfected Strike"],"picked":"SKIP","floor":21},{"not_picked":["Carnage","Offering","Power Through"],"picked":"SKIP","floor":22},{"not_picked":["Entrench+1","Combust","Headbutt+1"],"picked":"SKIP","floor":22},{"not_picked":["Exhume","Spot Weakness","Reckless Charge"],"picked":"SKIP","floor":29},{"not_picked":["Wild Strike","Whirlwind"],"picked":"Shrug It Off","floor":31}],"player_experience":32321,"relics_obtained":[{"floor":6,"key":"Juzu Bracelet"},{"floor":9,"key":"Art of War"},{"floor":19,"key":"Prayer Wheel"},{"floor":19,"key":"Pear"},{"floor":26,"key":"Peace Pipe"},{"floor":29,"key":"Bronze Scales"},{"floor":31,"key":"Torii"}],"event_choices":[{"cards_removed":["Strike_R"],"damage_healed":0,"gold_gain":0,"player_choice":"Card Removal","damage_taken":7,"max_hp_gain":0,"max_hp_loss":0,"event_name":"Golden Wing","floor":4,"gold_loss":0},{"damage_healed":26,"gold_gain":0,"player_choice":"Banana","damage_taken":0,"max_hp_gain":0,"max_hp_loss":0,"event_name":"Big Fish","floor":7,"gold_loss":0},{"damage_healed":0,"gold_gain":0,"player_choice":"Fight","damage_taken":0,"max_hp_gain":0,"max_hp_loss":0,"event_name":"Colosseum","floor":19,"gold_loss":0},{"damage_healed":0,"gold_gain":0,"player_choice":"Fought Nobs","damage_taken":0,"max_hp_gain":0,"max_hp_loss":0,"event_name":"Colosseum","floor":19,"gold_loss":0},{"damage_healed":0,"gold_gain":0,"player_choice":"Smashed Altar","damage_taken":0,"max_hp_gain":0,"max_hp_loss":0,"event_name":"Forgotten Altar","floor":20,"gold_loss":0,"cards_obtained":["Decay"]},{"damage_healed":0,"gold_gain":0,"player_choice":"Ignored","damage_taken":0,"max_hp_gain":0,"max_hp_loss":0,"event_name":"Vampires","floor":28,"gold_loss":0}],"is_beta":false,"boss_relics":[{"not_picked":["Runic Cube","White Beast Statue"],"picked":"Runic Dome"}],"items_purged_floors":[14,24],"is_endless":false,"potions_floor_spawned":[3,5,11,12,18,22,29,31],"killed_by":"Collector","ascension_level":1}