{"gold_per_floor":[117,117,42,56,75,75,107,107,132,150,150,14,14,40,40,141,141,154,154,154,170,170,170,203,203,203,216,235,252,252,277,289,400,412,443,455,485,118,128,128,228,258,258,258,258,258,274,309,309,309],"floor_reached":51,"playtime":8309,"items_purged":["Strike_B","Defend_B","Strike_B"],"score":1016,"play_id":"97bce287-1f0f-4204-a566-5875ac0f05d9","local_time":"20181102205504","is_ascension_mode":true,"campfire_choices":[{"data":"Sweeping Beam","floor":6.0,"key":"SMITH"},{"data":"Zap","floor":8.0,"key":"SMITH"},{"data":"Conserve Battery","floor":11.0,"key":"SMITH"},{"data":"Conserve Battery","floor":13.0,"key":"SMITH"},{"data":"Ball Lightning","floor":15.0,"key":"SMITH"},{"data":"RitualDagger","floor":23.0,"key":"SMITH"},{"data":"Electrodynamics","floor":25.0,"key":"SMITH"},{"data":"Coolheaded","floor":30.0,"key":"SMITH"},{"data":"Glacier","floor":32.0,"key":"SMITH"},{"data":"Defragment","floor":40,"key":"SMITH"},{"data":"Go for the Eyes","floor":44,"key":"SMITH"},{"floor":46,"key":"REST"},{"floor":49,"key":"REST"}],"neow_cost":"NONE","seed_source_timestamp":465554181709836,"circlet_count":0,"master_deck":["Defend_B","Defend_B","Zap+1","Dualcast","Self Repair","Sweeping Beam+1","Conserve Battery+1","Conserve Battery+1","Rainbow","Glacier+1","Ball Lightning+1","Electrodynamics+1","RitualDagger+1","Coolheaded+1","Core Surge","Meteor Strike","Defragment+1","Madness","Madness","Go for the Eyes+1","Coolheaded+1"],"special_seed":0,"relics":["Cracked Core","Happy Flower","Lantern","PreservedInsect","Cursed Key","Boot","MawBank","Runic Pyramid","Mummified Hand","Pocketwatch","Dream Catcher","Bag of Marbles"],"potions_floor_usage":[33,39,50],"damage_taken":[{"damage":7.0,"enemies":"2 Louse","floor":1.0,"turns":3.0},{"damage":0.0,"enemies":"Small Slimes","floor":4.0,"turns":2.0},{"damage":0.0,"enemies":"Cultist","floor":5.0,"turns":3.0},{"damage":33.0,"enemies":"Gremlin Nob","floor":7.0,"turns":5.0},{"damage":10.0,"enemies":"3 Louse","floor":10.0,"turns":3.0},{"damage":5.0,"enemies":"Lagavulin","floor":14.0,"turns":6.0},{"damage":38.0,"enemies":"Hexaghost","floor":16.0,"turns":12.0},{"damage":9.0,"enemies":"Shell Parasite","floor":18.0,"turns":4.0},{"damage":0.0,"enemies":"Spheric Guardian","floor":21.0,"turns":2.0},{"damage":13.0,"enemies":"Slavers","floor":24.0,"turns":4.0},{"damage":0.0,"enemies":"Cultist and Chosen","floor":27.0,"turns":3.0},{"damage":1.0,"enemies":"Snecko","floor":28.0,"turns":4.0},{"damage":0.0,"enemies":"Snake Plant","floor":29.0,"turns":3.0},{"damage":4.0,"enemies":"Book of Stabbing","floor":31.0,"turns":3.0},{"damage":25,"enemies":"Champ","floor":33,"turns":10},{"damage":14,"enemies":"Orb Walker","floor":35,"turns":3},{"damage":12,"enemies":"3 Darklings","floor":37,"turns":4},{"damage":3,"enemies":"Writhing Mass","floor":39,"turns":4},{"damage":9,"enemies":"Mind Bloom Boss Battle","floor":41,"turns":6},{"damage":11,"enemies":"Reptomancer","floor":42,"turns":5},{"damage":0,"enemies":"Jaw Worm Horde","floor":47,"turns":2},{"damage":29,"enemies":"Nemesis","floor":48,"turns":5},{"damage":42,"enemies":"Donu and Deca","floor":50,"turns":10}],"seed_played":"6797416026056545428","potions_obtained":[{"floor":4.0,"key":"Block Potion"},{"floor":5.0,"key":"Energy Potion"},{"floor":16.0,"key":"Ancient Potion"},{"floor":21.0,"key":"AttackPotion"},{"floor":27.0,"key":"Block Potion"},{"floor":28.0,"key":"SkillPotion"},{"floor":37,"key":"Weak Potion"},{"floor":41,"key":"Ancient Potion"},{"floor":47,"key":"AttackPotion"}],"is_trial":false,"path_per_floor":["M","?","$","M","M","R","E","R","T","M","R","$","R","E","R","B",null,"M","?","?","M","?","R","E","R","T","M","M","M","R","E","R","B",null,"M","?","M","$","M","R","?","E","T","R","?","R","M","E","R","B",null],"character_chosen":"DEFECT","items_purchased":["Glacier","Mummified Hand"],"campfire_rested":2,"item_purchase_floors":[12,38],"current_hp_per_floor":[68,61,61,68,75,75,49,49,49,46,46,46,46,48,48,17,61,59,53,53,60,60,60,54,54,54,61,67,74,74,75,75,57,71,64,55,50,50,54,54,52,48,48,48,38,60,67,45,67,32],"gold":309,"neow_bonus":"TRANSFORM_CARD","is_prod":false,"is_daily":false,"chose_seed":false,"campfire_upgraded":11,"win_rate":0,"timestamp":1541188504,"path_taken":["M","?","$","M","M","R","E","R","T","M","R","$","R","E","R","BOSS","M","?","?","M","?","R","E","R","T","M","?","M","R","E","R","BOSS","M","?","M","$","M","R","?","E","T","R","?","R","M","E","R","BOSS"],"build_version":"2018-11-01v2","purchased_purges":3,"victory":true,"max_hp_per_floor":[75,75,75,75,75,75,75,75,75,75,75,75,75,75,75,75,75,75,75,75,75,75,75,75,75,75,75,75,75,75,75,75,75,75,75,75,75,75,75,75,75,75,75,75,75,75,75,75,75,75],"card_choices":[{"not_picked":["Leap","Conserve Battery"],"picked":"Sweeping Beam","floor":1.0},{"not_picked":["Go for the Eyes","Turbo"],"picked":"Conserve Battery","floor":4.0},{"not_picked":["Stack","Sweeping Beam"],"picked":"Conserve Battery","floor":5.0},{"not_picked":["Melter","Conserve Battery"],"picked":"Rainbow","floor":10.0},{"not_picked":["Double Energy","Sweeping Beam"],"picked":"Ball Lightning","floor":14.0},{"not_picked":["Meteor Strike","Biased Cognition"],"picked":"Electrodynamics","floor":16.0},{"not_picked":["Beam Cell","Gash+1"],"picked":"Coolheaded","floor":24.0},{"not_picked":["Rebound","Recycle"],"picked":"Core Surge","floor":31.0},{"not_picked":["Seek","Rainbow"],"picked":"Meteor Strike","floor":33},{"not_picked":["Stack","Leap+1"],"picked":"Defragment","floor":35},{"not_picked":["Hologram+1","Stack+1"],"picked":"Go for the Eyes","floor":41},{"not_picked":["Steam Power+1","Melter"],"picked":"Coolheaded+1","floor":42}],"player_experience":1154270,"relics_obtained":[{"floor":7.0,"key":"Happy Flower"},{"floor":9.0,"key":"Lantern"},{"floor":14.0,"key":"PreservedInsect"},{"floor":24.0,"key":"Boot"},{"floor":31.0,"key":"MawBank"},{"floor":41,"key":"Pocketwatch"},{"floor":42,"key":"Dream Catcher"},{"floor":48,"key":"Bag of Marbles"}],"event_choices":[{"cards_removed":["Defend_B"],"damage_healed":0.0,"max_hp_gain":0.0,"max_hp_loss":0.0,"gold_gain":0.0,"event_name":"Golden Wing","player_choice":"Card Removal","floor":2.0,"gold_loss":0.0,"damage_taken":7.0},{"damage_healed":0.0,"max_hp_gain":0.0,"max_hp_loss":0.0,"gold_gain":0.0,"event_name":"Nest","player_choice":"Joined the Cult","floor":19.0,"gold_loss":0.0,"damage_taken":6.0,"cards_obtained":["RitualDagger"]},{"cards_removed":["Strike_B"],"damage_healed":0.0,"max_hp_gain":0.0,"max_hp_loss":0.0,"gold_gain":0.0,"event_name":"Back to Basics","player_choice":"Elegance","floor":20.0,"gold_loss":0.0,"damage_taken":0.0},{"damage_healed":0.0,"max_hp_gain":0.0,"max_hp_loss":0.0,"gold_gain":0.0,"event_name":"The Woman in Blue","player_choice":"Bought 0 Potions","floor":22.0,"gold_loss":0.0,"damage_taken":0.0},{"damage_healed":0,"gold_gain":0,"player_choice":"Embrace Madness","damage_taken":9,"max_hp_gain":0,"max_hp_loss":0,"event_name":"Winding Halls","floor":36,"gold_loss":0,"cards_obtained":["Madness","Madness"]},{"damage_healed":0,"gold_gain":0,"player_choice":"Fight","damage_taken":0,"max_hp_gain":0,"max_hp_loss":0,"event_name":"MindBloom","floor":41,"gold_loss":0},{"damage_healed":0,"gold_gain":0,"player_choice":"Memory 3","damage_taken":10,"max_hp_gain":0,"max_hp_loss":0,"event_name":"SensoryStone","floor":45,"gold_loss":0}],"is_beta":true,"boss_relics":[{"not_picked":["Runic Dome","Inserter"],"picked":"Cursed Key"},{"not_picked":["Calling Bell","Tiny House"],"picked":"Runic Pyramid"}],"items_purged_floors":[3,12,38],"is_endless":false,"potions_floor_spawned":[4,5,16,21,27,28,37,41,47],"ascension_level":9}