{"gold_per_floor":[113,21,21,40,59,59,79,44,124,144,144,164,174,209,209,282,282,302,140,158,173,189,189,215,215,215,241,254,61,61,61],"floor_reached":31,"playtime":12887,"items_purged":["Strike_G","Strike_G"],"score":530,"play_id":"b0670c24-bfb0-4168-bfe4-2fe757123f79","local_time":"20181006211722","is_ascension_mode":true,"campfire_choices":[{"data":"Neutralize","floor":6,"key":"SMITH"},{"data":"Noxious Fumes","floor":11,"key":"SMITH"},{"data":"Catalyst","floor":15,"key":"SMITH"},{"floor":23,"key":"REST"},{"floor":25,"key":"REST"},{"floor":30,"key":"REST"}],"neow_cost":"NONE","seed_source_timestamp":2023568415077399,"circlet_count":0,"master_deck":["Defend_G","Defend_G","Defend_G","Defend_G","Defend_G","Strike_G","Strike_G","Strike_G","Survivor","Neutralize+1","AscendersBane","Poisoned Stab","Noxious Fumes+1","Backflip","Bouncing Flask","Flechettes","PiercingWail","Crippling Poison","Catalyst+1","Bane+1","Corpse Explosion","Backflip","Noxious Fumes","Dodge and Roll","PiercingWail+1","Dodge and Roll","PiercingWail","After Image"],"relics":["Ring of the Snake","PreservedInsect","Molten Egg 2","Strawberry","Sozu","Omamori","Gambling Chip","Boot"],"potions_floor_usage":[12,16,28],"damage_taken":[{"damage":14,"enemies":"Jaw Worm","floor":1,"turns":9},{"damage":4,"enemies":"Cultist","floor":4,"turns":4},{"damage":10,"enemies":"Small Slimes","floor":5,"turns":5},{"damage":15,"enemies":"Exordium Wildlife","floor":7,"turns":5},{"damage":13,"enemies":"3 Louse","floor":10,"turns":4},{"damage":11,"enemies":"Lots of Slimes","floor":12,"turns":6},{"damage":2,"enemies":"Exordium Thugs","floor":13,"turns":5},{"damage":11,"enemies":"3 Sentries","floor":14,"turns":6},{"damage":4,"enemies":"Hexaghost","floor":16,"turns":6},{"damage":7,"enemies":"Chosen","floor":18,"turns":4},{"damage":1,"enemies":"Spheric Guardian","floor":20,"turns":3},{"damage":17,"enemies":"Snecko","floor":21,"turns":5},{"damage":8,"enemies":"Centurion and Healer","floor":22,"turns":5},{"damage":26,"enemies":"Slavers","floor":24,"turns":3},{"damage":31,"enemies":"Book of Stabbing","floor":27,"turns":5},{"damage":0,"enemies":"Cultist and Chosen","floor":28,"turns":4},{"damage":38,"enemies":"Gremlin Leader","floor":31,"turns":4}],"seed_played":"5298079169541131516","potions_obtained":[{"floor":3,"key":"SneckoOil"},{"floor":3,"key":"Ancient Potion"},{"floor":5,"key":"Dexterity Potion"},{"floor":10,"key":"Regen Potion"},{"floor":12,"key":"Fire Potion"},{"floor":13,"key":"Strength Potion"},{"floor":16,"key":"GhostInAJar"}],"is_trial":false,"path_per_floor":["M","$","?","M","M","R","M","?","T","M","R","M","M","E","R","B",null,"M","$","M","M","M","R","E","R","T","E","M","$","R"],"character_chosen":"THE_SILENT","items_purchased":["Noxious Fumes","Noxious Fumes","After Image"],"campfire_rested":3,"item_purchase_floors":[2,19,29],"current_hp_per_floor":[45,45,45,41,31,31,16,32,32,19,19,22,20,16,16,12,58,51,51,50,33,25,46,20,41,41,10,10,10,31,0],"gold":61,"neow_bonus":"RANDOM_COMMON_RELIC","is_prod":false,"is_daily":false,"chose_seed":false,"campfire_upgraded":3,"win_rate":0,"timestamp":1538853442,"path_taken":["M","$","?","?","M","R","M","?","T","M","R","M","M","E","R","BOSS","M","$","M","?","M","R","E","R","T","E","M","$","R","E"],"build_version":"2018-10-04v2","purchased_purges":2,"victory":false,"max_hp_per_floor":[66,66,66,66,66,66,66,66,66,66,66,66,66,73,73,73,73,73,73,73,73,73,73,73,73,73,73,73,73,73,73],"card_choices":[{"not_picked":["Bane","Eviscerate"],"picked":"Poisoned Stab","floor":1},{"not_picked":["Accuracy","Sucker Punch"],"picked":"Backflip","floor":4},{"not_picked":["Sucker Punch","Blur"],"picked":"Bouncing Flask","floor":5},{"not_picked":["Quick Slash","Dagger Throw"],"picked":"Flechettes","floor":7},{"not_picked":["Riddle With Holes+1","Deflect"],"picked":"PiercingWail","floor":10},{"not_picked":["Acrobatics","Cloak And Dagger"],"picked":"Crippling Poison","floor":12},{"not_picked":["Underhanded Strike+1","Prepared"],"picked":"Catalyst","floor":13},{"not_picked":["Underhanded Strike+1","Endless Agony+1"],"picked":"Bane+1","floor":14},{"not_picked":["Phantasmal Killer","Adrenaline"],"picked":"Corpse Explosion","floor":16},{"not_picked":["Predator+1","Bane+1"],"picked":"Backflip","floor":18},{"not_picked":["Calculated Gamble","Expertise"],"picked":"Dodge and Roll","floor":20},{"not_picked":["Escape Plan","Slice+1"],"picked":"PiercingWail+1","floor":21},{"not_picked":["Poisoned Stab+1","Caltrops"],"picked":"Dodge and Roll","floor":22},{"not_picked":["Eviscerate+1","Quick Slash+1"],"picked":"PiercingWail","floor":24}],"player_experience":1180011,"relics_obtained":[{"floor":9,"key":"Molten Egg 2"},{"floor":14,"key":"Strawberry"},{"floor":24,"key":"Omamori"},{"floor":26,"key":"Gambling Chip"},{"floor":27,"key":"Boot"}],"event_choices":[{"event_name":"The Lab","player_choice":"Got Potions","floor":3,"damage_taken":0},{"event_name":"The Cleric","player_choice":"Healed","floor":8,"damage_taken":0}],"is_beta":false,"boss_relics":[{"not_picked":["Velvet Choker","Philosopher\u0027s Stone"],"picked":"Sozu"}],"items_purged_floors":[19,29],"is_endless":false,"potions_floor_spawned":[5,10,12,13,16,18,20,22,24],"killed_by":"Gremlin Leader","ascension_level":18}