{"gold_per_floor":[118,118,98,116,128,128,156,156,204,204],"floor_reached":10,"playtime":362,"items_purged":[],"score":116,"play_id":"126e991e-681d-4b01-aaa2-2ca2b670ba24","local_time":"20180815185218","is_ascension_mode":true,"campfire_choices":[{"data":"Neutralize","floor":6.0,"key":"SMITH"},{"data":"Footwork","floor":8.0,"key":"SMITH"}],"neow_cost":"NONE","seed_source_timestamp":2976499796364336,"circlet_count":0,"master_deck":["Defend_G","Defend_G","Defend_G","Defend_G","Defend_G","Strike_G","Strike_G","Strike_G","Strike_G","Strike_G","Survivor","Neutralize+1","AscendersBane","PiercingWail","Blade Dance","Footwork+1","Bane"],"special_seed":0,"relics":["White Beast Statue","Lantern","Dream Catcher"],"potions_floor_usage":[10,10],"damage_taken":[{"damage":7.0,"enemies":"Jaw Worm","floor":1.0,"turns":5.0},{"damage":0.0,"enemies":"2 Louse","floor":4.0,"turns":3.0},{"damage":2.0,"enemies":"Cultist","floor":5.0,"turns":4.0},{"damage":29.0,"enemies":"Lagavulin","floor":7.0,"turns":12.0},{"damage":31,"enemies":"Gremlin Nob","floor":10,"turns":5}],"seed_played":"3771029013842757729","potions_obtained":[{"floor":1.0,"key":"EssenceOfSteel"},{"floor":3.0,"key":"Fruit Juice"},{"floor":4.0,"key":"Poison Potion"},{"floor":5.0,"key":"GhostInAJar"},{"floor":7.0,"key":"GamblersBrew"}],"is_trial":false,"path_per_floor":["M","?","?","M","M","R","E","R","T"],"character_chosen":"THE_SILENT","items_purchased":[],"campfire_rested":0,"item_purchase_floors":[],"current_hp_per_floor":[52,57,57,62,60,60,31,31,31,0],"gold":204,"neow_bonus":"BOSS_RELIC","is_prod":false,"is_daily":false,"chose_seed":false,"campfire_upgraded":2,"win_rate":0,"timestamp":1534351938,"path_taken":["M","?","?","?","M","R","E","R","T","E"],"build_version":"2018-08-14","purchased_purges":0,"victory":false,"max_hp_per_floor":[66,71,71,76,76,76,76,76,76,76],"card_choices":[{"not_picked":["Distraction","Bane"],"picked":"PiercingWail","floor":1.0},{"not_picked":["Night Terror","Accuracy"],"picked":"Blade Dance","floor":4.0},{"not_picked":["Blade Dance","Dagger Throw"],"picked":"Footwork","floor":5.0},{"not_picked":["Caltrops","Poisoned Stab"],"picked":"Bane","floor":7.0}],"player_experience":1141636,"relics_obtained":[{"floor":7.0,"key":"Lantern"},{"floor":9.0,"key":"Dream Catcher"}],"event_choices":[{"event_name":"Big Fish","player_choice":"Donut","floor":2.0,"damage_taken":0.0},{"event_name":"The Woman in Blue","player_choice":"Bought 1 Potion","floor":3.0,"damage_taken":0.0}],"is_beta":true,"boss_relics":[],"items_purged_floors":[],"is_endless":false,"potions_floor_spawned":[1,4,5,7],"killed_by":"Gremlin Nob","ascension_level":15}