{"gold_per_floor":[112,287,57,57,71,106,123,123,123,136,136,149,149,161,161,264,264,283,298,47,146,162,162,181,181,250,125,125,35,45,57,57,57],"floor_reached":33,"playtime":1327,"items_purged":["Doubt","Regret","Strike_B"],"score":274,"play_id":"1e91fd2e-1173-44ee-a11a-63a36855fef8","local_time":"20190201164920","is_ascension_mode":false,"campfire_choices":[{"data":"1","floor":8,"key":"LIFT"},{"data":"2","floor":11,"key":"LIFT"},{"data":"Hologram","floor":13,"key":"SMITH"},{"data":"Zap","floor":15,"key":"SMITH"},{"floor":23,"key":"REST"},{"floor":25,"key":"REST"},{"data":"3","floor":32,"key":"LIFT"}],"neow_cost":"NONE","seed_source_timestamp":316988134176743,"circlet_count":0,"master_deck":["Strike_B","Strike_B","Defend_B","Defend_B","Defend_B","Zap+1","Dualcast","Beam Cell+1","Streamline","Gash","Coolheaded","Hologram+1","Gash","Conserve Battery+1","Strike_G"],"relics":["Cracked Core","NeowsBlessing","Blood Vial","Gremlin Horn","Girya","Matryoshka","White Beast Statue","PreservedInsect","Juzu Bracelet","Blue Candle"],"potions_floor_usage":[16,19,19,24,24,24,33,33],"damage_taken":[{"damage":0,"enemies":"Jaw Worm","floor":1,"turns":1},{"damage":0,"enemies":"Small Slimes","floor":5,"turns":1},{"damage":0,"enemies":"Gremlin Nob","floor":6,"turns":1},{"damage":3,"enemies":"2 Louse","floor":7,"turns":2},{"damage":6,"enemies":"Exordium Thugs","floor":10,"turns":4},{"damage":9,"enemies":"Red Slaver","floor":12,"turns":2},{"damage":0,"enemies":"Large Slime","floor":14,"turns":3},{"damage":33,"enemies":"The Guardian","floor":16,"turns":11},{"damage":25,"enemies":"Shell Parasite","floor":18,"turns":5},{"damage":3,"enemies":"3 Byrds","floor":19,"turns":5},{"damage":19,"enemies":"Shelled Parasite and Fungi","floor":22,"turns":4},{"damage":25,"enemies":"Snecko","floor":24,"turns":6},{"damage":12,"enemies":"Chosen and Byrds","floor":30,"turns":7},{"damage":2,"enemies":"Centurion and Healer","floor":31,"turns":5},{"damage":48,"enemies":"Champ","floor":33,"turns":9}],"seed_played":"-3067430504690016547","potions_obtained":[{"floor":5,"key":"GamblersBrew"},{"floor":7,"key":"SkillPotion"},{"floor":10,"key":"FocusPotion"},{"floor":18,"key":"Swift Potion"},{"floor":19,"key":"Swift Potion"},{"floor":22,"key":"SpeedPotion"},{"floor":24,"key":"Strength Potion"},{"floor":30,"key":"Energy Potion"},{"floor":31,"key":"AttackPotion"}],"is_trial":false,"path_per_floor":["M","?","$","?","M","E","M","R","T","M","R","M","R","M","R","B",null,"M","M","$","?","M","R","M","R","T","$","?","?","M","M","R","B"],"character_chosen":"DEFECT","items_purchased":["Blood Vial","PreservedInsect"],"campfire_rested":2,"item_purchase_floors":[3,20],"current_hp_per_floor":[75,75,75,75,75,75,72,72,72,68,68,61,61,63,63,32,75,50,49,49,49,32,54,31,53,53,53,53,53,43,43,43,0],"gold":57,"neow_bonus":"THREE_ENEMY_KILL","is_prod":false,"is_daily":false,"chose_seed":false,"campfire_upgraded":2,"win_rate":0,"timestamp":1549036160,"path_taken":["M","?","$","?","M","E","M","R","T","M","R","M","R","M","R","BOSS","M","M","$","?","M","R","M","R","T","$","?","?","M","M","R","BOSS"],"build_version":"2019-01-23","purchased_purges":3,"victory":false,"max_hp_per_floor":[75,75,75,75,75,75,75,75,75,75,75,75,75,75,75,75,75,75,75,75,75,75,75,75,75,75,75,75,75,75,75,75,75],"card_choices":[{"not_picked":["Sweeping Beam","Stack"],"picked":"Beam Cell","floor":1},{"not_picked":["Beam Cell","Go for the Eyes"],"picked":"Streamline","floor":5},{"not_picked":["Chaos","Undo"],"picked":"Gash","floor":6},{"not_picked":["Stack","Hello World","Compile Driver"],"picked":"SKIP","floor":7},{"not_picked":["FTL","All For One"],"picked":"Coolheaded","floor":10},{"not_picked":["Conserve Battery","Rip and Tear"],"picked":"Hologram","floor":12},{"not_picked":["Capacitor","Beam Cell","Steam"],"picked":"SKIP","floor":14},{"not_picked":["Blizzard","Turbo","Compile Driver"],"picked":"SKIP","floor":18},{"not_picked":["Capacitor","Sweeping Beam"],"picked":"Gash","floor":19},{"not_picked":["Ball Lightning","Static Discharge+1","Turbo+1"],"picked":"SKIP","floor":22},{"not_picked":["Rip and Tear","Streamline"],"picked":"Conserve Battery+1","floor":24},{"not_picked":["Scrape","Conserve Battery","Storm"],"picked":"SKIP","floor":30},{"not_picked":["Compile Driver","Streamline","Tempest"],"picked":"SKIP","floor":31}],"player_experience":55545,"relics_obtained":[{"floor":6,"key":"Girya"},{"floor":9,"key":"Matryoshka"},{"floor":26,"key":"Juzu Bracelet"},{"floor":26,"key":"Blue Candle"}],"event_choices":[{"damage_healed":0,"gold_gain":175,"player_choice":"AGREE","damage_taken":0,"max_hp_gain":0,"max_hp_loss":0,"event_name":"Liars Game","floor":2,"gold_loss":0,"cards_obtained":["Doubt"]},{"damage_healed":0,"gold_gain":0,"player_choice":"Box","damage_taken":0,"relics_obtained":["Gremlin Horn"],"max_hp_gain":0,"max_hp_loss":0,"event_name":"Big Fish","floor":4,"gold_loss":0,"cards_obtained":["Regret"]},{"damage_healed":0,"gold_gain":99,"player_choice":"Stole From Cult","damage_taken":0,"max_hp_gain":0,"max_hp_loss":0,"event_name":"Nest","floor":21,"gold_loss":0},{"cards_removed":["Strike_B"],"damage_healed":0,"gold_gain":0,"player_choice":"Took Card","damage_taken":0,"max_hp_gain":0,"max_hp_loss":0,"event_name":"NoteForYourself","floor":28,"gold_loss":0,"cards_obtained":["Strike_G"]},{"cards_removed":["Defend_B"],"damage_healed":0,"gold_gain":0,"player_choice":"Upgrade and Remove","damage_taken":0,"max_hp_gain":0,"max_hp_loss":0,"event_name":"Designer","floor":29,"gold_loss":90,"cards_upgraded":["Beam Cell"]}],"is_beta":false,"boss_relics":[{"not_picked":["Nuclear Battery","Snecko Eye"],"picked":"White Beast Statue"}],"items_purged_floors":[3,20,27],"is_endless":false,"potions_floor_spawned":[5,7,10,14,18,19,22,24,30,31],"killed_by":"Champ","ascension_level":0}