{"gold_per_floor":[215,234,159,159,172,172,200,3,53,68,86,101,136,146,146,250,250,266,266,283,53,67,67,79,79,134,165,75,75,89,89,89,186,186,204,204,204,223,223,255,255,255,255,267,13,13,25,43,43,43],"floor_reached":51,"playtime":1863,"items_purged":["Strike_B","Defend_B","Defend_B"],"score":931,"play_id":"2cedad86-dc28-4c69-870c-c63228ea10fa","local_time":"20190202054514","is_ascension_mode":true,"campfire_choices":[{"data":"Hologram","floor":6.0,"key":"SMITH"},{"floor":15.0,"key":"REST"},{"data":"Defragment","floor":23.0,"key":"SMITH"},{"data":"Hologram","floor":25.0,"key":"SMITH"},{"floor":29.0,"key":"REST"},{"data":"Finesse","floor":32.0,"key":"SMITH"},{"data":"Core Surge","floor":41.0,"key":"SMITH"},{"data":"Consume","floor":46,"key":"SMITH"},{"floor":49,"key":"REST"}],"neow_cost":"NONE","seed_source_timestamp":362980710066800,"circlet_count":0,"master_deck":["Strike_B+1","Strike_B+1","Defend_B+1","Defend_B+1","Dualcast+1","Gash+1","Conserve Battery+1","Hologram+1","Hologram+1","Finesse+1","Glacier+1","Electrodynamics+1","Glacier+1","Seek+1","Blizzard+1","Gash+1","Defragment+1","Core Surge+1","Biased Cognition+1","Core Surge+1","Biased Cognition+1","Parasite","Consume+1","Gash"],"special_seed":0,"relics":["FrozenCore","Happy Flower","Regal Pillow","Du-Vu Doll","Bronze Scales","Art of War","Blood Vial","Inserter","Mark of the Bloom","FossilizedHelix","Letter Opener","ClockworkSouvenir"],"potions_floor_usage":[],"damage_taken":[{"damage":0.0,"enemies":"2 Louse","floor":1.0,"turns":3.0},{"damage":1.0,"enemies":"Cultist","floor":2.0,"turns":3.0},{"damage":4.0,"enemies":"Jaw Worm","floor":5.0,"turns":4.0},{"damage":11.0,"enemies":"3 Sentries","floor":7.0,"turns":7.0},{"damage":3.0,"enemies":"3 Louse","floor":10.0,"turns":3.0},{"damage":29.0,"enemies":"Gremlin Gang","floor":11.0,"turns":4.0},{"damage":8.0,"enemies":"Large Slime","floor":12.0,"turns":7.0},{"damage":19.0,"enemies":"Lagavulin","floor":13.0,"turns":6.0},{"damage":0.0,"enemies":"Looter","floor":14.0,"turns":3.0},{"damage":20.0,"enemies":"Hexaghost","floor":16.0,"turns":16.0},{"damage":0.0,"enemies":"3 Byrds","floor":18.0,"turns":4.0},{"damage":0.0,"enemies":"Shell Parasite","floor":20.0,"turns":6.0},{"damage":28.0,"enemies":"Snake Plant","floor":22.0,"turns":4.0},{"damage":0.0,"enemies":"3 Cultists","floor":24.0,"turns":2.0},{"damage":17.0,"enemies":"Gremlin Leader","floor":27.0,"turns":6.0},{"damage":12.0,"enemies":"Centurion and Healer","floor":30.0,"turns":6.0},{"damage":37.0,"enemies":"Collector","floor":33.0,"turns":11.0},{"damage":5.0,"enemies":"Orb Walker","floor":35.0,"turns":5.0},{"damage":0.0,"enemies":"3 Darklings","floor":38.0,"turns":6.0},{"damage":0.0,"enemies":"Nemesis","floor":40.0,"turns":9.0},{"damage":0,"enemies":"Writhing Mass","floor":44,"turns":6},{"damage":0,"enemies":"Maw","floor":47,"turns":7},{"damage":11,"enemies":"Jaw Worm Horde","floor":48,"turns":3},{"damage":0,"enemies":"Time Eater","floor":50,"turns":14}],"seed_played":"-3304786119293705196","potions_obtained":[{"floor":1.0,"key":"Dexterity Potion"},{"floor":2.0,"key":"Regen Potion"},{"floor":12.0,"key":"Energy Potion"},{"floor":13.0,"key":"Energy Potion"},{"floor":16.0,"key":"LiquidBronze"},{"floor":30.0,"key":"Energy Potion"},{"floor":33.0,"key":"GamblersBrew"},{"floor":40.0,"key":"FairyPotion"},{"floor":44,"key":"SteroidPotion"}],"is_trial":false,"path_per_floor":["M","M","$","?","M","R","E","$","T","M","M","M","E","M","R","B",null,"M","?","M","$","M","R","M","R","T","E","?","R","M","$","R","B",null,"M","?","?","M","?","E","R","?","T","M","$","R","M","M","R","B",null],"character_chosen":"DEFECT","items_purchased":["Finesse","Gash","Defragment","ClockworkSouvenir","Gash"],"campfire_rested":3,"item_purchase_floors":[8,21,21,45,45],"current_hp_per_floor":[75,74,74,74,70,70,59,59,59,56,39,31,12,12,49,29,75,75,75,75,75,47,47,47,47,47,30,30,67,57,57,57,22,75,70,70,70,72,72,72,72,72,72,72,72,72,72,61,61,61],"gold":43,"neow_bonus":"HUNDRED_GOLD","is_prod":false,"is_daily":false,"chose_seed":false,"campfire_upgraded":6,"win_rate":0,"timestamp":1549082714,"path_taken":["M","M","$","?","?","R","E","$","T","M","M","M","E","M","R","BOSS","M","?","M","$","M","R","M","R","T","E","?","R","?","$","R","BOSS","M","?","?","M","?","E","R","?","T","M","$","R","M","?","R","BOSS"],"build_version":"2019-01-23","purchased_purges":3,"victory":true,"max_hp_per_floor":[75,75,75,75,75,75,75,75,75,75,75,75,75,75,75,75,75,75,75,75,75,75,75,75,75,75,75,75,75,75,75,75,75,75,75,75,75,75,75,75,75,75,75,75,75,75,75,75,75,75],"card_choices":[{"not_picked":["Capacitor","Barrage"],"picked":"Gash","floor":1.0},{"not_picked":["Blizzard","Fusion"],"picked":"Conserve Battery","floor":2.0},{"not_picked":["Leap","Double Energy"],"picked":"Hologram","floor":5.0},{"not_picked":["Reinforced Body","Steam"],"picked":"Hologram","floor":7.0},{"not_picked":["Compile Driver","Rebound","Stack"],"picked":"SKIP","floor":10.0},{"not_picked":["Beam Cell","Cold Snap"],"picked":"Glacier","floor":11.0},{"not_picked":["Coolheaded","Rebound"],"picked":"Electrodynamics","floor":12.0},{"not_picked":["Tempest","Fusion"],"picked":"Glacier","floor":13.0},{"not_picked":["Barrage","Skim","Tempest"],"picked":"SKIP","floor":14.0},{"not_picked":["Multi-Cast","Hyperbeam"],"picked":"Seek","floor":16.0},{"not_picked":["Steam+1","Leap"],"picked":"Blizzard+1","floor":18.0},{"not_picked":["Steam","Leap","Undo+1"],"picked":"SKIP","floor":20.0},{"not_picked":["Undo","Streamline","Genetic Algorithm"],"picked":"SKIP","floor":22.0},{"not_picked":["Beam Cell","Steam Power","Genetic Algorithm"],"picked":"SKIP","floor":24.0},{"not_picked":["Cold Snap","Darkness+1","Rebound"],"picked":"SKIP","floor":27.0},{"not_picked":["Steam","Stack"],"picked":"Core Surge","floor":30.0},{"not_picked":["Fission","Reboot"],"picked":"Biased Cognition","floor":33.0},{"not_picked":["Stack","Beam Cell+1","Cold Snap+1"],"picked":"SKIP","floor":35.0},{"not_picked":["Darkness","Go for the Eyes+1","Sweeping Beam+1"],"picked":"SKIP","floor":38.0},{"not_picked":["Streamline+1","Reprogram+1"],"picked":"Core Surge","floor":40.0},{"not_picked":["Auto Shields","Ball Lightning"],"picked":"Consume","floor":44},{"not_picked":["Force Field","Hologram+1","Reprogram+1"],"picked":"SKIP","floor":47},{"not_picked":["Leap","Conserve Battery","Force Field"],"picked":"SKIP","floor":48}],"player_experience":57493,"relics_obtained":[{"floor":7.0,"key":"Happy Flower"},{"floor":9.0,"key":"Regal Pillow"},{"floor":13.0,"key":"Du-Vu Doll"},{"floor":26.0,"key":"Art of War"},{"floor":27.0,"key":"Blood Vial"},{"floor":40.0,"key":"FossilizedHelix"},{"floor":43.0,"key":"Letter Opener"}],"event_choices":[{"damage_healed":0.0,"max_hp_gain":0.0,"max_hp_loss":0.0,"gold_gain":0.0,"event_name":"Upgrade Shrine","player_choice":"Upgraded","floor":4.0,"gold_loss":0.0,"damage_taken":0.0,"cards_upgraded":["Zap"]},{"damage_healed":0.0,"max_hp_gain":0.0,"max_hp_loss":0.0,"gold_gain":0.0,"event_name":"The Mausoleum","player_choice":"Opened","floor":19.0,"gold_loss":0.0,"damage_taken":0.0,"relics_obtained":["Bronze Scales"]},{"cards_removed":["Strike_B"],"damage_healed":0.0,"max_hp_gain":0.0,"max_hp_loss":0.0,"gold_gain":0.0,"event_name":"Designer","player_choice":"Upgrade and Remove","floor":28.0,"gold_loss":90.0,"damage_taken":0.0,"cards_upgraded":["Dualcast"]},{"damage_healed":0.0,"max_hp_gain":0.0,"max_hp_loss":0.0,"gold_gain":0.0,"event_name":"Tomb of Lord Red Mask","player_choice":"Ignored","floor":36.0,"gold_loss":0.0,"damage_taken":0.0},{"cards_removed":["Zap"],"damage_healed":0.0,"max_hp_gain":0.0,"max_hp_loss":0.0,"gold_gain":0.0,"event_name":"Falling","player_choice":"Removed Skill","floor":37.0,"gold_loss":0.0,"damage_taken":0.0},{"damage_healed":0.0,"max_hp_gain":0.0,"max_hp_loss":0.0,"gold_gain":0.0,"event_name":"MindBloom","player_choice":"Upgrade","floor":39.0,"gold_loss":0.0,"damage_taken":0.0,"cards_upgraded":["Strike_B","Strike_B","Defend_B","Defend_B","Gash","Conserve Battery","Glacier","Electrodynamics","Glacier","Seek","Gash","Core Surge","Biased Cognition"],"relics_obtained":["Mark of the Bloom"]},{"damage_healed":0.0,"max_hp_gain":0.0,"max_hp_loss":0.0,"gold_gain":0.0,"event_name":"Duplicator","player_choice":"Copied","floor":42.0,"gold_loss":0.0,"damage_taken":0.0,"cards_obtained":["Biased Cognition"]}],"is_beta":false,"boss_relics":[{"not_picked":["Astrolabe","Ectoplasm"],"picked":"FrozenCore"},{"not_picked":["Black Star","Runic Dome"],"picked":"Inserter"}],"items_purged_floors":[3,8,21],"is_endless":false,"potions_floor_spawned":[1,2,12,13,16,30,33,40,44],"ascension_level":4}