{"gold_per_floor":[118,118,131,131,231,270,270,283,355,369,369,393,417,14,14,133,133,154,173,173,173,173,173,207,207,207,222,238,257,26,50,50,178,178,202,202,223,223,236,270,270,270,270,270,603,603,619,635,635,635],"floor_reached":50,"playtime":8183,"items_purged":["Defend_B+1"],"score":569,"play_id":"2dd31218-287b-40ec-9443-c2c6c116f001","local_time":"20190527225510","is_ascension_mode":false,"campfire_choices":[{"floor":7,"key":"REST"},{"floor":11,"key":"REST"},{"floor":15,"key":"REST"},{"data":"Static Discharge","floor":23,"key":"SMITH"},{"floor":25,"key":"REST"},{"floor":32,"key":"REST"},{"data":"Darkness","floor":41,"key":"SMITH"},{"data":"FTL","floor":44,"key":"SMITH"},{"data":"Leap","floor":46,"key":"SMITH"},{"floor":49,"key":"REST"}],"neow_cost":"NONE","seed_source_timestamp":22127627926700,"circlet_count":0,"master_deck":["Strike_B+1","Strike_B+1","Strike_B+1","Defend_B+1","Defend_B+1","Defend_B+1","Zap","Dualcast","Leap+1","Hello World","Reboot","Darkness+1","Static Discharge+1","FTL+1","Heatsinks","Tempest+1","Lockon+1","Multi-Cast+1","Barrage+1","Compile Driver+1","Ghostly+1","Ghostly+1","Ghostly+1","Ghostly+1","Ghostly+1","Multi-Cast+1","FTL+1","Thunder Strike+1","BootSequence+1","Self Repair+1","Writhe","Ball Lightning+1","Parasite"],"relics":["Cracked Core","Strawberry","Bottled Tornado","Toxic Egg 2","Lizard Tail","Whetstone","Thread and Needle","Molten Egg 2","Blood Vial","Runic Pyramid","Ancient Tea Set","Centennial Puzzle","Letter Opener"],"potions_floor_usage":[24,33,33,33,50],"damage_taken":[{"damage":0,"enemies":"Small Slimes","floor":1,"turns":3},{"damage":0,"enemies":"Jaw Worm","floor":3,"turns":5},{"damage":29,"enemies":"Gremlin Nob","floor":6,"turns":5},{"damage":1,"enemies":"Cultist","floor":8,"turns":3},{"damage":4,"enemies":"Red Slaver","floor":10,"turns":6},{"damage":10,"enemies":"Large Slime","floor":12,"turns":4},{"damage":14,"enemies":"Exordium Thugs","floor":13,"turns":4},{"damage":41,"enemies":"Slime Boss","floor":16,"turns":9},{"damage":18,"enemies":"Spheric Guardian","floor":18,"turns":4},{"damage":0,"enemies":"Chosen","floor":19,"turns":4},{"damage":12,"enemies":"Book of Stabbing","floor":24,"turns":5},{"damage":1,"enemies":"Shelled Parasite and Fungi","floor":27,"turns":7},{"damage":16,"enemies":"3 Cultists","floor":28,"turns":7},{"damage":0,"enemies":"Snake Plant","floor":29,"turns":4},{"damage":0,"enemies":"Cultist and Chosen","floor":31,"turns":6},{"damage":44,"enemies":"Collector","floor":33,"turns":16},{"damage":34,"enemies":"3 Shapes","floor":35,"turns":8},{"damage":0,"enemies":"Orb Walker","floor":37,"turns":5},{"damage":0,"enemies":"4 Shapes","floor":39,"turns":7},{"damage":0,"enemies":"Nemesis","floor":40,"turns":13},{"damage":4,"enemies":"3 Darklings","floor":47,"turns":6},{"damage":45,"enemies":"Writhing Mass","floor":48,"turns":10},{"damage":58,"enemies":"Donu and Deca","floor":50,"turns":8}],"seed_played":"4649164595313868657","potions_obtained":[{"floor":8,"key":"SneckoOil"},{"floor":12,"key":"SpeedPotion"},{"floor":16,"key":"PowerPotion"},{"floor":19,"key":"PowerPotion"},{"floor":24,"key":"Swift Potion"},{"floor":27,"key":"Energy Potion"},{"floor":33,"key":"Swift Potion"},{"floor":40,"key":"Dexterity Potion"},{"floor":47,"key":"FearPotion"}],"is_trial":false,"path_per_floor":["M","?","M","?","?","E","R","M","T","M","R","M","M","$","R","B",null,"M","M","?","T","?","R","E","R","T","M","M","M","$","M","R","B",null,"M","?","M","?","M","E","R","?","T","R","?","R","M","M","R","B"],"character_chosen":"DEFECT","items_purchased":["Toxic Egg 2","Tempest+1","Lockon","Blood Vial"],"campfire_rested":6,"item_purchase_floors":[14,14,14,30],"current_hp_per_floor":[82,62,62,67,67,45,73,72,72,68,94,84,70,70,94,53,94,76,76,76,76,47,47,35,47,47,46,30,30,30,32,46,3,47,13,13,15,27,29,41,41,41,41,41,41,41,39,33,47,0],"gold":635,"neow_bonus":"TEN_PERCENT_HP_BONUS","is_prod":false,"is_daily":false,"chose_seed":false,"campfire_upgraded":4,"win_rate":0.0,"timestamp":1559012110,"path_taken":["M","?","M","?","?","E","R","M","T","M","R","M","?","?","R","BOSS","M","M","?","?","?","R","E","R","T","M","M","M","$","M","R","BOSS","M","?","?","?","M","E","R","?","T","R","?","R","M","M","R","BOSS"],"build_version":"2019-01-23","purchased_purges":1,"victory":false,"max_hp_per_floor":[82,82,82,87,87,94,94,94,94,94,94,94,94,94,94,94,94,94,94,94,94,47,47,47,47,47,47,47,47,47,47,47,47,47,47,47,47,47,47,47,47,47,47,47,47,47,47,47,47,47],"card_choices":[{"not_picked":["Beam Cell","Go for the Eyes"],"picked":"Leap","floor":1},{"not_picked":["Beam Cell","Steam"],"picked":"Hello World","floor":3},{"not_picked":["Sweeping Beam","Leap"],"picked":"Reboot","floor":6},{"not_picked":["Compile Driver","Barrage"],"picked":"Darkness","floor":8},{"not_picked":["Barrage","Go for the Eyes"],"picked":"Static Discharge","floor":10},{"not_picked":["Barrage","Gash"],"picked":"FTL","floor":12},{"not_picked":["Barrage","Leap"],"picked":"Heatsinks","floor":13},{"not_picked":["Amplify+1","Rainbow+1"],"picked":"Multi-Cast+1","floor":16},{"not_picked":["Cold Snap","Compile Driver"],"picked":"Barrage+1","floor":18},{"not_picked":["Hologram+1","Skim+1"],"picked":"Compile Driver","floor":19},{"not_picked":["Compile Driver","Tempest+1"],"picked":"Multi-Cast+1","floor":24},{"not_picked":["Darkness+1","Steam Power+1"],"picked":"FTL+1","floor":27},{"not_picked":["Barrage+1","Stack+1","Coolheaded+1"],"picked":"SKIP","floor":28},{"not_picked":["Heatsinks","Leap+1","Rip and Tear+1"],"picked":"SKIP","floor":29},{"not_picked":["Redo+1","Conserve Battery+1","Blizzard+1"],"picked":"SKIP","floor":31},{"not_picked":["Amplify+1","Rainbow+1"],"picked":"Thunder Strike+1","floor":33},{"not_picked":["Redo+1","Steam+1"],"picked":"BootSequence+1","floor":35},{"not_picked":["Redo+1","Aggregate+1"],"picked":"Self Repair+1","floor":37},{"not_picked":["Sweeping Beam+1","Scrape+1","Heatsinks"],"picked":"SKIP","floor":39},{"not_picked":["Thunder Strike+1","Capacitor","Lockon+1"],"picked":"SKIP","floor":40},{"not_picked":["Stack+1","Double Energy+1"],"picked":"Ball Lightning+1","floor":47},{"not_picked":["Double Energy+1","Force Field+1","Hologram+1"],"picked":"SKIP","floor":48}],"player_experience":13985,"relics_obtained":[{"floor":6,"key":"Strawberry"},{"floor":9,"key":"Bottled Tornado"},{"floor":21,"key":"Whetstone"},{"floor":24,"key":"Thread and Needle"},{"floor":26,"key":"Molten Egg 2"},{"floor":36,"key":"Ancient Tea Set"},{"floor":40,"key":"Centennial Puzzle"},{"floor":43,"key":"Letter Opener"}],"event_choices":[{"damage_healed":0,"gold_gain":0,"player_choice":"Take Damage","damage_taken":20,"relics_obtained":["Golden Idol"],"max_hp_gain":0,"max_hp_loss":0,"event_name":"Golden Idol","floor":2,"gold_loss":0},{"damage_healed":0,"gold_gain":0,"player_choice":"Donut","damage_taken":0,"max_hp_gain":5,"max_hp_loss":0,"event_name":"Big Fish","floor":4,"gold_loss":0},{"damage_healed":0,"gold_gain":100,"player_choice":"Pray","damage_taken":0,"max_hp_gain":0,"max_hp_loss":0,"event_name":"Golden Shrine","floor":5,"gold_loss":0},{"damage_healed":0,"gold_gain":0,"player_choice":"Simplicity","damage_taken":0,"max_hp_gain":0,"max_hp_loss":0,"event_name":"Back to Basics","floor":20,"gold_loss":0,"cards_upgraded":["Strike_B","Strike_B","Strike_B","Strike_B","Defend_B","Defend_B","Defend_B","Defend_B"]},{"damage_healed":0,"gold_gain":0,"player_choice":"Became a Ghost","damage_taken":0,"max_hp_gain":0,"max_hp_loss":47,"event_name":"Ghosts","floor":22,"gold_loss":0,"cards_obtained":["Ghostly","Ghostly","Ghostly","Ghostly","Ghostly"]},{"damage_healed":0,"gold_gain":0,"player_choice":"Relic","damage_taken":0,"max_hp_gain":0,"max_hp_loss":0,"event_name":"Wheel of Change","floor":36,"gold_loss":0},{"damage_healed":12,"gold_gain":0,"player_choice":"Writhe","damage_taken":0,"max_hp_gain":0,"max_hp_loss":0,"event_name":"Winding Halls","floor":38,"gold_loss":0,"cards_obtained":["Writhe"]},{"cards_removed":["Strike_B"],"damage_healed":0,"gold_gain":0,"player_choice":"Removed Attack","damage_taken":0,"max_hp_gain":0,"max_hp_loss":0,"event_name":"Falling","floor":42,"gold_loss":0},{"damage_healed":0,"gold_gain":333,"player_choice":"Gave Idol","damage_taken":0,"max_hp_gain":0,"max_hp_loss":0,"event_name":"The Moai Head","floor":45,"relics_lost":["Golden Idol"],"gold_loss":0}],"is_beta":false,"boss_relics":[{"not_picked":["Snecko Eye","Black Star"],"picked":"Lizard Tail"},{"not_picked":["Philosopher\u0027s Stone","White Beast Statue"],"picked":"Runic Pyramid"}],"items_purged_floors":[30],"is_endless":false,"potions_floor_spawned":[8,12,16,19,24,27,33,40,47],"killed_by":"Donu and Deca","ascension_level":0}