{"gold_per_floor":[112,128,148,167,185,210,230,244,269,287,287],"floor_reached":11,"playtime":667,"items_purged":[],"score":113,"play_id":"a4092753-241c-425e-b36a-dc32fd1b99e9","local_time":"20190509165843","is_ascension_mode":true,"campfire_choices":[],"neow_cost":"NONE","seed_source_timestamp":4415940934925904,"circlet_count":0,"master_deck":["Strike_R","Strike_R","Strike_R","Strike_R","Strike_R","Defend_R","Defend_R","Defend_R","Defend_R","Bash","Armaments","Heavy Blade","Pommel Strike","Corruption","Entrench","Fiend Fire","Uppercut","Clothesline","Spot Weakness"],"relics":["Burning Blood","Ornamental Fan","Pen Nib"],"potions_floor_usage":[5,8],"damage_taken":[{"damage":1,"enemies":"Cultist","floor":1,"turns":4},{"damage":0,"enemies":"Small Slimes","floor":2,"turns":4},{"damage":6,"enemies":"Jaw Worm","floor":3,"turns":4},{"damage":11,"enemies":"Looter","floor":4,"turns":4},{"damage":20,"enemies":"Lots of Slimes","floor":5,"turns":7},{"damage":55,"enemies":"Lagavulin","floor":6,"turns":8},{"damage":0,"enemies":"3 Louse","floor":7,"turns":3},{"damage":6,"enemies":"Large Slime","floor":8,"turns":6},{"damage":10,"enemies":"Blue Slaver","floor":10,"turns":4},{"damage":27,"enemies":"Gremlin Nob","floor":11,"turns":3}],"seed_played":"-7571781008260720902","potions_obtained":[{"floor":2,"key":"EssenceOfSteel"},{"floor":6,"key":"Swift Potion"},{"floor":7,"key":"SkillPotion"}],"is_trial":false,"path_per_floor":["M"],"character_chosen":"IRONCLAD","items_purchased":[],"campfire_rested":0,"item_purchase_floors":[],"current_hp_per_floor":[85,88,88,83,69,20,26,26,26,22,0],"gold":287,"neow_bonus":"TEN_PERCENT_HP_BONUS","is_prod":false,"is_daily":false,"chose_seed":false,"campfire_upgraded":0,"win_rate":0,"timestamp":1557435523,"path_taken":["M","M","M","M","M","E","M","M","T","?","E"],"build_version":"2019-01-23","purchased_purges":0,"victory":false,"max_hp_per_floor":[88,88,88,88,88,88,88,88,88,88,88],"card_choices":[{"not_picked":["Pommel Strike","Warcry"],"picked":"Armaments","floor":1},{"not_picked":["Cleave","Pommel Strike"],"picked":"Heavy Blade","floor":2},{"not_picked":["Warcry","Bloodletting"],"picked":"Pommel Strike","floor":3},{"not_picked":["Iron Wave","Headbutt"],"picked":"Corruption","floor":4},{"not_picked":["Flex","Pommel Strike"],"picked":"Entrench","floor":5},{"not_picked":["Rampage","Seeing Red"],"picked":"Fiend Fire","floor":6},{"not_picked":["Thunderclap","Headbutt"],"picked":"Uppercut","floor":7},{"not_picked":["Twin Strike","Thunderclap"],"picked":"Clothesline","floor":8},{"not_picked":["Sword Boomerang","Thunderclap"],"picked":"Spot Weakness","floor":10}],"player_experience":340319,"relics_obtained":[{"floor":6,"key":"Ornamental Fan"},{"floor":9,"key":"Pen Nib"}],"event_choices":[],"is_beta":false,"boss_relics":[],"items_purged_floors":[],"is_endless":false,"potions_floor_spawned":[2,6,7],"killed_by":"Gremlin Nob","ascension_level":8}