{"gold_per_floor":[114,114,114,114,39,78,90,121,157,193,205,237,6,46,46,46],"floor_reached":16,"playtime":338,"items_purged":["Defend_G","Strike_G"],"score":219,"play_id":"d2c9bc80-0c98-47df-a681-b9210fe9581a","local_time":"20190516230914","is_ascension_mode":true,"campfire_choices":[{"data":"Blade Dance","floor":7,"key":"SMITH"},{"data":"Blur","floor":11,"key":"SMITH"},{"floor":15,"key":"REST"}],"neow_cost":"NONE","seed_source_timestamp":131799931647158,"circlet_count":0,"master_deck":["AscendersBane","Defend_G","Defend_G+1","Defend_G","Defend_G","Strike_G","Strike_G","Strike_G","Strike_G","Survivor+1","Neutralize+1","Accuracy","Blade Dance+1","Accuracy","Blur+1"],"relics":["Ring of the Snake","NeowsBlessing","Golden Idol","MawBank","Oddly Smooth Stone","Blood Vial","Orichalcum"],"potions_floor_usage":[14,14],"damage_taken":[{"damage":0,"enemies":"2 Louse","floor":1,"turns":1},{"damage":0,"enemies":"Lagavulin","floor":6,"turns":1},{"damage":0,"enemies":"Jaw Worm","floor":8,"turns":1},{"damage":0,"enemies":"Cultist","floor":10,"turns":5},{"damage":5,"enemies":"Exordium Thugs","floor":12,"turns":5},{"damage":13,"enemies":"3 Sentries","floor":14,"turns":9},{"damage":49,"enemies":"Slime Boss","floor":16,"turns":8}],"seed_played":"-1956812684959373757","potions_obtained":[{"floor":1,"key":"SteroidPotion"},{"floor":8,"key":"GamblersBrew"}],"is_trial":false,"path_per_floor":["M","?","?","?","$","E","R","M","T","M","R","M","$","E","R","B"],"character_chosen":"THE_SILENT","items_purchased":["Blood Vial"],"campfire_rested":1,"item_purchase_floors":[13],"current_hp_per_floor":[63,63,49,32,32,32,32,32,32,32,32,27,27,16,37,0],"gold":46,"neow_bonus":"THREE_ENEMY_KILL","is_prod":false,"is_daily":false,"chose_seed":false,"campfire_upgraded":2,"win_rate":0,"timestamp":1558040954,"path_taken":["M","?","?","?","$","E","R","?","T","M","R","?","?","E","R","BOSS"],"build_version":"2019-01-23","purchased_purges":2,"victory":false,"max_hp_per_floor":[70,70,70,70,70,70,70,70,70,70,70,70,70,70,70,70],"card_choices":[{"not_picked":["Outmaneuver","Concentrate"],"picked":"Accuracy","floor":1},{"not_picked":["Quick Slash","Slice"],"picked":"Blade Dance","floor":6},{"not_picked":["Flechettes","Noxious Fumes"],"picked":"Accuracy","floor":8},{"not_picked":["Quick Slash","Deadly Poison"],"picked":"Blur","floor":10},{"not_picked":["Tactician","Predator","Deadly Poison"],"picked":"SKIP","floor":12},{"not_picked":["Heel Hook","Endless Agony","Bane"],"picked":"SKIP","floor":14}],"player_experience":220988,"relics_obtained":[{"floor":6,"key":"MawBank"},{"floor":9,"key":"Oddly Smooth Stone"},{"floor":14,"key":"Orichalcum"}],"event_choices":[{"damage_healed":0,"gold_gain":0,"player_choice":"Grow","damage_taken":0,"max_hp_gain":0,"max_hp_loss":0,"event_name":"Living Wall","floor":2,"gold_loss":0,"cards_upgraded":["Neutralize"]},{"damage_healed":0,"gold_gain":0,"player_choice":"Entered Light","damage_taken":14,"max_hp_gain":0,"max_hp_loss":0,"event_name":"Shining Light","floor":3,"gold_loss":0,"cards_upgraded":["Defend_G","Survivor"]},{"damage_healed":0,"gold_gain":0,"player_choice":"Take Damage","damage_taken":17,"relics_obtained":["Golden Idol"],"max_hp_gain":0,"max_hp_loss":0,"event_name":"Golden Idol","floor":4,"gold_loss":0}],"is_beta":false,"boss_relics":[],"items_purged_floors":[5,13],"is_endless":false,"potions_floor_spawned":[1,8],"killed_by":"Slime Boss","ascension_level":13}