{"gold_per_floor":[109,384,394,22,38,12,12,38,88,88,121,146,170,182,194,309,321,346,369,401,424,448,460,472],"floor_reached":24,"playtime":2305,"items_purged":["Regret"],"score":250,"play_id":"29a906b5-bf36-4b1c-ad1e-a104308a6df1","local_time":"20190502213155","is_ascension_mode":true,"campfire_choices":[{"data":"Neutralize","floor":10,"key":"SMITH"},{"floor":15,"key":"REST"},{"floor":23,"key":"REST"}],"neow_cost":"NONE","seed_source_timestamp":3825894095769565,"circlet_count":0,"master_deck":["Defend_G","Defend_G","Defend_G","Defend_G","Defend_G","Strike_G","Strike_G","Strike_G+1","Strike_G","Strike_G","Survivor","Neutralize+1","Backflip","Dash","Dash+1","Prepared","Deadly Poison","Backstab","Setup","Adrenaline","Accuracy","Infinite Blades","Crippling Poison+1","Backflip","Accuracy"],"relics":["Ring of the Snake","Bird Faced Urn","Orichalcum","Snake Skull","Blue Candle","MawBank","Black Star"],"potions_floor_usage":[20,21,21],"damage_taken":[{"damage":5,"enemies":"Cultist","floor":1,"turns":5},{"damage":3,"enemies":"2 Louse","floor":3,"turns":3},{"damage":0,"enemies":"Jaw Worm","floor":5,"turns":4},{"damage":7,"enemies":"3 Sentries","floor":8,"turns":12},{"damage":13,"enemies":"Lagavulin","floor":11,"turns":7},{"damage":0,"enemies":"Blue Slaver","floor":13,"turns":3},{"damage":17,"enemies":"The Guardian","floor":16,"turns":12},{"damage":37,"enemies":"Spheric Guardian","floor":18,"turns":8},{"damage":6,"enemies":"Shell Parasite","floor":19,"turns":8},{"damage":31,"enemies":"Centurion and Healer","floor":20,"turns":9},{"damage":6,"enemies":"Shelled Parasite and Fungi","floor":21,"turns":5},{"damage":7,"enemies":"Cultist and Chosen","floor":22,"turns":7},{"damage":34,"enemies":"Sentry and Sphere","floor":24,"turns":5}],"seed_played":"68764088190239349","potions_obtained":[{"floor":11,"key":"SkillPotion"},{"floor":16,"key":"SteroidPotion"},{"floor":18,"key":"GhostInAJar"},{"floor":19,"key":"Poison Potion"}],"is_trial":false,"path_per_floor":["?","M","M","$","?","T","$"],"character_chosen":"THE_SILENT","items_purchased":["Bird Faced Urn","Prepared"],"campfire_rested":2,"item_purchase_floors":[4,6],"current_hp_per_floor":[72,72,69,69,69,69,54,47,47,47,34,34,34,34,57,40,77,40,36,9,5,2,25,0],"gold":472,"neow_bonus":"TEN_PERCENT_HP_BONUS","is_prod":false,"is_daily":false,"chose_seed":false,"campfire_upgraded":1,"win_rate":0,"timestamp":1556847115,"path_taken":["M","?","?","$","?","?","?","E","T","R","E","?","M","?","R","BOSS","M","M","M","M","M","R","M"],"build_version":"2019-01-23","purchased_purges":1,"victory":false,"max_hp_per_floor":[77,77,77,77,77,77,77,77,77,77,77,77,77,77,77,77,77,77,77,77,77,77,77,77],"card_choices":[{"not_picked":["Cloak And Dagger","Slice"],"picked":"Backflip","floor":1},{"not_picked":["Dagger Spray","Eviscerate"],"picked":"Dash","floor":3},{"not_picked":["Sucker Punch","Predator"],"picked":"Dash","floor":5},{"not_picked":["Underhanded Strike","Masterful Stab"],"picked":"Deadly Poison","floor":8},{"not_picked":["Wraith Form v2","Choke"],"picked":"Backstab","floor":11},{"not_picked":["Bane","Quick Slash"],"picked":"Setup","floor":13},{"not_picked":["Venomology","Grand Finale"],"picked":"Adrenaline","floor":16},{"not_picked":["Deflect","Deadly Poison"],"picked":"Accuracy","floor":18},{"not_picked":["Catalyst","Sucker Punch"],"picked":"Infinite Blades","floor":19},{"not_picked":["Underhanded Strike","Caltrops"],"picked":"Crippling Poison+1","floor":20},{"not_picked":["Dagger Throw","Concentrate"],"picked":"Backflip","floor":21},{"not_picked":["Flying Knee+1","Setup"],"picked":"Accuracy","floor":22}],"player_experience":213990,"relics_obtained":[{"floor":8,"key":"Orichalcum"},{"floor":9,"key":"Snake Skull"},{"floor":11,"key":"Blue Candle"},{"floor":12,"key":"MawBank"}],"event_choices":[{"damage_healed":0,"gold_gain":275,"player_choice":"Desecrate","damage_taken":0,"max_hp_gain":0,"max_hp_loss":0,"event_name":"Golden Shrine","floor":2,"gold_loss":0,"cards_obtained":["Regret"]},{"damage_healed":0,"gold_gain":0,"player_choice":"Entered Light","damage_taken":15,"max_hp_gain":0,"max_hp_loss":0,"event_name":"Shining Light","floor":7,"gold_loss":0,"cards_upgraded":["Strike_G","Dash"]}],"is_beta":false,"boss_relics":[{"not_picked":["Empty Cage","Astrolabe"],"picked":"Black Star"}],"items_purged_floors":[4],"is_endless":false,"potions_floor_spawned":[11,16,18,19],"killed_by":"Sentry and Sphere","ascension_level":4}