{"gold_per_floor":[112,112,126,142,42,85,85,100,100,119,194,194,194],"floor_reached":13,"playtime":1017,"items_purged":["Injury"],"score":85,"play_id":"240dede0-42b8-45fe-86ff-bf54a94c8e51","local_time":"20190518182615","is_ascension_mode":false,"campfire_choices":[{"data":"Armaments","floor":7,"key":"SMITH"}],"neow_cost":"NONE","seed_source_timestamp":18088337238730,"circlet_count":0,"master_deck":["Strike_R","Strike_R","Strike_R","Strike_R","Strike_R","Defend_R","Defend_R","Defend_R","Defend_R","Bash","Pummel","Armaments","Armaments+1","Disarm","Shockwave","Battle Trance","Pain"],"relics":["Burning Blood","NeowsBlessing","Golden Idol","Potion Belt","WarpedTongs"],"potions_floor_usage":[6,13,13],"damage_taken":[{"damage":0,"enemies":"2 Louse","floor":1,"turns":1},{"damage":0,"enemies":"Small Slimes","floor":3,"turns":1},{"damage":0,"enemies":"Cultist","floor":4,"turns":1},{"damage":29,"enemies":"Gremlin Nob","floor":6,"turns":5},{"damage":1,"enemies":"Blue Slaver","floor":8,"turns":6},{"damage":20,"enemies":"Gremlin Gang","floor":10,"turns":8},{"damage":45,"enemies":"3 Sentries","floor":13,"turns":11}],"seed_played":"-7141674330486644384","potions_obtained":[{"floor":3,"key":"Strength Potion"},{"floor":8,"key":"BloodPotion"},{"floor":10,"key":"LiquidBronze"}],"is_trial":false,"path_per_floor":["M","?","M","M","$","E","R","M","T","M","?","?","E"],"character_chosen":"IRONCLAD","items_purchased":["Armaments"],"campfire_rested":0,"item_purchase_floors":[5],"current_hp_per_floor":[80,80,80,80,80,57,57,62,62,48,37,37,0],"gold":194,"neow_bonus":"THREE_ENEMY_KILL","is_prod":false,"is_daily":false,"chose_seed":false,"campfire_upgraded":1,"win_rate":0,"timestamp":1558214775,"path_taken":["M","?","M","M","$","E","R","M","T","M","?","?","E"],"build_version":"2019-01-23","purchased_purges":1,"victory":false,"max_hp_per_floor":[80,80,80,80,80,80,80,80,80,80,80,80,80],"card_choices":[{"not_picked":["Flex","Havoc","Clash"],"picked":"SKIP","floor":1},{"not_picked":["Clash","Clothesline"],"picked":"Pummel","floor":3},{"not_picked":["Heavy Blade","Anger"],"picked":"Armaments","floor":4},{"not_picked":["Evolve","Wild Strike"],"picked":"Disarm","floor":6},{"not_picked":["Flex","Clothesline"],"picked":"Shockwave","floor":8},{"not_picked":["Clash","Armaments"],"picked":"Battle Trance","floor":10}],"player_experience":119507,"relics_obtained":[{"floor":6,"key":"Potion Belt"}],"event_choices":[{"damage_healed":0,"gold_gain":0,"player_choice":"Take Wound","damage_taken":0,"relics_obtained":["Golden Idol"],"max_hp_gain":0,"max_hp_loss":0,"event_name":"Golden Idol","floor":2,"gold_loss":0,"cards_obtained":["Injury"]},{"damage_healed":0,"gold_gain":75,"player_choice":"Gather Gold","damage_taken":11,"max_hp_gain":0,"max_hp_loss":0,"event_name":"World of Goop","floor":11,"gold_loss":0},{"damage_healed":0,"gold_gain":0,"player_choice":"Rummage","damage_taken":0,"relics_obtained":["WarpedTongs"],"max_hp_gain":0,"max_hp_loss":0,"event_name":"Accursed Blacksmith","floor":12,"gold_loss":0,"cards_obtained":["Pain"]}],"is_beta":false,"boss_relics":[],"items_purged_floors":[5],"is_endless":false,"potions_floor_spawned":[3,8,10],"killed_by":"3 Sentries","ascension_level":0}