{"gold_per_floor":[114,114,39,55,73,104,119,149,175,190,208,208,208,221,221,318,318,338,348,359,374,392,392,422,422,446,446,475,485,502,517,517,622,622,636,159,171,145,160,185,185,200,270,289,321,321,321,337,337,337],"floor_reached":50,"playtime":5426,"items_purged":["Regret"],"score":612,"play_id":"860d15ea-2225-4a3f-ad9f-a041967346e6","local_time":"20190524233435","is_ascension_mode":false,"campfire_choices":[{"data":"Inflame","floor":13,"key":"SMITH"},{"data":"Inflame","floor":15,"key":"SMITH"},{"data":"Heavy Blade","floor":23,"key":"SMITH"},{"data":"Whirlwind","floor":25,"key":"SMITH"},{"data":"Heavy Blade","floor":27,"key":"SMITH"},{"data":"Bash","floor":32,"key":"SMITH"},{"floor":41,"key":"RECALL"},{"floor":47,"key":"REST"},{"data":"Demon Form","floor":49,"key":"SMITH"}],"neow_cost":"NONE","seed_source_timestamp":103827607525085,"circlet_count":0,"master_deck":["Strike_R+1","Strike_R","Strike_R","Strike_R+1","Strike_R","Defend_R","Defend_R","Defend_R","Defend_R","Bash+1","Clothesline","Inflame+1","Pommel Strike","Inflame+1","Shrug It Off","Spot Weakness","Shrug It Off","Disarm","Pummel","Heavy Blade+1","Iron Wave+1","Shrug It Off","Heavy Blade+1","Thunderclap","Whirlwind+1","Feed","Sword Boomerang+1","Pommel Strike+1","Demon Form+1","Swift Strike","Uppercut+1","Heavy Blade","Parasite","Inflame","Rampage+1","Flex","Headbutt","Cleave+1"],"relics":["Burning Blood","PreservedInsect","Whetstone","Red Skull","Happy Flower","Velvet Choker","Charon\u0027s Ashes","Pen Nib","Torii","Black Star","Brimstone","Potion Belt","Champion Belt","Unceasing Top","Juzu Bracelet","Smiling Mask"],"potions_floor_usage":[16,16,24,33,33,40,40,45,45,45,45,50],"damage_taken":[{"damage":2,"enemies":"2 Louse","floor":1,"turns":3},{"damage":1,"enemies":"Jaw Worm","floor":4,"turns":3},{"damage":0,"enemies":"Cultist","floor":5,"turns":3},{"damage":14,"enemies":"Gremlin Nob","floor":6,"turns":4},{"damage":17,"enemies":"Gremlin Gang","floor":7,"turns":5},{"damage":15,"enemies":"3 Sentries","floor":8,"turns":6},{"damage":9,"enemies":"3 Louse","floor":10,"turns":4},{"damage":11,"enemies":"2 Fungi Beasts","floor":11,"turns":3},{"damage":4,"enemies":"Exordium Thugs","floor":14,"turns":5},{"damage":17,"enemies":"Slime Boss","floor":16,"turns":7},{"damage":2,"enemies":"Spheric Guardian","floor":18,"turns":3},{"damage":20,"enemies":"2 Thieves","floor":19,"turns":3},{"damage":10,"enemies":"Snake Plant","floor":20,"turns":3},{"damage":20,"enemies":"Centurion and Healer","floor":21,"turns":4},{"damage":14,"enemies":"Sentry and Sphere","floor":22,"turns":4},{"damage":13,"enemies":"Slavers","floor":24,"turns":4},{"damage":11,"enemies":"Gremlin Leader","floor":28,"turns":3},{"damage":17,"enemies":"Shelled Parasite and Fungi","floor":29,"turns":3},{"damage":0,"enemies":"Centurion and Healer","floor":30,"turns":4},{"damage":0,"enemies":"Snake Plant","floor":31,"turns":1},{"damage":3,"enemies":"Champ","floor":33,"turns":7},{"damage":0,"enemies":"3 Shapes","floor":35,"turns":3},{"damage":1,"enemies":"Orb Walker","floor":37,"turns":3},{"damage":21,"enemies":"Writhing Mass","floor":39,"turns":4},{"damage":19,"enemies":"Nemesis","floor":40,"turns":3},{"damage":23,"enemies":"Spire Growth","floor":42,"turns":3},{"damage":15,"enemies":"Transient","floor":44,"turns":5},{"damage":40,"enemies":"Reptomancer","floor":45,"turns":3},{"damage":1,"enemies":"Maw","floor":48,"turns":4},{"damage":55,"enemies":"Awakened One","floor":50,"turns":4}],"seed_played":"-407514991771274876","potions_obtained":[{"floor":7,"key":"SteroidPotion"},{"floor":8,"key":"Explosive Potion"},{"floor":10,"key":"FearPotion"},{"floor":20,"key":"FearPotion"},{"floor":21,"key":"Fire Potion"},{"floor":28,"key":"EssenceOfSteel"},{"floor":33,"key":"BloodPotion"},{"floor":37,"key":"AttackPotion"},{"floor":39,"key":"Strength Potion"},{"floor":44,"key":"Dexterity Potion"},{"floor":48,"key":"FearPotion"}],"is_trial":false,"path_per_floor":["M","?","$","M","M","E","M","E","T","M","M","?","R","M","R","B",null,"M","M","M","M","M","R","E","R","T","R","E","M","M","M","R","B",null,"M","$","M","$","M","E","R","M","T","M","E","?","R","M","R","B"],"character_chosen":"IRONCLAD","items_purchased":["Swift Strike","Brimstone","Potion Belt","SteroidPotion","Heavy Blade"],"campfire_rested":1,"item_purchase_floors":[36,36,36,36,38],"current_hp_per_floor":[88,88,88,88,88,80,69,60,60,57,52,52,52,54,54,43,88,88,74,70,56,48,48,41,41,41,41,36,25,31,37,37,40,88,88,88,88,88,76,63,63,46,46,37,12,12,39,44,44,0],"gold":337,"neow_bonus":"TEN_PERCENT_HP_BONUS","is_prod":false,"is_daily":false,"chose_seed":false,"campfire_upgraded":7,"win_rate":0,"timestamp":1558751675,"path_taken":["M","?","$","M","M","E","M","E","T","M","M","?","R","M","R","BOSS","M","M","M","M","M","R","E","R","T","R","E","M","?","M","R","BOSS","M","$","M","$","M","E","R","M","T","M","E","?","R","M","R","BOSS"],"build_version":"2019-01-23","purchased_purges":1,"victory":false,"max_hp_per_floor":[88,88,88,88,88,88,88,88,88,88,88,88,88,88,88,88,88,88,88,88,88,88,88,88,88,88,88,88,88,88,88,88,88,88,88,88,88,88,91,91,91,91,91,91,91,91,91,91,91,91],"card_choices":[{"not_picked":["Feel No Pain","Flex"],"picked":"Clothesline","floor":1},{"not_picked":["Iron Wave","Anger"],"picked":"Inflame","floor":4},{"not_picked":["Warcry","Sever Soul"],"picked":"Pommel Strike","floor":5},{"not_picked":["Burning Pact","Headbutt"],"picked":"Inflame","floor":6},{"not_picked":["Brutality","Carnage"],"picked":"Shrug It Off","floor":7},{"not_picked":["Sentinel","Havoc"],"picked":"Spot Weakness","floor":8},{"not_picked":["Hemokinesis","Uppercut"],"picked":"Shrug It Off","floor":10},{"not_picked":["Twin Strike","Second Wind"],"picked":"Disarm","floor":11},{"not_picked":["Intimidate","Twin Strike"],"picked":"Pummel","floor":14},{"not_picked":["Offering","Impervious"],"picked":"Exhume","floor":16},{"not_picked":["Twin Strike+1","Battle Trance+1"],"picked":"Heavy Blade","floor":18},{"not_picked":["Intimidate","Body Slam"],"picked":"Iron Wave+1","floor":19},{"not_picked":["Sword Boomerang","Wild Strike"],"picked":"Shrug It Off","floor":20},{"not_picked":["Pummel","True Grit+1"],"picked":"Heavy Blade","floor":21},{"not_picked":["Bloodletting+1","Armaments"],"picked":"Thunderclap","floor":22},{"not_picked":["Impervious","Cleave"],"picked":"Whirlwind","floor":24},{"not_picked":["Combust+1","Intimidate"],"picked":"Feed","floor":28},{"not_picked":["Iron Wave","Pommel Strike"],"picked":"Sword Boomerang+1","floor":29},{"not_picked":["Wild Strike","Body Slam","Sword Boomerang"],"picked":"SKIP","floor":30},{"not_picked":["Ghostly Armor","Fiend Fire"],"picked":"Pommel Strike+1","floor":31},{"not_picked":["Limit Break","Impervious"],"picked":"Demon Form","floor":33},{"not_picked":["Warcry","Twin Strike+1","True Grit"],"picked":"SKIP","floor":35},{"not_picked":["Dropkick","Burning Pact+1"],"picked":"Uppercut+1","floor":37},{"not_picked":["Entrench","Havoc+1","Seeing Red"],"picked":"SKIP","floor":39},{"not_picked":["Iron Wave","Rampage+1"],"picked":"Inflame","floor":40},{"not_picked":["Thunderclap","Twin Strike+1"],"picked":"Rampage+1","floor":42},{"not_picked":["Armaments+1","Dual Wield"],"picked":"Flex","floor":44},{"not_picked":["Havoc+1","Corruption+1"],"picked":"Headbutt","floor":45},{"not_picked":["Twin Strike","Warcry"],"picked":"Cleave+1","floor":48}],"player_experience":144102,"relics_obtained":[{"floor":6,"key":"Whetstone"},{"floor":8,"key":"Red Skull"},{"floor":9,"key":"Happy Flower"},{"floor":24,"key":"Charon\u0027s Ashes"},{"floor":26,"key":"Pen Nib"},{"floor":28,"key":"Torii"},{"floor":40,"key":"Champion Belt"},{"floor":40,"key":"Unceasing Top"},{"floor":45,"key":"Juzu Bracelet"},{"floor":45,"key":"Smiling Mask"}],"event_choices":[{"damage_healed":0,"gold_gain":0,"player_choice":"Box","damage_taken":0,"relics_obtained":["PreservedInsect"],"max_hp_gain":0,"max_hp_loss":0,"event_name":"Big Fish","floor":2,"gold_loss":0,"cards_obtained":["Regret"]},{"damage_healed":0,"gold_gain":0,"player_choice":"Bought 0 Potions","damage_taken":0,"max_hp_gain":0,"max_hp_loss":0,"event_name":"The Woman in Blue","floor":12,"gold_loss":0},{"cards_removed":["Exhume"],"damage_healed":0,"gold_gain":0,"player_choice":"Removed Skill","damage_taken":0,"max_hp_gain":0,"max_hp_loss":0,"event_name":"Falling","floor":46,"gold_loss":0}],"is_beta":false,"boss_relics":[{"not_picked":["Pandora\u0027s Box","Runic Pyramid"],"picked":"Velvet Choker"},{"not_picked":["Orrery","Black Blood"],"picked":"Black Star"}],"items_purged_floors":[3],"is_endless":false,"potions_floor_spawned":[7,8,10,14,20,21,22,28,33,37,39,44,48],"killed_by":"Awakened One","ascension_level":0}