{"gold_per_floor":[110,110,128,153,167,167,181,220,300,300,300,300,24,65,65,154,154,154,154,70,70,70,70,70,70,70,70,70,70,70,70,70,70],"floor_reached":33,"playtime":4856,"items_purged":[],"score":633,"play_id":"25d499a7-a81d-49bb-a711-9be6f787d0d2","local_time":"20180830201240","is_ascension_mode":true,"campfire_choices":[{"data":"Dropkick","floor":6.0,"key":"SMITH"},{"data":"Shrug It Off","floor":10.0,"key":"SMITH"},{"data":"Cleave","floor":15.0,"key":"SMITH"},{"data":"Shockwave","floor":24.0,"key":"SMITH"},{"data":"Limit Break","floor":30.0,"key":"SMITH"},{"data":"Shrug It Off","floor":32.0,"key":"SMITH"}],"neow_cost":"NONE","seed_source_timestamp":1072810760428204,"circlet_count":0,"master_deck":["Strike_R","Strike_R","Strike_R+1","Strike_R","Defend_R","Defend_R","Defend_R","Defend_R","Bash+1","AscendersBane","Shrug It Off+1","Dropkick+1","Cleave+1","Rampage+1","Burning Pact","Evolve","Sentinel","Feed","Shrug It Off+1","Shockwave+1","Disarm","Limit Break+1","Battle Trance","Writhe"],"special_seed":0,"relics":["Burning Blood","Golden Idol","Whetstone","Question Card","Paper Frog","StoneCalendar","Ectoplasm","MutagenicStrength","Orichalcum","Pantograph","Pear","Sundial","Self Forming Clay"],"potions_floor_usage":[33],"damage_taken":[{"damage":1.0,"enemies":"Cultist","floor":1.0,"turns":3.0},{"damage":2.0,"enemies":"Jaw Worm","floor":3.0,"turns":4.0},{"damage":0.0,"enemies":"Small Slimes","floor":4.0,"turns":3.0},{"damage":20.0,"enemies":"Gremlin Gang","floor":5.0,"turns":7.0},{"damage":9.0,"enemies":"Looter","floor":7.0,"turns":3.0},{"damage":24.0,"enemies":"Lagavulin","floor":8.0,"turns":6.0},{"damage":15.0,"enemies":"3 Sentries","floor":14.0,"turns":7.0},{"damage":10.0,"enemies":"Hexaghost","floor":16.0,"turns":7.0},{"damage":1.0,"enemies":"Chosen","floor":18.0,"turns":3.0},{"damage":33.0,"enemies":"Spheric Guardian","floor":22.0,"turns":6.0},{"damage":24.0,"enemies":"Book of Stabbing","floor":23.0,"turns":5.0},{"damage":0.0,"enemies":"Gremlin Leader","floor":25.0,"turns":7.0},{"damage":42.0,"enemies":"Slavers","floor":27.0,"turns":5.0},{"damage":2.0,"enemies":"Chosen and Byrds","floor":28.0,"turns":6.0},{"damage":21.0,"enemies":"3 Cultists","floor":31.0,"turns":5.0},{"damage":43,"enemies":"Collector","floor":33,"turns":7}],"seed_played":"6687206261919348049","potions_obtained":[{"floor":5.0,"key":"SkillPotion"},{"floor":7.0,"key":"SpeedPotion"},{"floor":8.0,"key":"Fire Potion"},{"floor":14.0,"key":"Fire Potion"},{"floor":16.0,"key":"Regen Potion"},{"floor":18.0,"key":"AttackPotion"},{"floor":19.0,"key":"EntropicBrew"},{"floor":22.0,"key":"LiquidBronze"},{"floor":25.0,"key":"EssenceOfSteel"},{"floor":28.0,"key":"SpeedPotion"}],"is_trial":false,"path_per_floor":["M","?","M","M","M","R","M","E","T","R","?","?","$","E","R","B",null,"M","?","$","?","M","E","R","E","T","E","M","?","R","M","R"],"character_chosen":"IRONCLAD","items_purchased":["Paper Frog","Shockwave"],"campfire_rested":0,"item_purchase_floors":[13,20],"current_hp_per_floor":[73,47,51,57,43,43,40,22,22,22,22,22,22,13,13,9,59,67,67,67,67,55,40,40,46,56,23,30,30,30,18,18,0],"gold":70,"neow_bonus":"UPGRADE_CARD","is_prod":false,"is_daily":false,"chose_seed":false,"campfire_upgraded":6,"win_rate":0,"timestamp":1535652760,"path_taken":["M","?","M","?","M","R","M","E","T","R","?","?","$","E","R","BOSS","M","?","$","?","M","E","R","E","T","E","M","?","R","?","R","BOSS"],"build_version":"2018-08-23v2","purchased_purges":0,"victory":false,"max_hp_per_floor":[75,75,75,75,75,75,75,75,75,75,75,75,75,75,75,75,75,78,78,78,78,81,84,84,84,94,97,100,100,100,103,103,103],"card_choices":[{"not_picked":["Pommel Strike","Havoc"],"picked":"Shrug It Off","floor":1.0},{"not_picked":["Armaments","Seeing Red"],"picked":"Dropkick","floor":3.0},{"not_picked":["Sword Boomerang","Infernal Blade"],"picked":"Cleave","floor":4.0},{"not_picked":["Hemokinesis","Flex"],"picked":"Rampage","floor":5.0},{"not_picked":["Intimidate","Rupture"],"picked":"Burning Pact","floor":7.0},{"not_picked":["Limit Break","True Grit"],"picked":"Evolve","floor":8.0},{"not_picked":["Wild Strike","Evolve","Burning Pact"],"picked":"Sentinel","floor":14.0},{"not_picked":["Fiend Fire","Berserk","Exhume"],"picked":"Feed","floor":16.0},{"not_picked":["Battle Trance","Carnage","Armaments"],"picked":"Shrug It Off","floor":18.0},{"not_picked":["Havoc+1","Sword Boomerang","Flex"],"picked":"Disarm","floor":22.0},{"not_picked":["Clash","Havoc","Cleave"],"picked":"Limit Break","floor":23.0},{"not_picked":["Flex","Power Through","Clothesline"],"picked":"Battle Trance","floor":28.0}],"player_experience":1020144,"relics_obtained":[{"floor":8.0,"key":"Whetstone"},{"floor":9.0,"key":"Question Card"},{"floor":14.0,"key":"StoneCalendar"},{"floor":23.0,"key":"Orichalcum"},{"floor":25.0,"key":"Pantograph"},{"floor":26.0,"key":"Pear"},{"floor":27.0,"key":"Sundial"}],"event_choices":[{"event_name":"Golden Idol","player_choice":"Take Damage","floor":2.0,"damage_taken":0.0},{"event_name":"Bonfire Elementals","player_choice":"BASIC","floor":11.0,"damage_taken":0.0},{"event_name":"Shining Light","player_choice":"Ignored","floor":12.0,"damage_taken":0.0},{"event_name":"The Lab","player_choice":"Got Potions","floor":19.0,"damage_taken":0.0},{"event_name":"Drug Dealer","player_choice":"Inject Mutagens","floor":21.0,"damage_taken":0.0},{"event_name":"The Mausoleum","player_choice":"Yes","floor":29.0,"damage_taken":0.0}],"is_beta":false,"boss_relics":[{"not_picked":["Orrery","Astrolabe"],"picked":"Ectoplasm"}],"items_purged_floors":[],"is_endless":false,"potions_floor_spawned":[5,7,8,14,16,18,22,25,28],"killed_by":"Collector","ascension_level":16}