{"gold_per_floor":[117,117,42,53,16,16,43,60,60,87,104,104,123,157,157,157],"floor_reached":16,"playtime":814,"items_purged":["Strike_G"],"score":210,"play_id":"db3c36e2-38b3-4f52-b15d-d139908ac237","local_time":"20180708084041","is_ascension_mode":true,"campfire_choices":[{"data":"Neutralize","floor":6,"key":"SMITH"},{"data":"PiercingWail","floor":12,"key":"SMITH"},{"floor":15,"key":"REST"}],"neow_cost":"","seed_source_timestamp":81839822394423,"circlet_count":0,"master_deck":["Defend_G","Defend_G","Defend_G","Defend_G","Defend_G","Strike_G","Strike_G","Strike_G","Strike_G","Survivor","Neutralize+1","AscendersBane","Deadly Poison","PiercingWail+1","Bane","Bane","Blur","Caltrops","Escape Plan","Sneak Up","After Image","Escape Plan"],"relics":["Ring of the Snake","Counterbalance","Tingsha","The Courier","Snack Pack","Mercury Hourglass"],"potions_floor_usage":[7,14,16],"damage_taken":[{"damage":0,"enemies":"Cultist","floor":1,"turns":5},{"damage":2,"enemies":"Jaw Worm","floor":4,"turns":5},{"damage":2,"enemies":"3 Sentries","floor":7,"turns":6},{"damage":1,"enemies":"2 Louse","floor":8,"turns":3},{"damage":32,"enemies":"Lagavulin","floor":10,"turns":7},{"damage":0,"enemies":"Exordium Wildlife","floor":11,"turns":5},{"damage":2,"enemies":"3 Louse","floor":13,"turns":4},{"damage":22,"enemies":"Gremlin Nob","floor":14,"turns":5},{"damage":33,"enemies":"Slime Boss","floor":16,"turns":10}],"seed_played":"1644605978837400256","potions_obtained":[{"floor":4,"key":"AttackPotion"},{"floor":10,"key":"Energy Potion"},{"floor":11,"key":"FearPotion"}],"is_trial":false,"path_per_floor":["M","T","$","M","$","R","E","M","T","E","M","R","M","E","R"],"character_chosen":"THE_SILENT","items_purchased":["Bane"],"campfire_rested":1,"item_purchase_floors":[5],"current_hp_per_floor":[59,59,59,57,57,57,55,54,54,22,24,24,26,6,25,0],"gold":157,"neow_bonus":"","is_prod":false,"is_daily":false,"chose_seed":false,"campfire_upgraded":2,"win_rate":0,"timestamp":1531032041,"path_taken":["M","?","$","M","?","R","E","?","T","E","?","R","M","E","R","BOSS"],"build_version":"2018-07-05","purchased_purges":1,"victory":false,"max_hp_per_floor":[66,66,66,66,66,66,66,66,66,66,66,66,66,66,66,66],"card_choices":[{"not_picked":["Fluid Movement","Deflect"],"picked":"Deadly Poison","floor":1},{"not_picked":["Deadly Poison","A Thousand Cuts"],"picked":"PiercingWail","floor":4},{"not_picked":["Slice","Caltrops"],"picked":"Blur","floor":7},{"not_picked":["Fluid Movement","Concentrate"],"picked":"Caltrops","floor":8},{"not_picked":["Reflex","Dagger Throw"],"picked":"Escape Plan","floor":10},{"not_picked":["All Out Attack","Deadly Poison"],"picked":"Sneak Up","floor":11},{"not_picked":["Sucker Punch","Hidden Blade"],"picked":"After Image","floor":13},{"not_picked":["Dodge and Roll","Dash"],"picked":"Escape Plan","floor":14}],"player_experience":746748,"relics_obtained":[{"floor":2,"key":"Counterbalance"},{"floor":7,"key":"Tingsha"},{"floor":9,"key":"The Courier"},{"floor":10,"key":"Snack Pack"},{"floor":14,"key":"Mercury Hourglass"}],"event_choices":[],"boss_relics":[],"items_purged_floors":[3],"is_endless":false,"potions_floor_spawned":[4,10,11],"killed_by":"Slime Boss","ascension_level":15}