{"gold_per_floor":[109,284,304,304,152,177,189,261,296,308,350,115,128,156,156,255,255,272,107,107,107,122,122,139,139,164,164,183,211,211,242,242,338,338,352,34,45,55,66,80,80,106,152,152,167,167,177,55,55,55],"floor_reached":51,"playtime":1688,"items_purged":["Doubt","Defend_G","Strike_G","Strike_G","Strike_G+1"],"score":1129,"play_id":"166860f7-efa4-4d0e-8d4d-20f49762af03","local_time":"20190131064911","is_ascension_mode":true,"campfire_choices":[{"data":"Deadly Poison","floor":7,"key":"SMITH"},{"data":"Catalyst","floor":10,"key":"SMITH"},{"data":"Footwork","floor":15,"key":"SMITH"},{"data":"Blur","floor":23,"key":"SMITH"},{"data":"Neutralize","floor":27,"key":"SMITH"},{"floor":30,"key":"REST"},{"floor":32,"key":"REST"},{"data":"Adrenaline","floor":41,"key":"SMITH"},{"data":"Blur","floor":44,"key":"SMITH"},{"data":"Crippling Poison","floor":49,"key":"SMITH"}],"neow_cost":"NONE","seed_source_timestamp":194197868637332,"circlet_count":0,"master_deck":["Defend_G+1","Defend_G+1","Defend_G+1","Defend_G+1","Strike_G+1","Survivor+1","Neutralize+1","Deadly Poison+1","Catalyst+1","Dodge and Roll+1","Bouncing Flask+1","Dodge and Roll+1","Tools of the Trade+1","Footwork+1","Malaise+1","Blur+1","Deadly Poison+1","Adrenaline+1","Blur+1","Crippling Poison+1"],"relics":["Ring of the Snake","NeowsBlessing","MawBank","Tiny Chest","Art of War","Lantern","Anchor","Omamori","Busted Crown","Bag of Preparation","War Paint","Orichalcum","Philosopher\u0027s Stone","Membership Card","Strawberry","Pen Nib","Mark of the Bloom"],"potions_floor_usage":[11,18,29,39,50,50,50],"damage_taken":[{"damage":0,"enemies":"Small Slimes","floor":1,"turns":1},{"damage":0,"enemies":"Jaw Worm","floor":3,"turns":1},{"damage":0,"enemies":"Gremlin Nob","floor":6,"turns":1},{"damage":19,"enemies":"Lagavulin","floor":8,"turns":5},{"damage":0,"enemies":"Gremlin Nob","floor":11,"turns":3},{"damage":0,"enemies":"Cultist","floor":13,"turns":4},{"damage":7,"enemies":"3 Sentries","floor":14,"turns":8},{"damage":0,"enemies":"The Guardian","floor":16,"turns":6},{"damage":0,"enemies":"Spheric Guardian","floor":18,"turns":3},{"damage":4,"enemies":"3 Byrds","floor":22,"turns":6},{"damage":22,"enemies":"3 Cultists","floor":24,"turns":7},{"damage":0,"enemies":"Snake Plant","floor":28,"turns":5},{"damage":18,"enemies":"Gremlin Leader","floor":29,"turns":6},{"damage":28,"enemies":"Slavers","floor":31,"turns":6},{"damage":0,"enemies":"Champ","floor":33,"turns":8},{"damage":0,"enemies":"Orb Walker","floor":35,"turns":2},{"damage":0,"enemies":"3 Darklings","floor":37,"turns":6},{"damage":0,"enemies":"Maw","floor":38,"turns":8},{"damage":22,"enemies":"4 Shapes","floor":39,"turns":7},{"damage":0,"enemies":"Transient","floor":40,"turns":5},{"damage":0,"enemies":"Jaw Worm Horde","floor":45,"turns":6},{"damage":0,"enemies":"Sphere and 2 Shapes","floor":47,"turns":6},{"damage":0,"enemies":"Awakened One","floor":50,"turns":15}],"seed_played":"1834811587342427379","potions_obtained":[{"floor":6,"key":"Dexterity Potion"},{"floor":8,"key":"AttackPotion"},{"floor":14,"key":"GamblersBrew"},{"floor":16,"key":"SneckoOil"},{"floor":22,"key":"SmokeBomb"},{"floor":31,"key":"Weak Potion"},{"floor":39,"key":"FearPotion"},{"floor":40,"key":"EssenceOfSteel"},{"floor":45,"key":"PowerPotion"},{"floor":47,"key":"Dexterity Potion"}],"is_trial":false,"path_per_floor":["M","?","M","?","$","E","R","E","T","R","E","$","M","E","R","B",null,"M","$","?","?","M","R","M","$","T","R","M","E","R","E","R","B",null,"M","$","M","M","M","M","R","T","T","R","M","?","M","$","R","B",null],"character_chosen":"THE_SILENT","items_purchased":["Bouncing Flask","Anchor","Blur","Membership Card","Blur","Crippling Poison"],"campfire_rested":2,"item_purchase_floors":[5,12,19,36,36,48],"current_hp_per_floor":[70,70,70,70,70,70,70,51,51,51,51,51,51,44,44,44,70,70,70,70,70,66,66,44,44,44,44,44,26,47,19,40,40,70,70,70,70,70,48,48,48,55,55,55,55,55,55,55,55,55],"gold":55,"neow_bonus":"THREE_ENEMY_KILL","is_prod":false,"is_daily":false,"chose_seed":false,"campfire_upgraded":8,"win_rate":0,"timestamp":1548913751,"path_taken":["M","?","M","?","$","E","R","E","T","R","E","$","?","E","R","BOSS","M","$","?","?","M","R","M","$","T","R","M","E","R","E","R","BOSS","M","$","?","M","?","M","R","?","T","R","?","?","M","$","R","BOSS"],"build_version":"2019-01-23","purchased_purges":5,"victory":true,"max_hp_per_floor":[70,70,70,70,70,70,70,70,70,70,70,70,70,70,70,70,70,70,70,70,70,70,70,70,70,70,70,70,70,70,70,70,70,70,70,70,70,70,70,70,70,77,77,77,77,77,77,77,77,77],"card_choices":[{"not_picked":["Slice","Masterful Stab"],"picked":"Deadly Poison","floor":1},{"not_picked":["Poisoned Stab","Outmaneuver"],"picked":"Catalyst","floor":3},{"not_picked":["Flechettes","All Out Attack"],"picked":"Dodge and Roll","floor":6},{"not_picked":["Blade Dance","Acrobatics"],"picked":"Tools of the Trade","floor":8},{"not_picked":["Deadly Poison","Well Laid Plans"],"picked":"Footwork","floor":11},{"not_picked":["Bane","Flying Knee","Dagger Throw"],"picked":"SKIP","floor":13},{"not_picked":["Terror","Blade Dance","Quick Slash"],"picked":"SKIP","floor":14},{"not_picked":["Adrenaline","Venomology"],"picked":"Malaise","floor":16},{"not_picked":["Prepared"],"picked":"SKIP","floor":18},{"not_picked":[],"picked":"Deadly Poison+1","floor":22},{"not_picked":["Backflip+1"],"picked":"SKIP","floor":24},{"not_picked":["All Out Attack+1"],"picked":"SKIP","floor":28},{"not_picked":["Sucker Punch+1"],"picked":"SKIP","floor":29},{"not_picked":["PiercingWail"],"picked":"SKIP","floor":31},{"not_picked":[],"picked":"Adrenaline","floor":33},{"not_picked":["Dash"],"picked":"SKIP","floor":35},{"not_picked":["Acrobatics+1"],"picked":"SKIP","floor":37},{"not_picked":["Dodge and Roll"],"picked":"SKIP","floor":38},{"not_picked":["Deflect"],"picked":"SKIP","floor":39},{"not_picked":["Backstab+1"],"picked":"SKIP","floor":40},{"not_picked":["Deflect+1"],"picked":"SKIP","floor":45},{"not_picked":["Choke"],"picked":"SKIP","floor":47}],"player_experience":41591,"relics_obtained":[{"floor":6,"key":"MawBank"},{"floor":8,"key":"Tiny Chest"},{"floor":9,"key":"Art of War"},{"floor":11,"key":"Lantern"},{"floor":14,"key":"Omamori"},{"floor":26,"key":"Bag of Preparation"},{"floor":29,"key":"War Paint"},{"floor":31,"key":"Orichalcum"},{"floor":42,"key":"Strawberry"},{"floor":43,"key":"Pen Nib"}],"event_choices":[{"damage_healed":0,"gold_gain":175,"player_choice":"AGREE","damage_taken":0,"max_hp_gain":0,"max_hp_loss":0,"event_name":"Liars Game","floor":2,"gold_loss":0,"cards_obtained":["Doubt"]},{"damage_healed":0,"gold_gain":0,"cards_transformed":["Strike_G"],"player_choice":"Transformed","damage_taken":0,"max_hp_gain":0,"max_hp_loss":0,"event_name":"Transmorgrifier","floor":4,"gold_loss":0,"cards_obtained":["Dodge and Roll"]},{"damage_healed":0,"gold_gain":0,"player_choice":"Ignored","damage_taken":0,"max_hp_gain":0,"max_hp_loss":0,"event_name":"Cursed Tome","floor":20,"gold_loss":0},{"damage_healed":0,"gold_gain":0,"player_choice":"Upgraded","damage_taken":0,"max_hp_gain":0,"max_hp_loss":0,"event_name":"Upgrade Shrine","floor":21,"gold_loss":0,"cards_upgraded":["Malaise"]},{"damage_healed":0,"gold_gain":0,"player_choice":"Upgrade","damage_taken":0,"relics_obtained":["Mark of the Bloom"],"max_hp_gain":0,"max_hp_loss":0,"event_name":"MindBloom","floor":46,"gold_loss":0,"cards_upgraded":["Defend_G","Defend_G","Defend_G","Defend_G","Strike_G","Strike_G","Dodge and Roll","Dodge and Roll","Tools of the Trade"]}],"is_beta":false,"boss_relics":[{"not_picked":["Coffee Dripper","Sozu"],"picked":"Busted Crown"},{"not_picked":["Runic Pyramid","Astrolabe"],"picked":"Philosopher\u0027s Stone"}],"items_purged_floors":[5,12,19,36,48],"is_endless":false,"potions_floor_spawned":[6,8,14,16,22,31,37,39,40,45,47],"ascension_level":3}