{"gold_per_floor":[118,135,150,160,173,173,205,224,224,252,252,252,86,104,104,204,204,215,215,215,231,156,191,211,211,211,211,231,241,141,141,141,240,240,252,252,267,267,320,320,334,334,361,373,385,317,337,357,357,357],"floor_reached":50,"playtime":4443,"items_purged":["Decay","Zap"],"score":474,"play_id":"4ac95a1f-c694-4203-821e-90d154548174","local_time":"20190221224057","is_ascension_mode":false,"campfire_choices":[{"data":"Rainbow","floor":6,"key":"SMITH"},{"floor":15,"key":"REST"},{"floor":27,"key":"REST"},{"floor":32,"key":"REST"},{"floor":40,"key":"REST"},{"floor":42,"key":"REST"},{"data":"Heatsinks+1","floor":49,"key":"PURGE"}],"neow_cost":"NONE","seed_source_timestamp":310010747169862,"circlet_count":0,"master_deck":["Dualcast+1","Rebound+1","Steam+1","Sweeping Beam+1","Rainbow+1","Dramatic Entrance+1","Rainbow+1","Echo Form+1","Conserve Battery+1","Electrodynamics+1","Auto Shields+1","Reinforced Body+1","Lockon+1","Leap+1","Redo+1","Fusion+1","Core Surge+1","Zap+1","Compile Driver+1","Creative AI+1","Seek+1","BootSequence+1"],"relics":["Cracked Core","Centennial Puzzle","Toxic Egg 2","Juzu Bracelet","Pandora\u0027s Box","Molten Egg 2","Mummified Hand","Lizard Tail","Peace Pipe","MawBank","Mark of the Bloom"],"potions_floor_usage":[5,7,21,23,33,33,33,37],"damage_taken":[{"damage":6,"enemies":"2 Louse","floor":1,"turns":2},{"damage":0,"enemies":"Cultist","floor":2,"turns":3},{"damage":0,"enemies":"Jaw Worm","floor":3,"turns":3},{"damage":11,"enemies":"3 Louse","floor":4,"turns":3},{"damage":4,"enemies":"Exordium Thugs","floor":5,"turns":4},{"damage":12,"enemies":"Lagavulin","floor":7,"turns":5},{"damage":7,"enemies":"Looter","floor":8,"turns":3},{"damage":8,"enemies":"3 Sentries","floor":10,"turns":6},{"damage":10,"enemies":"Lots of Slimes","floor":14,"turns":2},{"damage":14,"enemies":"Slime Boss","floor":16,"turns":11},{"damage":23,"enemies":"3 Byrds","floor":18,"turns":5},{"damage":14,"enemies":"2 Thieves","floor":21,"turns":3},{"damage":21,"enemies":"Book of Stabbing","floor":23,"turns":6},{"damage":3,"enemies":"Sentry and Sphere","floor":24,"turns":5},{"damage":6,"enemies":"Snake Plant","floor":28,"turns":5},{"damage":13,"enemies":"Chosen and Byrds","floor":29,"turns":3},{"damage":45,"enemies":"Champ","floor":33,"turns":11},{"damage":7,"enemies":"Orb Walker","floor":35,"turns":3},{"damage":2,"enemies":"3 Shapes","floor":37,"turns":3},{"damage":45,"enemies":"2 Orb Walkers","floor":39,"turns":4},{"damage":60,"enemies":"Maw","floor":41,"turns":7},{"damage":14,"enemies":"Sphere and 2 Shapes","floor":47,"turns":4},{"damage":18,"enemies":"Spire Growth","floor":48,"turns":5},{"damage":37,"enemies":"Awakened One","floor":50,"turns":5}],"seed_played":"5199869113918785614","potions_obtained":[{"floor":3,"key":"Block Potion"},{"floor":4,"key":"Fire Potion"},{"floor":7,"key":"FearPotion"},{"floor":10,"key":"Ancient Potion"},{"floor":16,"key":"SkillPotion"},{"floor":18,"key":"AttackPotion"},{"floor":23,"key":"Ancient Potion"},{"floor":28,"key":"FearPotion"},{"floor":33,"key":"FocusPotion"},{"floor":47,"key":"GamblersBrew"}],"is_trial":false,"path_per_floor":["M","M","M","M","M","R","E","M","T","E","?","?","$","M","R","B",null,"M","?","?","M","?","E","M","?","T","R","M","M","$","?","R","B",null,"M","?","M","?","?","R","M","R","T","?","?","$","M","M","R","B"],"character_chosen":"DEFECT","items_purchased":["Dramatic Entrance","BootSequence+1"],"campfire_rested":5,"item_purchase_floors":[13,46],"current_hp_per_floor":[76,76,76,65,61,61,49,42,42,34,34,61,61,51,75,61,82,59,59,82,68,68,47,44,44,44,68,62,49,49,33,59,14,87,80,80,78,78,33,57,41,65,65,65,65,65,51,33,33,0],"gold":357,"neow_bonus":"TEN_PERCENT_HP_BONUS","is_prod":false,"is_daily":false,"chose_seed":false,"campfire_upgraded":1,"win_rate":0.0,"timestamp":1550817657,"path_taken":["M","M","M","M","M","R","E","M","T","E","?","?","$","M","R","BOSS","M","?","?","M","?","E","M","?","T","R","M","M","$","?","R","BOSS","M","?","M","?","?","R","M","R","T","?","?","?","M","M","R","BOSS"],"build_version":"2019-01-23","purchased_purges":2,"victory":false,"max_hp_per_floor":[82,82,82,82,82,82,82,82,82,82,82,82,82,82,82,82,82,82,82,82,82,82,82,82,82,82,82,82,82,82,87,87,87,87,87,87,87,83,83,83,83,83,83,83,83,83,83,83,83,83],"card_choices":[{"not_picked":["Steam","Loop"],"picked":"Rebound","floor":1},{"not_picked":["Lockon","Compile Driver"],"picked":"Steam","floor":2},{"not_picked":["Recycle","Chaos"],"picked":"Sweeping Beam","floor":3},{"not_picked":["Gash","White Noise"],"picked":"Rainbow","floor":4},{"not_picked":["Steam","Compile Driver"],"picked":"Tempest","floor":5},{"not_picked":["BootSequence","Lockon"],"picked":"Glacier","floor":7},{"not_picked":["Tempest","Ball Lightning","Beam Cell"],"picked":"SKIP","floor":8},{"not_picked":["Streamline","Conserve Battery+1"],"picked":"Redo+1","floor":10},{"not_picked":["Turbo+1","Stack+1","Genetic Algorithm+1"],"picked":"SKIP","floor":14},{"not_picked":["Creative AI","Electrodynamics"],"picked":"Rainbow+1","floor":16},{"not_picked":["Tempest+1","Turbo+1"],"picked":"Leap+1","floor":18},{"not_picked":["Hologram+1","Aggregate+1"],"picked":"Redo+1","floor":21},{"not_picked":["Heatsinks","White Noise+1","Rip and Tear"],"picked":"SKIP","floor":23},{"not_picked":["Turbo+1","Beam Cell+1"],"picked":"Fusion+1","floor":24},{"not_picked":["Gash+1","Auto Shields+1","Force Field+1"],"picked":"SKIP","floor":28},{"not_picked":["Ball Lightning+1","Biased Cognition"],"picked":"Compile Driver+1","floor":29},{"not_picked":["Reboot+1","Hyperbeam+1"],"picked":"Creative AI","floor":33},{"not_picked":["Stack+1","Tempest+1","Coolheaded+1"],"picked":"SKIP","floor":35},{"not_picked":["Stack+1","Beam Cell+1","Glacier+1"],"picked":"SKIP","floor":37},{"not_picked":["Force Field+1","Ball Lightning+1"],"picked":"Seek+1","floor":39},{"not_picked":["Rip and Tear+1","Melter+1","Redo+1"],"picked":"SKIP","floor":41},{"not_picked":["Coolheaded+1","Rebound+1","Gash+1"],"picked":"SKIP","floor":47},{"not_picked":["Barrage+1","White Noise+1","Steam+1"],"picked":"SKIP","floor":48}],"player_experience":84609,"relics_obtained":[{"floor":7,"key":"Centennial Puzzle"},{"floor":9,"key":"Toxic Egg 2"},{"floor":10,"key":"Juzu Bracelet"},{"floor":23,"key":"Molten Egg 2"},{"floor":26,"key":"Mummified Hand"},{"floor":39,"key":"Peace Pipe"},{"floor":43,"key":"MawBank"}],"event_choices":[{"damage_healed":0,"gold_gain":0,"player_choice":"Cursed","damage_taken":0,"max_hp_gain":0,"max_hp_loss":0,"event_name":"Wheel of Change","floor":11,"gold_loss":0,"cards_obtained":["Decay"]},{"damage_healed":27,"gold_gain":0,"player_choice":"Banana","damage_taken":0,"max_hp_gain":0,"max_hp_loss":0,"event_name":"Big Fish","floor":12,"gold_loss":0},{"cards_removed":["Force Field"],"damage_healed":0,"gold_gain":0,"player_choice":"Elegance","damage_taken":0,"max_hp_gain":0,"max_hp_loss":0,"event_name":"Back to Basics","floor":19,"gold_loss":0},{"cards_removed":["Glacier"],"damage_healed":23,"gold_gain":0,"player_choice":"Offered Uncommon","damage_taken":0,"max_hp_gain":0,"max_hp_loss":0,"event_name":"Bonfire Elementals","floor":20,"gold_loss":0},{"cards_removed":["Gash"],"damage_healed":0,"gold_gain":0,"player_choice":"Gave Gold","damage_taken":0,"max_hp_gain":0,"max_hp_loss":0,"event_name":"Beggar","floor":22,"gold_loss":75},{"damage_healed":0,"gold_gain":0,"player_choice":"2 cards matched","damage_taken":0,"max_hp_gain":0,"max_hp_loss":0,"event_name":"Match and Keep!","floor":25,"gold_loss":0,"cards_obtained":["Core Surge","Zap"]},{"damage_healed":0,"gold_gain":0,"player_choice":"Shed Blood","damage_taken":21,"max_hp_gain":5,"max_hp_loss":0,"event_name":"Forgotten Altar","floor":31,"gold_loss":0},{"damage_healed":0,"gold_gain":0,"cards_transformed":["Tempest"],"player_choice":"Transformed","damage_taken":0,"max_hp_gain":0,"max_hp_loss":0,"event_name":"Transmorgrifier","floor":36,"gold_loss":0,"cards_obtained":["Heatsinks"]},{"damage_healed":0,"gold_gain":0,"player_choice":"Max HP","damage_taken":0,"max_hp_gain":0,"max_hp_loss":4,"event_name":"Winding Halls","floor":38,"gold_loss":0},{"damage_healed":0,"gold_gain":0,"player_choice":"Fight","damage_taken":0,"max_hp_gain":0,"max_hp_loss":0,"event_name":"Mysterious Sphere","floor":39,"gold_loss":0},{"cards_removed":["Redo"],"damage_healed":0,"gold_gain":0,"player_choice":"Removed Skill","damage_taken":0,"max_hp_gain":0,"max_hp_loss":0,"event_name":"Falling","floor":44,"gold_loss":0},{"damage_healed":0,"gold_gain":0,"player_choice":"Upgrade","damage_taken":0,"relics_obtained":["Mark of the Bloom"],"max_hp_gain":0,"max_hp_loss":0,"event_name":"MindBloom","floor":45,"gold_loss":0,"cards_upgraded":["Dualcast","Rebound","Steam","Sweeping Beam","Dramatic Entrance","Echo Form","Electrodynamics","Lockon","Creative AI","Heatsinks"]}],"is_beta":false,"boss_relics":[{"not_picked":["Philosopher\u0027s Stone","Nuclear Battery"],"picked":"Pandora\u0027s Box"},{"not_picked":["Orrery","Black Star"],"picked":"Lizard Tail"}],"items_purged_floors":[13,30],"is_endless":false,"potions_floor_spawned":[3,4,7,10,16,18,23,28,33,47],"killed_by":"Awakened One","ascension_level":0}