{"gold_per_floor":[113,18,18,29,29,29,29,48,78,93,112,147,165,14,14,87,87,7,7,7,7,7,7,7,7,7,7,7,7,7,7,7,7],"floor_reached":33,"playtime":1943,"items_purged":["Strike_R"],"score":549,"play_id":"55eacb35-f7e7-4756-8243-ad0c65be6aa7","local_time":"20190526130041","is_ascension_mode":true,"campfire_choices":[{"data":"Rampage","floor":6,"key":"SMITH"},{"data":"Uppercut","floor":15,"key":"SMITH"},{"floor":25,"key":"REST"},{"floor":32,"key":"REST"}],"neow_cost":"NONE","seed_source_timestamp":631663390541345,"circlet_count":0,"master_deck":["AscendersBane","Strike_R","Strike_R","Defend_R+1","Defend_R","Defend_R","Defend_R","Bash","Impervious","Headbutt","Bandage Up","Rampage+1","Fiend Fire","Uppercut+1","True Grit+1","Metallicize","Spot Weakness","Feel No Pain","Double Tap","Heavy Blade+1","True Grit","Inflame","Pommel Strike+1","Flame Barrier","Shrug It Off","Disarm+1"],"relics":["Burning Blood","Vajra","Tiny Chest","War Paint","Ectoplasm","Enchiridion","Oddly Smooth Stone","Bag of Preparation","Blood Vial","Sundial","Old Coin"],"potions_floor_usage":[16,20,24,24,33,33],"damage_taken":[{"damage":0,"enemies":"Small Slimes","floor":1,"turns":4},{"damage":14,"enemies":"Jaw Worm","floor":4,"turns":5},{"damage":1,"enemies":"Cultist","floor":8,"turns":3},{"damage":7,"enemies":"Large Slime","floor":10,"turns":4},{"damage":15,"enemies":"Exordium Wildlife","floor":11,"turns":4},{"damage":24,"enemies":"Gremlin Nob","floor":12,"turns":4},{"damage":8,"enemies":"Blue Slaver","floor":13,"turns":2},{"damage":5,"enemies":"Hexaghost","floor":16,"turns":9},{"damage":3,"enemies":"2 Thieves","floor":18,"turns":4},{"damage":4,"enemies":"3 Byrds","floor":20,"turns":5},{"damage":47,"enemies":"Gremlin Leader","floor":23,"turns":7},{"damage":14,"enemies":"Shelled Parasite and Fungi","floor":24,"turns":4},{"damage":8,"enemies":"Slavers","floor":27,"turns":6},{"damage":17,"enemies":"Centurion and Healer","floor":28,"turns":7},{"damage":8,"enemies":"Chosen and Byrds","floor":29,"turns":5},{"damage":24,"enemies":"Cultist and Chosen","floor":31,"turns":7},{"damage":58,"enemies":"Collector","floor":33,"turns":6}],"seed_played":"5896534942731887743","potions_obtained":[{"floor":4,"key":"Energy Potion"},{"floor":8,"key":"AttackPotion"},{"floor":16,"key":"SteroidPotion"},{"floor":23,"key":"Poison Potion"},{"floor":24,"key":"LiquidBronze"},{"floor":27,"key":"SteroidPotion"}],"is_trial":false,"path_per_floor":["?","?","?","M","?","T","T","M","?","M"],"character_chosen":"IRONCLAD","items_purchased":["Bandage Up","Feel No Pain"],"campfire_rested":2,"item_purchase_floors":[2,14],"current_hp_per_floor":[74,74,63,59,52,52,52,61,61,64,59,45,43,43,43,48,68,75,54,60,60,60,23,21,43,43,47,42,42,35,23,45,0],"gold":7,"neow_bonus":"TRANSFORM_CARD","is_prod":false,"is_daily":false,"chose_seed":false,"campfire_upgraded":2,"win_rate":0,"timestamp":1558890041,"path_taken":["M","$","?","M","?","R","?","M","T","M","?","E","M","$","R","BOSS","M","?","M","?","?","E","M","R","T","E","M","?","?","?","R","BOSS"],"build_version":"2019-01-23","purchased_purges":1,"victory":false,"max_hp_per_floor":[75,75,75,75,75,75,75,75,75,75,75,75,75,75,75,75,75,75,75,75,75,75,75,75,75,75,75,75,75,75,75,75,75],"card_choices":[{"not_picked":["Body Slam","Evolve"],"picked":"Headbutt","floor":1},{"not_picked":["Cleave","Carnage"],"picked":"Rampage","floor":4},{"not_picked":["Heavy Blade","Havoc","Wild Strike"],"picked":"SKIP","floor":8},{"not_picked":["Wild Strike","Metallicize"],"picked":"Uppercut","floor":10},{"not_picked":["Reckless Charge","Clothesline"],"picked":"True Grit","floor":11},{"not_picked":["Sentinel","Thunderclap"],"picked":"Metallicize","floor":12},{"not_picked":["Blood for Blood","Shrug It Off"],"picked":"Spot Weakness","floor":13},{"not_picked":["Immolate","Juggernaut"],"picked":"Double Tap","floor":16},{"not_picked":["Inflame","Carnage"],"picked":"Heavy Blade+1","floor":18},{"not_picked":["Thunderclap","Anger"],"picked":"True Grit","floor":20},{"not_picked":["Searing Blow","Body Slam"],"picked":"Inflame","floor":23},{"not_picked":["Havoc","Clothesline"],"picked":"Pommel Strike+1","floor":24},{"not_picked":["Havoc","Limit Break"],"picked":"Flame Barrier","floor":27},{"not_picked":["Hemokinesis","Clash"],"picked":"Shrug It Off","floor":28},{"not_picked":["Flex","Body Slam","Twin Strike"],"picked":"SKIP","floor":29},{"not_picked":["Metallicize","Blood for Blood"],"picked":"Disarm+1","floor":31}],"player_experience":710603,"relics_obtained":[{"floor":9,"key":"Tiny Chest"},{"floor":12,"key":"War Paint"},{"floor":19,"key":"Enchiridion"},{"floor":21,"key":"Oddly Smooth Stone"},{"floor":22,"key":"Bag of Preparation"},{"floor":23,"key":"Blood Vial"},{"floor":26,"key":"Sundial"},{"floor":27,"key":"Old Coin"}],"event_choices":[{"damage_healed":0,"gold_gain":0,"player_choice":"Success","damage_taken":11,"relics_obtained":["Vajra"],"max_hp_gain":0,"max_hp_loss":0,"event_name":"Scrap Ooze","floor":3,"gold_loss":0},{"cards_removed":["Strike_R"],"damage_healed":0,"gold_gain":0,"player_choice":"Card Removal","damage_taken":7,"max_hp_gain":0,"max_hp_loss":0,"event_name":"Golden Wing","floor":5,"gold_loss":0},{"damage_healed":0,"gold_gain":0,"player_choice":"1 cards matched","damage_taken":0,"max_hp_gain":0,"max_hp_loss":0,"event_name":"Match and Keep!","floor":7,"gold_loss":0,"cards_obtained":["Fiend Fire"]},{"damage_healed":0,"gold_gain":0,"player_choice":"Obtained Book","damage_taken":21,"max_hp_gain":0,"max_hp_loss":0,"event_name":"Cursed Tome","floor":19,"gold_loss":0},{"damage_healed":0,"gold_gain":0,"player_choice":"","damage_taken":7,"max_hp_gain":0,"max_hp_loss":0,"event_name":"Knowing Skull","floor":30,"potions_obtained":[],"gold_loss":0,"cards_obtained":[]}],"is_beta":false,"boss_relics":[{"not_picked":["Velvet Choker","Astrolabe"],"picked":"Ectoplasm"}],"items_purged_floors":[14],"is_endless":false,"potions_floor_spawned":[4,8,10,16,23,24,27],"killed_by":"Collector","ascension_level":18}