{"gold_per_floor":[112,130,4,4,4,4,37,37,93,40,68,68,87,144,144,248,248,262,262,262],"floor_reached":20,"playtime":488,"items_purged":["Writhe"],"score":187,"play_id":"49d0b5c1-e438-4f35-98d0-ebd55d3fd547","local_time":"20190129180703","is_ascension_mode":true,"campfire_choices":[{"data":"Demon Form","floor":6.0,"key":"SMITH"},{"data":"True Grit","floor":8.0,"key":"SMITH"},{"data":"Heavy Blade","floor":15.0,"key":"SMITH"}],"neow_cost":"CURSE","seed_source_timestamp":63226958469607,"circlet_count":0,"master_deck":["Strike_R","Strike_R","Strike_R","Strike_R","Defend_R","Defend_R","Defend_R","Defend_R","Bash","Demon Form+1","Shrug It Off","True Grit+1","Heavy Blade+1","Heavy Blade","Double Tap"],"special_seed":0,"relics":["Burning Blood","FaceOfCleric","Letter Opener","Tiny Chest","Strawberry","The Courier","Busted Crown"],"potions_floor_usage":[20],"damage_taken":[{"damage":6.0,"enemies":"Jaw Worm","floor":1.0,"turns":5.0},{"damage":4.0,"enemies":"Cultist","floor":2.0,"turns":4.0},{"damage":24.0,"enemies":"Gremlin Nob","floor":7.0,"turns":5.0},{"damage":14.0,"enemies":"Lagavulin","floor":11.0,"turns":6.0},{"damage":0.0,"enemies":"2 Louse","floor":13.0,"turns":2.0},{"damage":14.0,"enemies":"Gremlin Nob","floor":14.0,"turns":3.0},{"damage":35.0,"enemies":"Slime Boss","floor":16.0,"turns":7.0},{"damage":52.0,"enemies":"3 Byrds","floor":18.0,"turns":6.0},{"damage":28.0,"enemies":"Colosseum Slavers","floor":19.0,"turns":5.0},{"damage":34,"enemies":"Spheric Guardian","floor":20,"turns":5}],"seed_played":"6888859917174927180","potions_obtained":[{"floor":2.0,"key":"Energy Potion"},{"floor":14.0,"key":"FearPotion"},{"floor":16.0,"key":"Poison Potion"}],"is_trial":false,"path_per_floor":["M","M","$","?","$","R","E","R","T","$","E","?","M","?","R","B",null,"M","?","M"],"character_chosen":"IRONCLAD","items_purchased":["True Grit","Heavy Blade"],"campfire_rested":0,"item_purchase_floors":[3,10],"current_hp_per_floor":[80,80,80,80,80,80,63,63,63,63,63,63,70,63,63,35,92,47,26,0],"gold":262,"neow_bonus":"THREE_RARE_CARDS","is_prod":false,"is_daily":false,"chose_seed":false,"campfire_upgraded":3,"win_rate":0,"timestamp":1548781623,"path_taken":["M","M","$","?","?","R","E","R","T","$","E","?","M","?","R","BOSS","M","?","M"],"build_version":"2019-01-23","purchased_purges":1,"victory":false,"max_hp_per_floor":[80,80,80,80,80,80,81,81,81,81,89,89,90,91,91,92,92,93,94,94],"card_choices":[{"not_picked":["Reaper","Limit Break"],"picked":"Demon Form","floor":0.0},{"not_picked":["Havoc","Shockwave"],"picked":"Shrug It Off","floor":1.0},{"not_picked":["Sentinel","Infernal Blade","Perfected Strike"],"picked":"SKIP","floor":2.0},{"not_picked":["Clash","Rupture","Searing Blow"],"picked":"SKIP","floor":7.0},{"not_picked":["Anger","Second Wind"],"picked":"Heavy Blade","floor":11.0},{"not_picked":["Anger","Battle Trance","Hemokinesis"],"picked":"SKIP","floor":13.0},{"not_picked":["Fiend Fire","Barricade"],"picked":"Double Tap","floor":16.0},{"not_picked":["Infernal Blade"],"picked":"SKIP","floor":18.0}],"player_experience":37150,"relics_obtained":[{"floor":7.0,"key":"Letter Opener"},{"floor":9.0,"key":"Tiny Chest"},{"floor":11.0,"key":"Strawberry"},{"floor":14.0,"key":"The Courier"}],"event_choices":[{"damage_healed":0.0,"max_hp_gain":0.0,"max_hp_loss":0.0,"gold_gain":0.0,"event_name":"FaceTrader","player_choice":"Trade","floor":4.0,"gold_loss":0.0,"damage_taken":0.0,"relics_obtained":["FaceOfCleric"]},{"cards_removed":["Strike_R"],"damage_healed":0.0,"max_hp_gain":0.0,"max_hp_loss":0.0,"gold_gain":0.0,"event_name":"Living Wall","player_choice":"Forget","floor":12.0,"gold_loss":0.0,"damage_taken":0.0},{"damage_healed":0.0,"max_hp_gain":0.0,"max_hp_loss":0.0,"gold_gain":0.0,"event_name":"Dead Adventurer","player_choice":"Searched \u00272\u0027 times","floor":14.0,"gold_loss":0.0,"damage_taken":0.0},{"damage_healed":0.0,"max_hp_gain":0.0,"max_hp_loss":0.0,"gold_gain":0.0,"event_name":"Colosseum","player_choice":"Fight","floor":19.0,"gold_loss":0.0,"damage_taken":0.0},{"damage_healed":0.0,"max_hp_gain":0.0,"max_hp_loss":0.0,"gold_gain":0.0,"event_name":"Colosseum","player_choice":"Fled From Nobs","floor":19.0,"gold_loss":0.0,"damage_taken":0.0}],"is_beta":false,"boss_relics":[{"not_picked":["Ectoplasm","Fusion Hammer"],"picked":"Busted Crown"}],"items_purged_floors":[3],"is_endless":false,"potions_floor_spawned":[2,14,16],"killed_by":"Spheric Guardian","ascension_level":1}