{"gold_per_floor":[115,29,29,48,48,48,61,89,116,116,127,137,6,6,6,83,83,94,104,157,157,157,157,190,190,190,201,201,101,101,101,101,175,175,192,172,190,65,75,75,104,104,104,130,130,146,164,164,164,164],"floor_reached":51,"playtime":1787,"items_purged":["Defend_R","Rupture","Bash+1"],"score":1348,"play_id":"e87a34c4-fcba-4760-9b18-e132aa400be9","local_time":"20190531134610","is_ascension_mode":true,"campfire_choices":[{"data":"Rampage","floor":6,"key":"SMITH"},{"data":"True Grit","floor":10,"key":"SMITH"},{"data":"Bash","floor":15,"key":"SMITH"},{"data":"Metallicize","floor":23,"key":"SMITH"},{"floor":28,"key":"REST"},{"data":"Seeing Red","floor":30,"key":"SMITH"},{"data":"Evolve","floor":32,"key":"SMITH"},{"floor":40,"key":"REST"},{"data":"Barricade","floor":42,"key":"SMITH"},{"floor":45,"key":"REST"},{"floor":49,"key":"REST"}],"neow_cost":"NONE","seed_source_timestamp":353811581829013,"circlet_count":0,"master_deck":["AscendersBane","Metallicize+1","Rampage+1","True Grit+1","Evolve+1","Shrug It Off","Immolate","Armaments+1","Seeing Red+1","Double Tap","True Grit+1","Feel No Pain+1","Barricade+1","Uppercut+1","Thunderclap+1","Flame Barrier+1","Bloodletting","Feel No Pain+1"],"relics":["Burning Blood","Pen Nib","Regal Pillow","Runic Pyramid","Tiny Chest","Ice Cream","Unceasing Top","Ginger","Astrolabe","Frozen Egg 2","Toxic Egg 2","Turnip"],"potions_floor_usage":[11,24,33,33,36,41,44,44,47],"damage_taken":[{"damage":12,"enemies":"Jaw Worm","floor":1,"turns":4},{"damage":1,"enemies":"Small Slimes","floor":4,"turns":4},{"damage":2,"enemies":"Cultist","floor":7,"turns":4},{"damage":29,"enemies":"Lagavulin","floor":8,"turns":8},{"damage":15,"enemies":"3 Louse","floor":11,"turns":4},{"damage":3,"enemies":"Red Slaver","floor":12,"turns":5},{"damage":22,"enemies":"Slime Boss","floor":16,"turns":12},{"damage":6,"enemies":"Shell Parasite","floor":18,"turns":6},{"damage":2,"enemies":"2 Thieves","floor":19,"turns":2},{"damage":45,"enemies":"Slavers","floor":24,"turns":5},{"damage":9,"enemies":"Sentry and Sphere","floor":27,"turns":6},{"damage":43,"enemies":"Automaton","floor":33,"turns":9},{"damage":27,"enemies":"3 Darklings","floor":35,"turns":4},{"damage":8,"enemies":"Orb Walker","floor":37,"turns":3},{"damage":22,"enemies":"Writhing Mass","floor":39,"turns":9},{"damage":6,"enemies":"Nemesis","floor":41,"turns":11},{"damage":64,"enemies":"Reptomancer","floor":44,"turns":10},{"damage":23,"enemies":"Jaw Worm Horde","floor":46,"turns":5},{"damage":7,"enemies":"Sphere and 2 Shapes","floor":47,"turns":7},{"damage":60,"enemies":"Awakened One","floor":50,"turns":12}],"seed_played":"-4092602875505692877","potions_obtained":[{"floor":8,"key":"BloodPotion"},{"floor":16,"key":"Weak Potion"},{"floor":24,"key":"Strength Potion"},{"floor":27,"key":"Block Potion"},{"floor":33,"key":"EssenceOfSteel"},{"floor":36,"key":"Fruit Juice"},{"floor":39,"key":"SpeedPotion"},{"floor":41,"key":"Regen Potion"},{"floor":46,"key":"Weak Potion"}],"is_trial":false,"path_per_floor":["M","$","?","M","?","R","M","E","T","R","M","M","$","?","R","B",null,"M","M","T","?","?","R","E","?","T","M","R","$","R","T","R","B",null,"M","?","M","$","M","R","E","R","T","E","R","M","M","?","R","B",null],"character_chosen":"IRONCLAD","items_purchased":["Rampage","Shrug It Off"],"campfire_rested":4,"item_purchase_floors":[2,13],"current_hp_per_floor":[62,62,55,60,60,60,64,41,41,41,39,42,42,42,42,26,63,63,67,67,67,67,67,28,28,28,25,62,62,62,62,62,25,63,42,47,45,45,29,68,68,68,68,25,64,47,46,34,73,19],"gold":164,"neow_bonus":"REMOVE_CARD","is_prod":false,"is_daily":false,"chose_seed":false,"campfire_upgraded":7,"win_rate":0,"timestamp":1559303170,"path_taken":["M","$","?","M","?","R","M","E","T","R","M","?","$","?","R","BOSS","M","M","?","?","?","R","E","?","T","?","R","$","R","?","R","BOSS","M","?","M","$","M","R","E","R","T","E","R","?","M","?","R","BOSS"],"build_version":"2019-01-23","purchased_purges":3,"victory":true,"max_hp_per_floor":[75,75,75,75,75,75,75,75,75,75,75,75,75,75,75,75,75,75,75,75,75,75,75,75,75,75,75,75,75,75,75,75,75,75,75,80,80,80,80,80,80,80,80,80,80,80,80,80,80,80],"card_choices":[{"not_picked":["Perfected Strike","Clash"],"picked":"Metallicize","floor":1},{"not_picked":["Feel No Pain","Havoc","Carnage"],"picked":"SKIP","floor":4},{"not_picked":["Sword Boomerang","Heavy Blade","Entrench"],"picked":"SKIP","floor":7},{"not_picked":["True Grit","Wild Strike","Dual Wield"],"picked":"SKIP","floor":8},{"not_picked":["Wild Strike","Dual Wield"],"picked":"True Grit","floor":8},{"not_picked":["Clash","Power Through"],"picked":"Evolve","floor":11},{"not_picked":["Wild Strike","Perfected Strike","Feed"],"picked":"SKIP","floor":12},{"not_picked":["Limit Break","Brutality"],"picked":"Immolate","floor":16},{"not_picked":["Perfected Strike+1","Pummel"],"picked":"Armaments+1","floor":18},{"not_picked":["Entrench","Infernal Blade"],"picked":"Seeing Red","floor":19},{"not_picked":["Spot Weakness","Flex","Havoc+1"],"picked":"SKIP","floor":24},{"not_picked":["Sever Soul","Clothesline"],"picked":"Feel No Pain+1","floor":27},{"not_picked":["Offering","Double Tap"],"picked":"Barricade","floor":33},{"not_picked":["Warcry","Uppercut"],"picked":"Bloodletting","floor":35},{"not_picked":["Shrug It Off+1","Iron Wave","Whirlwind"],"picked":"SKIP","floor":37},{"not_picked":["Pommel Strike","Heavy Blade","Uppercut"],"picked":"SKIP","floor":39},{"not_picked":["Wild Strike+1","Anger+1"],"picked":"Feel No Pain+1","floor":41},{"not_picked":["Twin Strike","Pommel Strike+1","Inflame+1"],"picked":"SKIP","floor":44},{"not_picked":["Heavy Blade","Uppercut+1","Iron Wave"],"picked":"SKIP","floor":46},{"not_picked":["Anger","Combust+1","Flex+1"],"picked":"SKIP","floor":47}],"player_experience":277034,"relics_obtained":[{"floor":8,"key":"Pen Nib"},{"floor":9,"key":"Regal Pillow"},{"floor":20,"key":"Tiny Chest"},{"floor":24,"key":"Ice Cream"},{"floor":26,"key":"Unceasing Top"},{"floor":31,"key":"Ginger"},{"floor":41,"key":"Frozen Egg 2"},{"floor":43,"key":"Toxic Egg 2"},{"floor":44,"key":"Turnip"}],"event_choices":[{"cards_removed":["Strike_R"],"damage_healed":0,"gold_gain":0,"player_choice":"Card Removal","damage_taken":7,"max_hp_gain":0,"max_hp_loss":0,"event_name":"Golden Wing","floor":3,"gold_loss":0},{"cards_removed":["Strike_R"],"damage_healed":0,"gold_gain":0,"player_choice":"Purged","damage_taken":0,"max_hp_gain":0,"max_hp_loss":0,"event_name":"Purifier","floor":5,"gold_loss":0},{"damage_healed":0,"gold_gain":0,"player_choice":"0 cards matched","damage_taken":0,"max_hp_gain":0,"max_hp_loss":0,"event_name":"Match and Keep!","floor":14,"gold_loss":0,"cards_obtained":[]},{"damage_healed":0,"gold_gain":0,"player_choice":"Ignored","damage_taken":0,"max_hp_gain":0,"max_hp_loss":0,"event_name":"Ghosts","floor":21,"gold_loss":0},{"damage_healed":0,"gold_gain":0,"cards_transformed":["Strike_R","Defend_R"],"player_choice":"Became Test Subject","damage_taken":0,"max_hp_gain":0,"max_hp_loss":0,"event_name":"Drug Dealer","floor":22,"gold_loss":0,"cards_obtained":["Rupture","Double Tap"]},{"damage_healed":0,"gold_gain":0,"player_choice":"Copied","damage_taken":0,"max_hp_gain":0,"max_hp_loss":0,"event_name":"Duplicator","floor":25,"gold_loss":0,"cards_obtained":["True Grit"]},{"damage_healed":0,"gold_gain":0,"player_choice":"Bought 1 Potion","damage_taken":0,"max_hp_gain":0,"max_hp_loss":0,"event_name":"The Woman in Blue","floor":36,"gold_loss":0},{"damage_healed":0,"gold_gain":0,"player_choice":"Damaged","damage_taken":12,"max_hp_gain":0,"max_hp_loss":0,"event_name":"Wheel of Change","floor":48,"gold_loss":0}],"is_beta":false,"boss_relics":[{"not_picked":["Runic Dome","Calling Bell"],"picked":"Runic Pyramid"},{"not_picked":["Eternal Feather","Pandora\u0027s Box"],"picked":"Astrolabe"}],"items_purged_floors":[13,29,38],"is_endless":false,"potions_floor_spawned":[8,16,24,27,33,39,41,46],"ascension_level":16}