{"gold_per_floor":[119,131,131,62,130,130,149,149,230,265,282,36,36,67,67,141,141,151,12,28,28,38,68,68],"floor_reached":24,"playtime":2370,"items_purged":[],"score":395,"play_id":"31115f22-cc05-4ea2-800b-4c1fb5c77042","local_time":"20190517201155","is_ascension_mode":true,"campfire_choices":[{"data":"Bash","floor":6,"key":"SMITH"},{"floor":8,"key":"REST"},{"data":"Bludgeon","floor":15,"key":"SMITH"}],"neow_cost":"NONE","seed_source_timestamp":104040230342929,"circlet_count":0,"master_deck":["AscendersBane","Strike_R","Strike_R","Strike_R","Strike_R","Strike_R","Defend_R","Defend_R","Defend_R","Defend_R","Bash+1","Disarm","Carnage","Feel No Pain","Carnage","Headbutt","Bludgeon+1","Shockwave","Inflame","Ghostly Armor","Feel No Pain","Clothesline","Rage","Body Slam","Demon Form","Whirlwind","Entrench","Immolate","Shockwave","Dropkick"],"relics":["Black Star","Torii","Bottled Flame","Anchor","Bag of Preparation","Lee\u0027s Waffle","Prayer Wheel","Oddly Smooth Stone","Orrery","Darkstone Periapt","Centennial Puzzle"],"potions_floor_usage":[10,16,20,24],"damage_taken":[{"damage":4,"enemies":"Small Slimes","floor":1,"turns":5},{"damage":8,"enemies":"Jaw Worm","floor":2,"turns":5},{"damage":1,"enemies":"2 Louse","floor":7,"turns":3},{"damage":42,"enemies":"3 Sentries","floor":10,"turns":10},{"damage":1,"enemies":"Red Slaver","floor":11,"turns":3},{"damage":6,"enemies":"Gremlin Nob","floor":14,"turns":3},{"damage":61,"enemies":"Hexaghost","floor":16,"turns":11},{"damage":2,"enemies":"Chosen","floor":18,"turns":5},{"damage":17,"enemies":"3 Byrds","floor":20,"turns":10},{"damage":29,"enemies":"Cultist and Chosen","floor":22,"turns":9},{"damage":63,"enemies":"Book of Stabbing","floor":23,"turns":11},{"damage":13,"enemies":"Centurion and Healer","floor":24,"turns":4}],"seed_played":"-7080661400751192503","potions_obtained":[{"floor":1,"key":"Swift Potion"},{"floor":2,"key":"Weak Potion"},{"floor":13,"key":"Dexterity Potion"},{"floor":16,"key":"SkillPotion"},{"floor":20,"key":"SteroidPotion"}],"is_trial":false,"path_per_floor":["?","?","?","?"],"character_chosen":"IRONCLAD","items_purchased":["Feel No Pain","Lee\u0027s Waffle","PowerPotion","Demon Form"],"campfire_rested":1,"item_purchase_floors":[4,12,12,19],"current_hp_per_floor":[68,60,57,57,57,57,56,80,80,38,37,87,87,81,81,20,70,68,68,51,97,68,5,0],"gold":68,"neow_bonus":"BOSS_RELIC","is_prod":false,"is_daily":false,"chose_seed":false,"campfire_upgraded":2,"win_rate":0,"timestamp":1558138315,"path_taken":["M","M","?","$","?","R","M","R","T","E","M","$","?","E","R","BOSS","M","$","M","?","M","E","M"],"build_version":"2019-01-23","purchased_purges":0,"victory":false,"max_hp_per_floor":[80,80,80,80,80,80,80,80,80,80,80,87,87,87,87,87,87,87,87,87,97,97,97,97],"card_choices":[{"not_picked":["Dropkick","Heavy Blade"],"picked":"Disarm","floor":1},{"not_picked":["Rampage","Armaments"],"picked":"Carnage","floor":2},{"not_picked":["Sword Boomerang","Body Slam","Bloodletting"],"picked":"SKIP","floor":7},{"not_picked":["Sword Boomerang","Anger"],"picked":"Carnage","floor":10},{"not_picked":["Sever Soul","Warcry"],"picked":"Headbutt","floor":11},{"not_picked":["Heavy Blade","Dark Embrace"],"picked":"Bludgeon","floor":14},{"not_picked":["Juggernaut","Exhume"],"picked":"Barricade","floor":16},{"not_picked":["Bloodletting","Iron Wave"],"picked":"Shockwave","floor":17},{"not_picked":["Combust","Warcry"],"picked":"Inflame","floor":17},{"not_picked":["True Grit","Wild Strike"],"picked":"Ghostly Armor","floor":17},{"not_picked":["Dropkick","Searing Blow"],"picked":"Feel No Pain","floor":17},{"not_picked":["Thunderclap","Anger"],"picked":"Clothesline","floor":17},{"not_picked":["Clothesline+1","Pommel Strike"],"picked":"Rage","floor":18},{"not_picked":["Perfected Strike+1","Blood for Blood+1"],"picked":"Body Slam","floor":18},{"not_picked":["Heavy Blade","Entrench"],"picked":"Whirlwind","floor":20},{"not_picked":["Armaments","Infernal Blade"],"picked":"Entrench","floor":20},{"not_picked":["Rupture","Sword Boomerang"],"picked":"Immolate","floor":22},{"not_picked":["Perfected Strike","Body Slam"],"picked":"Shockwave","floor":22},{"not_picked":["Whirlwind","Rampage"],"picked":"Dropkick","floor":23}],"player_experience":523782,"relics_obtained":[{"floor":9,"key":"Bottled Flame"},{"floor":10,"key":"Anchor"},{"floor":10,"key":"Bag of Preparation"},{"floor":14,"key":"Prayer Wheel"},{"floor":14,"key":"Oddly Smooth Stone"},{"floor":23,"key":"Darkstone Periapt"},{"floor":23,"key":"Centennial Puzzle"}],"event_choices":[{"damage_healed":0,"gold_gain":0,"player_choice":"Success","damage_taken":3,"relics_obtained":["Torii"],"max_hp_gain":0,"max_hp_loss":0,"event_name":"Scrap Ooze","floor":3,"gold_loss":0},{"damage_healed":0,"gold_gain":68,"player_choice":"Gained Gold","damage_taken":0,"max_hp_gain":0,"max_hp_loss":0,"event_name":"Golden Wing","floor":5,"gold_loss":0},{"damage_healed":0,"gold_gain":0,"player_choice":"Got Potions","damage_taken":0,"max_hp_gain":0,"max_hp_loss":0,"event_name":"Lab","floor":13,"gold_loss":0},{"cards_removed":["Barricade"],"damage_healed":36,"gold_gain":0,"player_choice":"Offered Rare","damage_taken":0,"max_hp_gain":10,"max_hp_loss":0,"event_name":"Bonfire Elementals","floor":21,"gold_loss":0}],"is_beta":false,"boss_relics":[{"not_picked":["Coffee Dripper","Tiny House"],"picked":"Orrery"}],"items_purged_floors":[],"is_endless":false,"potions_floor_spawned":[1,2,7,16,18,20,22],"killed_by":"Centurion and Healer","ascension_level":13}