{"gold_per_floor":[114,131,206,220,145,145,180,180,180,209,209,209,229,247,247,346,346,358,358,221,240,253,284,284,310,310,185,185,199,224,240,240,344,344,357,9,27,47,47,47,47,47,96,123,134,234,267,283,283,283],"floor_reached":51,"playtime":9769,"items_purged":["Strike_B","Defend_B","Strike_B","Strike_B"],"score":730,"play_id":"a5cdda41-1dac-416e-8812-e751447c0d0f","local_time":"20181225124533","is_ascension_mode":false,"campfire_choices":[{"data":"Chill","floor":6,"key":"SMITH"},{"floor":15,"key":"REST"},{"floor":28,"key":"REST"},{"data":"Buffer","floor":32,"key":"SMITH"},{"data":"Biased Cognition","floor":40,"key":"SMITH"},{"data":"Electrodynamics","floor":42,"key":"SMITH"},{"floor":49,"key":"REST"}],"neow_cost":"NONE","seed_source_timestamp":4404925215798,"circlet_count":0,"master_deck":["Strike_B","Defend_B","Defend_B","Defend_B","Zap","Dualcast","Redo","Chill+1","Buffer+1","Cold Snap+1","Conserve Battery","Reinforced Body","Electrodynamics+1","Ball Lightning+1","Lockon+1","Compile Driver+1","Biased Cognition+1","Barrage+1","Redo+1","Go for the Eyes+1","Multi-Cast","Defragment","Sweeping Beam+1","Consume+1","Thunder Strike+1","Conserve Battery+1"],"relics":["Cracked Core","Pen Nib","Molten Egg 2","Mercury Hourglass","Inserter","Question Card","Calipers","Pocketwatch","Vajra","Sozu","ClockworkSouvenir","NlothsMask","Toxic Egg 2","Shuriken"],"potions_floor_usage":[16,18,23,25,33],"damage_taken":[{"damage":0,"enemies":"Cultist","floor":1,"turns":3},{"damage":2,"enemies":"Small Slimes","floor":2,"turns":3},{"damage":0,"enemies":"2 Louse","floor":4,"turns":2},{"damage":50,"enemies":"Lagavulin","floor":7,"turns":12},{"damage":17,"enemies":"Gremlin Nob","floor":10,"turns":5},{"damage":0,"enemies":"Large Slime","floor":13,"turns":4},{"damage":0,"enemies":"Gremlin Gang","floor":14,"turns":4},{"damage":32,"enemies":"Slime Boss","floor":16,"turns":14},{"damage":0,"enemies":"3 Byrds","floor":18,"turns":4},{"damage":10,"enemies":"2 Thieves","floor":21,"turns":5},{"damage":9,"enemies":"Centurion and Healer","floor":22,"turns":6},{"damage":4,"enemies":"Gremlin Leader","floor":23,"turns":6},{"damage":20,"enemies":"Book of Stabbing","floor":25,"turns":5},{"damage":0,"enemies":"Cultist and Chosen","floor":29,"turns":4},{"damage":0,"enemies":"Snecko","floor":31,"turns":4},{"damage":39,"enemies":"Collector","floor":33,"turns":7},{"damage":8,"enemies":"Orb Walker","floor":35,"turns":3},{"damage":0,"enemies":"3 Darklings","floor":37,"turns":5},{"damage":2,"enemies":"Writhing Mass","floor":38,"turns":4},{"damage":0,"enemies":"Reptomancer","floor":44,"turns":3},{"damage":0,"enemies":"4 Shapes","floor":45,"turns":2},{"damage":20,"enemies":"Giant Head","floor":47,"turns":7},{"damage":12,"enemies":"Transient","floor":48,"turns":5},{"damage":6,"enemies":"Time Eater","floor":50,"turns":10}],"seed_played":"7775660450910829999","potions_obtained":[{"floor":1,"key":"EntropicBrew"},{"floor":4,"key":"GamblersBrew"},{"floor":7,"key":"FairyPotion"},{"floor":13,"key":"Poison Potion"},{"floor":18,"key":"SkillPotion"},{"floor":33,"key":"GamblersBrew"}],"is_trial":false,"path_per_floor":["M","M","?","M","$","R","E","?","T","E","?","?","M","M","R","B",null,"M","?","$","M","M","E","?","E","T","$","R","M","T","M","R","B",null,"M","$","M","M","?","R","$","R","T","E","M","?","E","M","R","B",null],"character_chosen":"DEFECT","items_purchased":["Lockon+1","ClockworkSouvenir"],"campfire_rested":3,"item_purchase_floors":[20,36],"current_hp_per_floor":[82,80,69,69,69,69,19,19,19,2,2,2,2,2,26,8,82,82,66,66,56,47,58,58,38,38,38,64,64,64,64,64,25,87,79,79,79,77,77,77,77,77,77,77,77,77,57,45,71,65],"gold":283,"neow_bonus":"TEN_PERCENT_HP_BONUS","is_prod":false,"is_daily":false,"chose_seed":false,"campfire_upgraded":4,"win_rate":0.0,"timestamp":1545738333,"path_taken":["M","?","?","M","$","R","E","?","T","E","?","?","?","M","R","BOSS","M","?","$","M","M","E","?","E","T","?","R","M","?","M","R","BOSS","M","$","M","M","?","R","?","R","T","E","?","?","E","M","R","BOSS"],"build_version":"2018-12-20","purchased_purges":4,"victory":true,"max_hp_per_floor":[82,82,82,82,82,82,82,82,82,82,82,82,82,82,82,82,82,82,87,87,87,87,87,87,87,87,87,87,87,87,87,87,87,87,87,87,87,87,87,87,87,87,87,87,87,87,87,87,87,87],"card_choices":[{"not_picked":["Aggregate","Gash","Steam"],"picked":"SKIP","floor":1},{"not_picked":["Go for the Eyes","Steam Power"],"picked":"Redo","floor":2},{"not_picked":["BootSequence","Beam Cell"],"picked":"Chill","floor":4},{"not_picked":["Tempest","Melter"],"picked":"Buffer","floor":7},{"not_picked":["Double Energy","Hologram"],"picked":"Cold Snap+1","floor":10},{"not_picked":["Cold Snap+1","Ball Lightning+1"],"picked":"Conserve Battery","floor":13},{"not_picked":["Stack","Coolheaded"],"picked":"Reinforced Body","floor":14},{"not_picked":["Thunder Strike+1","Rainbow"],"picked":"Electrodynamics","floor":16},{"not_picked":["Conserve Battery+1","Glacier"],"picked":"Ball Lightning+1","floor":18},{"not_picked":["Steam+1","Steam Power+1"],"picked":"Compile Driver+1","floor":21},{"not_picked":["Gash+1","Leap"],"picked":"Biased Cognition","floor":22},{"not_picked":["Leap","Cold Snap+1"],"picked":"Barrage+1","floor":23},{"not_picked":["Melter+1","Coolheaded","Streamline+1","Barrage+1"],"picked":"SKIP","floor":25},{"not_picked":["Hologram","Gash+1","Melter+1"],"picked":"Redo+1","floor":29},{"not_picked":["Redo","Force Field+1","Creative AI"],"picked":"Go for the Eyes+1","floor":31},{"not_picked":["Buffer","Seek","Reboot"],"picked":"Multi-Cast","floor":33},{"not_picked":["Auto Shields","Rip and Tear+1","Beam Cell+1"],"picked":"Defragment","floor":35},{"not_picked":["Reprogram+1","Leap+1","Force Field+1"],"picked":"Sweeping Beam+1","floor":37},{"not_picked":["Reprogram","Beam Cell+1","Auto Shields","Steam+1"],"picked":"SKIP","floor":38},{"not_picked":["Hello World+1","Streamline+1","Ball Lightning+1"],"picked":"Consume","floor":44},{"not_picked":["Heatsinks+1","Compile Driver+1","Go for the Eyes+1"],"picked":"Thunder Strike+1","floor":45},{"not_picked":["Aggregate+1","Gash+1","Tempest+1","Multi-Cast+1"],"picked":"SKIP","floor":47},{"not_picked":["Streamline+1","Barrage+1","Doom and Gloom+1"],"picked":"Conserve Battery+1","floor":48}],"player_experience":18538,"relics_obtained":[{"floor":7,"key":"Pen Nib"},{"floor":9,"key":"Molten Egg 2"},{"floor":10,"key":"Mercury Hourglass"},{"floor":23,"key":"Question Card"},{"floor":25,"key":"Calipers"},{"floor":26,"key":"Pocketwatch"},{"floor":30,"key":"Vajra"},{"floor":44,"key":"Toxic Egg 2"},{"floor":47,"key":"Shuriken"}],"event_choices":[{"damage_healed":0,"gold_gain":75,"player_choice":"Gather Gold","damage_taken":11,"max_hp_gain":0,"max_hp_loss":0,"event_name":"World of Goop","floor":3,"gold_loss":0},{"damage_healed":0,"gold_gain":0,"player_choice":"Ignored","damage_taken":0,"max_hp_gain":0,"max_hp_loss":0,"event_name":"Shining Light","floor":8,"gold_loss":0},{"damage_healed":0,"gold_gain":0,"player_choice":"Fled","damage_taken":0,"max_hp_gain":0,"max_hp_loss":0,"event_name":"Scrap Ooze","floor":11,"gold_loss":0},{"cards_removed":["Iron Wave"],"damage_healed":0,"gold_gain":0,"player_choice":"Took Card","damage_taken":0,"max_hp_gain":0,"max_hp_loss":0,"event_name":"NoteForYourself","floor":12,"gold_loss":0,"cards_obtained":["Iron Wave"]},{"damage_healed":0,"gold_gain":0,"player_choice":"Shed Blood","damage_taken":21,"max_hp_gain":5,"max_hp_loss":0,"event_name":"Forgotten Altar","floor":19,"gold_loss":0},{"damage_healed":0,"gold_gain":0,"player_choice":"Ignored","damage_taken":0,"max_hp_gain":0,"max_hp_loss":0,"event_name":"Vampires","floor":24,"gold_loss":0},{"damage_healed":0,"gold_gain":0,"player_choice":"Trade","damage_taken":0,"relics_obtained":["NlothsMask"],"max_hp_gain":0,"max_hp_loss":0,"event_name":"FaceTrader","floor":39,"gold_loss":0},{"damage_healed":0,"gold_gain":100,"player_choice":"Pray","damage_taken":0,"max_hp_gain":0,"max_hp_loss":0,"event_name":"Golden Shrine","floor":46,"gold_loss":0}],"is_beta":false,"boss_relics":[{"not_picked":["Velvet Choker","Coffee Dripper"],"picked":"Inserter"},{"not_picked":["Lizard Tail","Black Star"],"picked":"Sozu"}],"items_purged_floors":[5,20,27,36],"is_endless":false,"potions_floor_spawned":[1,4,7,13,18,33,35,44,47],"ascension_level":0}