{"gold_per_floor":[116,41,216,235,250,281,68,101,101,101,101,111,111,121,121,226,226,240,25,25,125,125,125,159,159,159,159,191,191,201,51,51,151,151,170,189,189,189,208,236,246,246,246,258,278,33,33,64,64,64],"floor_reached":50,"playtime":2069,"items_purged":["Normality","Doubt","Strike_B","Defend_B","Normality"],"score":621,"play_id":"8598d6bc-3e49-476d-81e0-6fb733a684f3","local_time":"20190126111442","is_ascension_mode":false,"campfire_choices":[{"floor":11,"key":"REST"},{"data":"Defragment","floor":13,"key":"SMITH"},{"data":"Defragment","floor":15,"key":"SMITH"},{"floor":23,"key":"REST"},{"floor":25,"key":"REST"},{"data":"Echo Form","floor":27,"key":"SMITH"},{"data":"Blizzard","floor":29,"key":"SMITH"},{"data":"Machine Learning","floor":32,"key":"SMITH"},{"floor":42,"key":"REST"},{"floor":49,"key":"REST"}],"neow_cost":"CURSE","seed_source_timestamp":1618753605409,"circlet_count":0,"master_deck":["Defend_B","Defend_B","Defend_B","Zap","Dualcast+1","Aggregate","Rainbow","Cold Snap","Beam Cell","Hologram","Cold Snap","Defragment+1","Coolheaded","Echo Form+1","Defragment+1","Machine Learning+1","Blizzard+1","Gash","BootSequence+1","Heatsinks+1","Defragment+1","Writhe"],"relics":["Cracked Core","Strawberry","Du-Vu Doll","Bottled Tornado","Eternal Feather","Ginger","Letter Opener","Frozen Egg 2","Regal Pillow","Molten Egg 2","Ornamental Fan","Cursed Key","Oddly Smooth Stone","Pear","Ancient Tea Set"],"potions_floor_usage":[21,24,33,39,41,45,50],"damage_taken":[{"damage":13,"enemies":"Small Slimes","floor":1,"turns":3},{"damage":1,"enemies":"Jaw Worm","floor":4,"turns":5},{"damage":2,"enemies":"Cultist","floor":5,"turns":4},{"damage":17,"enemies":"Gremlin Nob","floor":6,"turns":4},{"damage":11,"enemies":"3 Sentries","floor":8,"turns":9},{"damage":8,"enemies":"Large Slime","floor":12,"turns":9},{"damage":3,"enemies":"Blue Slaver","floor":14,"turns":5},{"damage":20,"enemies":"Hexaghost","floor":16,"turns":13},{"damage":1,"enemies":"Spheric Guardian","floor":18,"turns":5},{"damage":48,"enemies":"Colosseum Slavers","floor":21,"turns":6},{"damage":25,"enemies":"Colosseum Nobs","floor":21,"turns":8},{"damage":17,"enemies":"Gremlin Leader","floor":24,"turns":9},{"damage":42,"enemies":"Slavers","floor":28,"turns":9},{"damage":0,"enemies":"Chosen","floor":30,"turns":5},{"damage":22,"enemies":"Automaton","floor":33,"turns":10},{"damage":26,"enemies":"3 Darklings","floor":35,"turns":7},{"damage":4,"enemies":"Orb Walker","floor":36,"turns":6},{"damage":2,"enemies":"3 Darklings","floor":39,"turns":6},{"damage":0,"enemies":"Giant Head","floor":40,"turns":11},{"damage":29,"enemies":"Transient","floor":41,"turns":5},{"damage":9,"enemies":"Sphere and 2 Shapes","floor":44,"turns":4},{"damage":34,"enemies":"4 Shapes","floor":45,"turns":6},{"damage":65,"enemies":"Nemesis","floor":48,"turns":13},{"damage":63,"enemies":"Awakened One","floor":50,"turns":3}],"seed_played":"-2066145588012537175","potions_obtained":[{"floor":5,"key":"SpeedPotion"},{"floor":6,"key":"PowerPotion"},{"floor":14,"key":"SteroidPotion"},{"floor":18,"key":"Dexterity Potion"},{"floor":21,"key":"Block Potion"},{"floor":30,"key":"AttackPotion"},{"floor":33,"key":"GamblersBrew"},{"floor":36,"key":"Energy Potion"},{"floor":39,"key":"Regen Potion"},{"floor":41,"key":"PowerPotion"}],"is_trial":false,"path_per_floor":["M","$","?","M","M","E","$","E","T","?","R","M","R","M","R","B",null,"M","$","$","?","T","R","E","R","T","R","E","R","M","$","R","B",null,"M","M","?","?","M","E","M","R","T","M","M","$","?","E","R","B"],"character_chosen":"DEFECT","items_purchased":["Defragment","Coolheaded","Blizzard","Gash","Defragment+1"],"campfire_rested":5,"item_purchase_floors":[7,7,19,19,46],"current_hp_per_floor":[62,62,62,61,59,49,49,38,38,31,55,47,47,44,44,24,82,81,81,81,8,8,44,27,78,78,82,40,52,52,52,64,42,82,56,52,52,52,50,50,30,81,91,82,48,48,71,6,60,0],"gold":64,"neow_bonus":"TRANSFORM_TWO_CARDS","is_prod":false,"is_daily":false,"chose_seed":false,"campfire_upgraded":5,"win_rate":0.0,"timestamp":1548497682,"path_taken":["M","$","?","M","M","E","$","E","T","?","R","M","R","?","R","BOSS","M","?","$","?","?","R","E","R","T","R","E","R","M","$","R","BOSS","M","M","?","?","M","E","?","R","T","M","?","$","?","E","R","BOSS"],"build_version":"2019-01-23","purchased_purges":5,"victory":false,"max_hp_per_floor":[75,75,75,75,75,82,82,82,82,82,82,82,82,82,82,82,82,82,82,82,82,82,82,82,82,82,82,82,82,82,82,82,82,82,82,82,82,82,82,82,82,82,92,92,92,92,92,92,92,92],"card_choices":[{"not_picked":["Beam Cell","Lockon"],"picked":"Cold Snap","floor":1},{"not_picked":["Glacier","Go for the Eyes"],"picked":"Beam Cell","floor":4},{"not_picked":["Coolheaded","Stack"],"picked":"Hologram","floor":5},{"not_picked":["Streamline","Turbo"],"picked":"Cold Snap","floor":6},{"not_picked":["Double Energy","Hologram","Go for the Eyes"],"picked":"SKIP","floor":8},{"not_picked":["Ball Lightning","Leap"],"picked":"Echo Form","floor":12},{"not_picked":["Conserve Battery","Barrage"],"picked":"Defragment","floor":14},{"not_picked":["Buffer","Biased Cognition"],"picked":"Machine Learning","floor":16},{"not_picked":["Rebound","Fusion","Sweeping Beam+1"],"picked":"SKIP","floor":18},{"not_picked":["Barrage","Cold Snap"],"picked":"BootSequence+1","floor":21},{"not_picked":["Rebound","Steam","Redo+1"],"picked":"SKIP","floor":24},{"not_picked":["Sunder+1","BootSequence","Aggregate"],"picked":"SKIP","floor":28},{"not_picked":["Steam","Multi-Cast"],"picked":"Heatsinks+1","floor":30},{"not_picked":["Redo","Streamline+1","Storm+1"],"picked":"SKIP","floor":35},{"not_picked":["Melter+1","Conserve Battery","Sweeping Beam+1"],"picked":"SKIP","floor":36},{"not_picked":["Chaos","Cold Snap+1","Hologram+1"],"picked":"SKIP","floor":39},{"not_picked":["Coolheaded","Consume","All For One+1"],"picked":"SKIP","floor":40},{"not_picked":["Turbo","Steam","Rebound+1"],"picked":"SKIP","floor":41},{"not_picked":["Rebound+1","Redo","Stack"],"picked":"SKIP","floor":44},{"not_picked":["Rebound+1","FTL+1","BootSequence+1"],"picked":"SKIP","floor":45},{"not_picked":["Scrape+1","All For One+1","Melter+1"],"picked":"SKIP","floor":48}],"player_experience":10431,"relics_obtained":[{"floor":6,"key":"Strawberry"},{"floor":8,"key":"Du-Vu Doll"},{"floor":9,"key":"Bottled Tornado"},{"floor":21,"key":"Ginger"},{"floor":21,"key":"Letter Opener"},{"floor":22,"key":"Frozen Egg 2"},{"floor":24,"key":"Regal Pillow"},{"floor":26,"key":"Molten Egg 2"},{"floor":28,"key":"Ornamental Fan"},{"floor":40,"key":"Oddly Smooth Stone"},{"floor":43,"key":"Pear"},{"floor":48,"key":"Ancient Tea Set"}],"event_choices":[{"damage_healed":0,"gold_gain":175,"player_choice":"AGREE","damage_taken":0,"max_hp_gain":0,"max_hp_loss":0,"event_name":"Liars Game","floor":3,"gold_loss":0,"cards_obtained":["Doubt"]},{"cards_removed":["Strike_B"],"damage_healed":0,"gold_gain":0,"player_choice":"Card Removal","damage_taken":7,"max_hp_gain":0,"max_hp_loss":0,"event_name":"Golden Wing","floor":10,"gold_loss":0},{"damage_healed":0,"gold_gain":0,"player_choice":"Fight","damage_taken":0,"max_hp_gain":0,"max_hp_loss":0,"event_name":"Colosseum","floor":21,"gold_loss":0},{"damage_healed":0,"gold_gain":0,"player_choice":"Fought Nobs","damage_taken":0,"max_hp_gain":0,"max_hp_loss":0,"event_name":"Colosseum","floor":21,"gold_loss":0},{"damage_healed":0,"gold_gain":0,"player_choice":"Ignored","damage_taken":0,"max_hp_gain":0,"max_hp_loss":0,"event_name":"Tomb of Lord Red Mask","floor":37,"gold_loss":0},{"damage_healed":0,"gold_gain":0,"player_choice":"Upgraded","damage_taken":0,"max_hp_gain":0,"max_hp_loss":0,"event_name":"Upgrade Shrine","floor":38,"gold_loss":0,"cards_upgraded":["Dualcast"]},{"damage_healed":23,"gold_gain":0,"player_choice":"Writhe","damage_taken":0,"max_hp_gain":0,"max_hp_loss":0,"event_name":"Winding Halls","floor":47,"gold_loss":0,"cards_obtained":["Writhe"]}],"is_beta":false,"boss_relics":[{"not_picked":["Black Star","Calling Bell"],"picked":"Eternal Feather"},{"not_picked":["Inserter","Orrery"],"picked":"Cursed Key"}],"items_purged_floors":[2,7,19,31,46],"is_endless":false,"potions_floor_spawned":[5,6,14,18,21,21,30,33,36,39,41],"killed_by":"Awakened One","ascension_level":0}