{"gold_per_floor":[119,136,211,226,240,270,270,301,301,301,301,301,4,15,15,110,110,128,128,142,142,155,180,180,212,212,222,249,260,107,117,117,221,221,232,252,252,300,79,79,95,95,175,203,219,26,26,44,44,44],"floor_reached":51,"playtime":5992,"items_purged":[],"score":1130,"play_id":"f9eab67a-ce2a-43e9-aebe-483495263d20","local_time":"20190515210245","is_ascension_mode":true,"campfire_choices":[{"data":"Neutralize","floor":7,"key":"SMITH"},{"floor":12,"key":"REST"},{"data":"Apotheosis","floor":15,"key":"SMITH"},{"floor":24,"key":"REST"},{"floor":32,"key":"REST"},{"data":"Wraith Form v2","floor":40,"key":"SMITH"},{"data":"Burst","floor":42,"key":"SMITH"},{"floor":49,"key":"REST"}],"neow_cost":"NONE","seed_source_timestamp":195060035146625,"circlet_count":0,"master_deck":["AscendersBane","Defend_G+1","Defend_G+1","Defend_G+1","Defend_G+1","Defend_G+1","Strike_G+1","Strike_G+1","Strike_G+1","Survivor","Neutralize+1","Noxious Fumes","Flying Knee+1","Cloak And Dagger+1","Backflip","Crippling Poison","PiercingWail","Apotheosis+1","Infinite Blades","Doppelganger","Escape Plan","Skewer+1","A Thousand Cuts","Blade Dance","Noxious Fumes","Accuracy","Calculated Gamble+1","Escape Plan","Terror","Blur","Dagger Spray+1","Burst+1","Caltrops","Catalyst+1","Wraith Form v2+1","Dodge and Roll","Bouncing Flask+1","Crippling Poison+1","Caltrops+1","Accuracy","Madness","Madness","Distraction+1","Acrobatics+1"],"relics":["Dead Branch","Bag of Preparation","Matryoshka","Sozu","Nloth\u0027s Gift","Meat on the Bone","Paper Crane","Boot","Pear","Dream Catcher","Eternal Feather","Calipers","Chemical X","Whetstone","Singing Bowl","The Specimen","Pen Nib"],"potions_floor_usage":[6,8,23,50],"damage_taken":[{"damage":0,"enemies":"Jaw Worm","floor":1,"turns":5},{"damage":1,"enemies":"2 Louse","floor":2,"turns":3},{"damage":0,"enemies":"Cultist","floor":4,"turns":4},{"damage":8,"enemies":"2 Fungi Beasts","floor":5,"turns":5},{"damage":2,"enemies":"3 Sentries","floor":6,"turns":9},{"damage":10,"enemies":"Lagavulin","floor":8,"turns":9},{"damage":0,"enemies":"Lots of Slimes","floor":14,"turns":4},{"damage":9,"enemies":"The Guardian","floor":16,"turns":10},{"damage":2,"enemies":"2 Thieves","floor":18,"turns":4},{"damage":0,"enemies":"Spheric Guardian","floor":20,"turns":4},{"damage":8,"enemies":"Shelled Parasite and Fungi","floor":22,"turns":4},{"damage":1,"enemies":"Gremlin Leader","floor":23,"turns":8},{"damage":21,"enemies":"Slavers","floor":25,"turns":8},{"damage":3,"enemies":"Snake Plant","floor":27,"turns":5},{"damage":16,"enemies":"Book of Stabbing","floor":28,"turns":6},{"damage":11,"enemies":"Snecko","floor":29,"turns":5},{"damage":7,"enemies":"Cultist and Chosen","floor":31,"turns":6},{"damage":25,"enemies":"Collector","floor":33,"turns":7},{"damage":1,"enemies":"3 Shapes","floor":35,"turns":6},{"damage":2,"enemies":"3 Darklings","floor":36,"turns":5},{"damage":12,"enemies":"2 Orb Walkers","floor":38,"turns":5},{"damage":19,"enemies":"Transient","floor":41,"turns":5},{"damage":10,"enemies":"Nemesis","floor":44,"turns":7},{"damage":9,"enemies":"Maw","floor":45,"turns":6},{"damage":0,"enemies":"4 Shapes","floor":48,"turns":4},{"damage":57,"enemies":"Donu and Deca","floor":50,"turns":10}],"seed_played":"-3127473917593577339","potions_obtained":[{"floor":1,"key":"Block Potion"},{"floor":5,"key":"SpeedPotion"},{"floor":14,"key":"Poison Potion"}],"is_trial":false,"path_per_floor":["?","?","?","M","?","?","M","?","?","?"],"character_chosen":"THE_SILENT","items_purchased":["Apotheosis","Infinite Blades","Block Potion","Escape Plan","Terror","Chemical X","Dodge and Roll","Accuracy","Pen Nib"],"campfire_rested":4,"item_purchase_floors":[13,13,13,30,30,39,39,46,46],"current_hp_per_floor":[70,69,58,58,50,48,48,38,38,23,23,46,46,46,46,37,67,65,65,65,65,57,56,77,56,66,63,47,48,48,53,79,54,79,78,76,76,64,64,85,66,87,87,77,68,68,57,57,87,42],"gold":44,"neow_bonus":"TEN_PERCENT_HP_BONUS","is_prod":false,"is_daily":false,"chose_seed":false,"campfire_upgraded":4,"win_rate":0,"timestamp":1557968565,"path_taken":["M","M","?","M","M","E","R","E","T","?","?","R","$","?","R","BOSS","M","?","M","?","M","E","R","E","T","M","E","M","$","M","R","BOSS","M","?","?","?","$","R","M","R","T","E","M","$","?","M","R","BOSS"],"build_version":"2019-01-23","purchased_purges":0,"victory":true,"max_hp_per_floor":[77,77,77,77,77,77,77,77,77,77,77,77,77,77,77,77,77,77,77,77,77,77,77,77,77,87,87,87,87,87,87,87,87,87,87,87,87,87,87,87,87,87,87,87,87,87,87,87,87,87],"card_choices":[{"not_picked":["Quick Slash","Heel Hook"],"picked":"Noxious Fumes","floor":1},{"not_picked":["Slice","Blade Dance"],"picked":"Flying Knee","floor":2},{"not_picked":["Dagger Throw","Eviscerate"],"picked":"Cloak And Dagger","floor":4},{"not_picked":["PiercingWail","Deadly Poison"],"picked":"Backflip","floor":5},{"not_picked":["Backflip","Dagger Throw"],"picked":"Crippling Poison","floor":6},{"not_picked":["Slice","Deflect"],"picked":"PiercingWail","floor":8},{"not_picked":["Reflex","Sucker Punch","Slice"],"picked":"SKIP","floor":14},{"not_picked":["Grand Finale","Bullet Time"],"picked":"Doppelganger","floor":16},{"not_picked":["Acrobatics+1","Accuracy"],"picked":"Escape Plan","floor":18},{"not_picked":["Bane+1","Caltrops"],"picked":"Skewer","floor":20},{"not_picked":["Underhanded Strike","Deflect","Slice"],"picked":"SKIP","floor":22},{"not_picked":["Tactician+1","Deflect"],"picked":"A Thousand Cuts","floor":23},{"not_picked":["Skewer","Acrobatics"],"picked":"Blade Dance","floor":25},{"not_picked":["Quick Slash","Deadly Poison"],"picked":"Noxious Fumes","floor":27},{"not_picked":["Quick Slash","Backflip"],"picked":"Accuracy","floor":28},{"not_picked":["Underhanded Strike","Slice"],"picked":"Calculated Gamble+1","floor":29},{"not_picked":["Tools of the Trade","Cloak And Dagger"],"picked":"Blur","floor":31},{"not_picked":["Poisoned Stab+1","Dagger Throw+1"],"picked":"Dagger Spray+1","floor":32},{"not_picked":["Doppelganger","Storm of Steel"],"picked":"Burst","floor":33},{"not_picked":["Deflect","Setup+1"],"picked":"Caltrops","floor":35},{"not_picked":["PiercingWail+1","Sucker Punch+1"],"picked":"Catalyst+1","floor":36},{"not_picked":["Backflip+1","Sucker Punch+1"],"picked":"Wraith Form v2","floor":38},{"not_picked":["Outmaneuver+1","Backflip+1"],"picked":"Bouncing Flask+1","floor":41},{"not_picked":["Prepared+1","Quick Slash"],"picked":"Crippling Poison+1","floor":44},{"not_picked":["Flying Knee","Glass Knife"],"picked":"Caltrops+1","floor":45},{"not_picked":["Blade Dance","Riddle With Holes"],"picked":"Distraction+1","floor":48},{"not_picked":["Dagger Spray+1","Dodge and Roll+1"],"picked":"Acrobatics+1","floor":49}],"player_experience":479015,"relics_obtained":[{"floor":6,"key":"Dead Branch"},{"floor":8,"key":"Bag of Preparation"},{"floor":9,"key":"Matryoshka"},{"floor":23,"key":"Meat on the Bone"},{"floor":25,"key":"Paper Crane"},{"floor":26,"key":"Boot"},{"floor":26,"key":"Pear"},{"floor":28,"key":"Dream Catcher"},{"floor":38,"key":"Calipers"},{"floor":43,"key":"Whetstone"},{"floor":43,"key":"Singing Bowl"},{"floor":44,"key":"The Specimen"}],"event_choices":[{"damage_healed":0,"gold_gain":75,"player_choice":"Gather Gold","damage_taken":11,"max_hp_gain":0,"max_hp_loss":0,"event_name":"World of Goop","floor":3,"gold_loss":0},{"damage_healed":0,"gold_gain":0,"player_choice":"Entered Light","damage_taken":15,"max_hp_gain":0,"max_hp_loss":0,"event_name":"Shining Light","floor":10,"gold_loss":0,"cards_upgraded":["Defend_G","Cloak And Dagger"]},{"cards_removed":["Strike_G"],"damage_healed":0,"gold_gain":0,"player_choice":"Offered Basic","damage_taken":0,"max_hp_gain":0,"max_hp_loss":0,"event_name":"Bonfire Elementals","floor":11,"gold_loss":0},{"damage_healed":0,"gold_gain":0,"player_choice":"Simplicity","damage_taken":0,"max_hp_gain":0,"max_hp_loss":0,"event_name":"Back to Basics","floor":19,"gold_loss":0,"cards_upgraded":["Defend_G","Defend_G","Defend_G","Defend_G","Strike_G","Strike_G","Strike_G","Strike_G"]},{"damage_healed":0,"gold_gain":0,"player_choice":"Traded Relic","damage_taken":0,"relics_obtained":["Nloth\u0027s Gift"],"max_hp_gain":0,"max_hp_loss":0,"event_name":"N\u0027loth","floor":21,"relics_lost":["Ring of the Snake"],"gold_loss":0},{"cards_removed":["Strike_G"],"damage_healed":0,"gold_gain":0,"player_choice":"Removed Attack","damage_taken":0,"max_hp_gain":0,"max_hp_loss":0,"event_name":"Falling","floor":37,"gold_loss":0},{"damage_healed":0,"gold_gain":0,"player_choice":"Fight","damage_taken":0,"max_hp_gain":0,"max_hp_loss":0,"event_name":"Mysterious Sphere","floor":38,"gold_loss":0},{"damage_healed":0,"gold_gain":0,"player_choice":"Embrace Madness","damage_taken":11,"max_hp_gain":0,"max_hp_loss":0,"event_name":"Winding Halls","floor":47,"gold_loss":0,"cards_obtained":["Madness","Madness"]}],"is_beta":false,"boss_relics":[{"not_picked":["Lizard Tail","Runic Pyramid"],"picked":"Sozu"},{"not_picked":["Coffee Dripper","Orrery"],"picked":"Eternal Feather"}],"items_purged_floors":[],"is_endless":false,"potions_floor_spawned":[1,5,14,22,25,28,29,33,38,45,48],"ascension_level":11}