{"gold_per_floor":[109,109,122,136,44,76,104,137,137,137,151,116,116,116,116,219,219,239,258,278,278,278,278,311,311,335,366,378,17,47,66,66,66],"floor_reached":33,"playtime":2569,"items_purged":["Regret"],"score":479,"play_id":"5a4075e2-c9b5-43c4-b9ca-2cb3bb55d642","local_time":"20190511125939","is_ascension_mode":true,"campfire_choices":[{"data":"Clothesline","floor":13,"key":"SMITH"},{"data":"Juggernaut","floor":15,"key":"SMITH"},{"floor":23,"key":"REST"},{"floor":25,"key":"REST"},{"floor":32,"key":"REST"}],"neow_cost":"NONE","seed_source_timestamp":4572493280866433,"circlet_count":0,"master_deck":["Strike_R","Strike_R","Strike_R","Defend_R","Defend_R","Defend_R+1","Defend_R","Bash+1","Juggernaut+1","Carnage","Clothesline+1","True Grit","Finesse","Heavy Blade","Twin Strike","Dual Wield","Infernal Blade","Offering","Seeing Red","Body Slam","Shockwave","Carnage","Exhume","Infernal Blade+1","Shrug It Off","Metallicize+1","Madness","Double Tap","Inflame+1"],"relics":["Burning Blood","Pear","Odd Mushroom","Blood Vial","Frozen Egg 2","Letter Opener","Cursed Key","Boot","Orichalcum","Sundial","Mercury Hourglass"],"potions_floor_usage":[8,8,24,30,30,30],"damage_taken":[{"damage":1,"enemies":"Cultist","floor":1,"turns":3},{"damage":1,"enemies":"2 Louse","floor":3,"turns":3},{"damage":0,"enemies":"Small Slimes","floor":4,"turns":3},{"damage":33,"enemies":"Lagavulin","floor":6,"turns":9},{"damage":21,"enemies":"The Mushroom Lair","floor":7,"turns":5},{"damage":11,"enemies":"3 Sentries","floor":8,"turns":6},{"damage":5,"enemies":"2 Fungi Beasts","floor":11,"turns":3},{"damage":28,"enemies":"Slime Boss","floor":16,"turns":13},{"damage":13,"enemies":"3 Byrds","floor":18,"turns":4},{"damage":12,"enemies":"Chosen","floor":19,"turns":3},{"damage":26,"enemies":"Shelled Parasite and Fungi","floor":20,"turns":4},{"damage":17,"enemies":"Slavers","floor":24,"turns":5},{"damage":39,"enemies":"Gremlin Leader","floor":27,"turns":6},{"damage":28,"enemies":"Cultist and Chosen","floor":28,"turns":7},{"damage":21,"enemies":"Slavers","floor":30,"turns":5},{"damage":16,"enemies":"Snecko","floor":31,"turns":5},{"damage":75,"enemies":"Automaton","floor":33,"turns":6}],"seed_played":"4544857342937797131","potions_obtained":[{"floor":1,"key":"Fire Potion"},{"floor":3,"key":"Energy Potion"},{"floor":8,"key":"Energy Potion"},{"floor":16,"key":"AttackPotion"},{"floor":27,"key":"GamblersBrew"},{"floor":31,"key":"FearPotion"}],"is_trial":false,"path_per_floor":["?","M","?","?","?","T","?","?"],"character_chosen":"IRONCLAD","items_purchased":["Finesse","Shrug It Off","Metallicize+1","Madness","Regen Potion"],"campfire_rested":3,"item_purchase_floors":[5,29,29,29,29],"current_hp_per_floor":[77,77,80,80,80,63,48,43,43,25,28,50,50,50,50,30,75,70,66,48,30,30,58,49,77,77,46,26,26,27,19,47,0],"gold":66,"neow_bonus":"ONE_RANDOM_RARE_CARD","is_prod":false,"is_daily":false,"chose_seed":false,"campfire_upgraded":2,"win_rate":0,"timestamp":1557593979,"path_taken":["M","?","?","M","$","E","?","E","T","?","M","?","R","?","R","BOSS","M","M","M","?","?","R","E","R","T","E","M","$","E","M","R","BOSS"],"build_version":"2019-01-23","purchased_purges":1,"victory":false,"max_hp_per_floor":[80,80,80,80,80,90,90,90,90,90,90,90,90,90,90,90,90,90,90,90,95,95,95,95,95,95,95,95,95,95,95,95,95],"card_choices":[{"not_picked":["Rupture","Thunderclap"],"picked":"Carnage","floor":1},{"not_picked":["Thunderclap","Iron Wave"],"picked":"Clothesline","floor":3},{"not_picked":["Pummel","Evolve"],"picked":"True Grit","floor":4},{"not_picked":["Pommel Strike","Clash"],"picked":"Heavy Blade","floor":6},{"not_picked":["Clash","Thunderclap"],"picked":"Twin Strike","floor":7},{"not_picked":["Corruption","Twin Strike"],"picked":"Dual Wield","floor":8},{"not_picked":["Sword Boomerang","Hemokinesis"],"picked":"Infernal Blade","floor":11},{"not_picked":["Dark Embrace+1","Bludgeon"],"picked":"Offering","floor":16},{"not_picked":["Flex","Hemokinesis+1"],"picked":"Seeing Red","floor":18},{"not_picked":["Cleave","Twin Strike"],"picked":"Body Slam","floor":19},{"not_picked":["Power Through","Hemokinesis"],"picked":"Shockwave","floor":20},{"not_picked":["Headbutt","Burning Pact"],"picked":"Exhume","floor":24},{"not_picked":["Headbutt","Clothesline"],"picked":"Infernal Blade+1","floor":27},{"not_picked":["Thunderclap","Twin Strike","Combust+1"],"picked":"SKIP","floor":28},{"not_picked":["Whirlwind+1","Pummel"],"picked":"Double Tap","floor":30},{"not_picked":["Rage","Armaments+1"],"picked":"Inflame+1","floor":31}],"player_experience":377291,"relics_obtained":[{"floor":6,"key":"Pear"},{"floor":7,"key":"Odd Mushroom"},{"floor":8,"key":"Blood Vial"},{"floor":9,"key":"Frozen Egg 2"},{"floor":14,"key":"Letter Opener"},{"floor":24,"key":"Boot"},{"floor":26,"key":"Orichalcum"},{"floor":27,"key":"Sundial"},{"floor":30,"key":"Mercury Hourglass"}],"event_choices":[{"cards_removed":["Strike_R"],"damage_healed":0,"gold_gain":0,"player_choice":"Offered Basic","damage_taken":0,"max_hp_gain":0,"max_hp_loss":0,"event_name":"Bonfire Elementals","floor":2,"gold_loss":0},{"damage_healed":0,"gold_gain":0,"player_choice":"Fought Mushrooms","damage_taken":0,"max_hp_gain":0,"max_hp_loss":0,"event_name":"Mushrooms","floor":7,"gold_loss":0},{"damage_healed":0,"gold_gain":0,"player_choice":"Entered Light","damage_taken":18,"max_hp_gain":0,"max_hp_loss":0,"event_name":"Shining Light","floor":10,"gold_loss":0,"cards_upgraded":["Bash","Defend_R"]},{"damage_healed":22,"gold_gain":0,"player_choice":"Healed","damage_taken":0,"max_hp_gain":0,"max_hp_loss":0,"event_name":"The Cleric","floor":12,"gold_loss":35},{"damage_healed":0,"gold_gain":0,"player_choice":"Shed Blood","damage_taken":23,"max_hp_gain":5,"max_hp_loss":0,"event_name":"Forgotten Altar","floor":21,"gold_loss":0},{"damage_healed":0,"gold_gain":0,"cards_transformed":["Strike_R"],"player_choice":"Transformed","damage_taken":0,"max_hp_gain":0,"max_hp_loss":0,"event_name":"Transmorgrifier","floor":22,"gold_loss":0,"cards_obtained":["Carnage"]}],"is_beta":false,"boss_relics":[{"not_picked":["Runic Pyramid","Fusion Hammer"],"picked":"Cursed Key"}],"items_purged_floors":[29],"is_endless":false,"potions_floor_spawned":[1,3,8,16,27,31],"killed_by":"Automaton","ascension_level":9}