{"gold_per_floor":[118,134,134,309,320,320,245,270,270,270],"floor_reached":10,"playtime":821,"items_purged":["Strike_G"],"score":69,"play_id":"f796a90f-c207-4913-92cb-22187de4ddb2","local_time":"20190216195944","is_ascension_mode":true,"campfire_choices":[{"data":"Outmaneuver","floor":6,"key":"SMITH"}],"neow_cost":"NONE","seed_source_timestamp":178155286814042,"circlet_count":0,"master_deck":["Defend_G","Defend_G","Defend_G","Defend_G","Defend_G","Strike_G","Strike_G","Strike_G","Strike_G","Survivor","Neutralize","Outmaneuver+1","Doubt","Crippling Poison"],"relics":["Ring of the Snake","Du-Vu Doll","Orichalcum","Question Card"],"potions_floor_usage":[8,8],"damage_taken":[{"damage":8,"enemies":"Cultist","floor":1,"turns":6},{"damage":0,"enemies":"2 Louse","floor":2,"turns":2},{"damage":2,"enemies":"Small Slimes","floor":5,"turns":5},{"damage":24,"enemies":"Lagavulin","floor":8,"turns":12},{"damage":55,"enemies":"Gremlin Nob","floor":10,"turns":6}],"seed_played":"2871728924528013671","potions_obtained":[{"floor":1,"key":"Explosive Potion"},{"floor":2,"key":"PowerPotion"}],"is_trial":false,"path_per_floor":["M","M","?","?","M","R","$","E","T","E"],"character_chosen":"THE_SILENT","items_purchased":[],"campfire_rested":0,"item_purchase_floors":[],"current_hp_per_floor":[69,69,66,66,64,64,64,40,40,0],"gold":270,"neow_bonus":"TEN_PERCENT_HP_BONUS","is_prod":false,"is_daily":false,"chose_seed":false,"campfire_upgraded":1,"win_rate":0,"timestamp":1550375984,"path_taken":["M","?","?","?","M","R","$","E","T","E"],"build_version":"2019-01-23","purchased_purges":1,"victory":false,"max_hp_per_floor":[77,77,77,77,77,77,77,77,77,77],"card_choices":[{"not_picked":["Skewer","Flying Knee"],"picked":"Outmaneuver","floor":1},{"not_picked":["Dodge and Roll","Dagger Spray","Acrobatics"],"picked":"SKIP","floor":2},{"not_picked":["Underhanded Strike","Reflex"],"picked":"Crippling Poison","floor":5},{"not_picked":["Cloak And Dagger","Leg Sweep","Quick Slash"],"picked":"SKIP","floor":8}],"player_experience":37994,"relics_obtained":[{"floor":8,"key":"Orichalcum"},{"floor":9,"key":"Question Card"}],"event_choices":[{"damage_healed":0,"gold_gain":0,"player_choice":"Success","damage_taken":3,"relics_obtained":["Du-Vu Doll"],"max_hp_gain":0,"max_hp_loss":0,"event_name":"Scrap Ooze","floor":3,"gold_loss":0},{"damage_healed":0,"gold_gain":175,"player_choice":"AGREE","damage_taken":0,"max_hp_gain":0,"max_hp_loss":0,"event_name":"Liars Game","floor":4,"gold_loss":0,"cards_obtained":["Doubt"]}],"is_beta":false,"boss_relics":[],"items_purged_floors":[7],"is_endless":false,"potions_floor_spawned":[1,2],"killed_by":"Gremlin Nob","ascension_level":1}