{"gold_per_floor":[109,109,109,109,129,129,129,155,232,261,277,277,303,7,7,80,80,98,98,148,161,61,61,73,73,100,100,134,144,177,189,189,268,268,285,285,285,22,22,56,56,91,140,152,152,152,167,196,196,196],"floor_reached":51,"playtime":3525,"items_purged":["Defend_G","Strike_G","Strike_G"],"score":2302,"play_id":"bc14fe2a-c56b-4f75-abd5-7db45872abde","local_time":"20180707101947","is_ascension_mode":true,"campfire_choices":[{"data":"Neutralize","floor":6.0,"key":"SMITH"},{"data":"Cloak And Dagger","floor":12.0,"key":"SMITH"},{"data":"Malaise","floor":15.0,"key":"SMITH"},{"data":"Masterful Stab","floor":23.0,"key":"SMITH"},{"data":"Slice","floor":25.0,"key":"SMITH"},{"data":"Tools of the Trade","floor":32.0,"key":"SMITH"},{"data":"Phantasmal Killer","floor":41,"key":"SMITH"},{"data":"Flying Knee","floor":45,"key":"SMITH"},{"data":"Survivor","floor":49,"key":"SMITH"}],"neow_cost":"","seed_source_timestamp":0,"circlet_count":0,"master_deck":["Defend_G","Defend_G","Strike_G+1","Survivor+1","Neutralize+1","AscendersBane","Deflect","Masterful Stab+1","Concentrate","Deflect","Cloak And Dagger+1","Slice+1","Backstab+1","Malaise+1","Flying Knee+1","Outmaneuver+1","Infinite Blades","Tools of the Trade+1","Endless Agony+1","Phantasmal Killer+1","Madness","Madness","Leg Sweep+1","Skewer","Deflect+1"],"special_seed":0,"relics":["Unceasing Top","Gambling Chip","Mercury Hourglass","Bottled Flame","Oddly Smooth Stone","Singing Bowl","Vajra","Coffee Dripper","Whetstone","Ice Cream","Regal Pillow","Philosopher\u0027s Stone","Bird Faced Urn","Toxic Egg 2","Potion Belt","Happy Flower","Ancient Tea Set"],"potions_floor_usage":[40,50,50],"damage_taken":[{"damage":1.0,"enemies":"Small Slimes","floor":1.0,"turns":6.0},{"damage":0.0,"enemies":"Jaw Worm","floor":5.0,"turns":5.0},{"damage":0.0,"enemies":"Lagavulin","floor":8.0,"turns":5.0},{"damage":0.0,"enemies":"Gremlin Nob","floor":10.0,"turns":3.0},{"damage":0.0,"enemies":"2 Louse","floor":11.0,"turns":1.0},{"damage":17.0,"enemies":"Lagavulin","floor":13.0,"turns":5.0},{"damage":0.0,"enemies":"Hexaghost","floor":16.0,"turns":5.0},{"damage":0.0,"enemies":"3 Byrds","floor":18.0,"turns":2.0},{"damage":0.0,"enemies":"Spheric Guardian","floor":21.0,"turns":3.0},{"damage":5.0,"enemies":"Centurion and Healer","floor":24.0,"turns":5.0},{"damage":0.0,"enemies":"Book of Stabbing","floor":28.0,"turns":4.0},{"damage":0.0,"enemies":"Snecko","floor":29.0,"turns":5.0},{"damage":0.0,"enemies":"Gremlin Leader","floor":30.0,"turns":5.0},{"damage":9.0,"enemies":"Sentry and Sphere","floor":31.0,"turns":4.0},{"damage":0.0,"enemies":"Champ","floor":33.0,"turns":6.0},{"damage":0,"enemies":"3 Shapes","floor":35,"turns":3},{"damage":0,"floor":37,"turns":4},{"damage":9,"enemies":"Nemesis","floor":40,"turns":7},{"damage":0,"enemies":"Giant Head","floor":42,"turns":5},{"damage":10,"enemies":"3 Darklings","floor":44,"turns":4},{"damage":11,"enemies":"Sphere and 2 Shapes","floor":47,"turns":3},{"damage":19,"enemies":"2 Orb Walkers","floor":48,"turns":3},{"damage":0,"enemies":"Time Eater","floor":50,"turns":8}],"seed_played":"-5139817152004485953","potions_obtained":[{"floor":8.0,"key":"GhostInAJar"},{"floor":10.0,"key":"Ancient Potion"},{"floor":13.0,"key":"Strength Potion"},{"floor":21.0,"key":"Fruit Juice"},{"floor":29.0,"key":"Strength Potion"},{"floor":42,"key":"Poison Potion"},{"floor":44,"key":"Strength Potion"},{"floor":48,"key":"Fire Potion"}],"is_trial":true,"path_per_floor":["M","?","?","?","M","R","?","E","T","E","M","R","E","$","R","B",null,"M","?","?","M","$","R","M","R","T","?","E","M","E","M","R","B",null,"M","?","?","$","?","E","R","E","T","M","R","?","M","E","R","B"],"character_chosen":"THE_SILENT","items_purchased":["Malaise","Vajra","Phantasmal Killer"],"campfire_rested":0,"item_purchase_floors":[14,14,38],"current_hp_per_floor":[58,40,33,33,33,33,55,55,55,55,55,55,38,38,38,40,61,63,63,63,63,63,63,63,63,63,63,63,65,65,56,56,58,74,76,78,80,80,65,60,60,66,66,62,62,62,57,40,40,44],"gold":196,"neow_bonus":"","is_prod":false,"is_daily":false,"chose_seed":false,"campfire_upgraded":9,"win_rate":0,"timestamp":1530951587,"path_taken":["M","?","?","?","?","R","?","E","T","E","M","R","E","$","R","BOSS","M","?","?","M","$","R","M","R","T","?","E","M","E","?","R","BOSS","M","?","?","$","?","E","R","E","T","M","R","?","?","E","R","BOSS"],"build_version":"2018-07-05","purchased_purges":3,"victory":true,"max_hp_per_floor":[66,66,66,66,66,66,66,66,66,66,66,66,66,66,66,68,68,70,70,70,70,70,70,75,75,75,75,75,77,77,77,77,79,79,81,83,85,85,85,85,85,87,87,89,89,89,91,91,91,91],"card_choices":[{"not_picked":["Cloak And Dagger","Flechettes"],"picked":"Deflect","floor":1.0},{"not_picked":["Backflip","Bane"],"picked":"Concentrate","floor":5.0},{"not_picked":["Finisher","Prepared"],"picked":"Deflect","floor":8.0},{"not_picked":["Prepared","Quick Slash"],"picked":"Cloak And Dagger","floor":10.0},{"not_picked":["Deadly Poison","Deflect"],"picked":"Slice","floor":11.0},{"not_picked":["All Out Attack","Outmaneuver"],"picked":"Backstab","floor":13.0},{"not_picked":["Glass Knife","Grand Finale","Night Terror"],"picked":"Singing Bowl","floor":16.0},{"not_picked":["Sucker Punch","Flechettes","Cloak And Dagger"],"picked":"Singing Bowl","floor":18.0},{"not_picked":["PiercingWail+1","Dash"],"picked":"Flying Knee","floor":21.0},{"not_picked":["Masterful Stab","Sucker Punch"],"picked":"Outmaneuver+1","floor":24.0},{"not_picked":["Distraction","Malaise"],"picked":"Infinite Blades","floor":28.0},{"not_picked":["Dagger Throw","Dagger Spray","Setup"],"picked":"Singing Bowl","floor":29.0},{"not_picked":["Infinite Blades","Flying Knee"],"picked":"Tools of the Trade","floor":30.0},{"not_picked":["Dash","Outmaneuver"],"picked":"Endless Agony+1","floor":31.0},{"not_picked":["Unload","Grand Finale","Tools of the Trade"],"picked":"Singing Bowl","floor":33.0},{"not_picked":["Deflect","Concentrate","Dash"],"picked":"Singing Bowl","floor":35},{"not_picked":["Blind","Jack Of All Trades","Purity"],"picked":"Singing Bowl","floor":36},{"not_picked":["Dagger Throw+1","Poisoned Stab","Slice"],"picked":"Singing Bowl","floor":37},{"not_picked":["Acrobatics","Envenom"],"picked":"Leg Sweep","floor":40},{"not_picked":["Calculated Gamble+1","Dagger Throw","Deadly Poison+1"],"picked":"Singing Bowl","floor":42},{"not_picked":["Bane","Sucker Punch","Heel Hook"],"picked":"Singing Bowl","floor":44},{"not_picked":["Outmaneuver+1","Deadly Poison+1","Grand Finale"],"picked":"Singing Bowl","floor":47},{"not_picked":["Setup+1","Flechettes"],"picked":"Deflect+1","floor":48}],"player_experience":747341,"relics_obtained":[{"floor":8.0,"key":"Mercury Hourglass"},{"floor":9.0,"key":"Bottled Flame"},{"floor":10.0,"key":"Oddly Smooth Stone"},{"floor":13.0,"key":"Singing Bowl"},{"floor":26.0,"key":"Whetstone"},{"floor":28.0,"key":"Ice Cream"},{"floor":30.0,"key":"Regal Pillow"},{"floor":37,"key":"Bird Faced Urn"},{"floor":40,"key":"Toxic Egg 2"},{"floor":42,"key":"Potion Belt"},{"floor":43,"key":"Happy Flower"},{"floor":48,"key":"Ancient Tea Set"}],"event_choices":[{"event_name":"Scrap Ooze","player_choice":"success","floor":2.0,"damage_taken":18.0},{"event_name":"Golden Wing","player_choice":"Card Removal","floor":3.0,"damage_taken":0.0},{"event_name":"Living Wall","player_choice":"Change","floor":4.0,"damage_taken":0.0},{"event_name":"Big Fish","player_choice":"Banana","floor":7.0,"damage_taken":0.0},{"event_name":"Back to Basics","player_choice":"Elegance","floor":19.0,"damage_taken":0.0},{"event_name":"Nest","player_choice":"Stole From Cult","floor":20.0,"damage_taken":0.0},{"event_name":"Vampires","player_choice":"Ignored","floor":27.0,"damage_taken":0.0},{"event_name":"SensoryStone","player_choice":"Memory 1","floor":36,"damage_taken":0},{"event_name":"MindBloom","player_choice":"Fight","floor":37,"damage_taken":0},{"event_name":"Winding Halls","player_choice":"Embrace Madness","floor":39,"damage_taken":0},{"event_name":"Transmorgrifier","player_choice":"Transform","floor":46,"damage_taken":0}],"boss_relics":[{"not_picked":["Fusion Hammer","Orrery"],"picked":"Coffee Dripper"},{"not_picked":["Velvet Choker","Astrolabe"],"picked":"Philosopher\u0027s Stone"}],"items_purged_floors":[14,22,38],"is_endless":false,"potions_floor_spawned":[8,10,13,21,29,31,33,42,44,48],"ascension_level":15}