{"gold_per_floor":[113,113,63,63,73,73,83,111,111,111,126,126,55,55],"floor_reached":14,"playtime":608,"items_purged":[],"score":88,"play_id":"9c916dd0-2807-4278-b0ea-043667af1a80","local_time":"20190221225203","is_ascension_mode":false,"campfire_choices":[{"data":"Gash","floor":6,"key":"SMITH"},{"floor":10,"key":"REST"}],"neow_cost":"NONE","seed_source_timestamp":314513978646027,"circlet_count":0,"master_deck":["Strike_B","Strike_B","Strike_B","Defend_B","Defend_B","Defend_B","Zap","Dualcast","Gash+1","Leap","Leap","Go for the Eyes","Self Repair"],"relics":["Cracked Core","NeowsBlessing","Question Card","Dodecahedron","Blood Vial"],"potions_floor_usage":[14],"damage_taken":[{"damage":0,"enemies":"Cultist","floor":1,"turns":1},{"damage":0,"enemies":"Jaw Worm","floor":5,"turns":1},{"damage":0,"enemies":"Small Slimes","floor":7,"turns":1},{"damage":43,"enemies":"Gremlin Nob","floor":8,"turns":6},{"damage":4,"enemies":"Blue Slaver","floor":11,"turns":4},{"damage":13,"enemies":"3 Sentries","floor":14,"turns":2}],"seed_played":"5368836896527089756","potions_obtained":[{"floor":1,"key":"FocusPotion"},{"floor":11,"key":"Swift Potion"}],"is_trial":false,"path_per_floor":["M","?","?","$","M","R","M","E","T","R","M","?","$","E"],"character_chosen":"DEFECT","items_purchased":["Self Repair"],"campfire_rested":1,"item_purchase_floors":[13],"current_hp_per_floor":[75,75,75,75,75,75,75,32,32,54,50,8,8,0],"gold":55,"neow_bonus":"THREE_ENEMY_KILL","is_prod":false,"is_daily":false,"chose_seed":false,"campfire_upgraded":1,"win_rate":0.0,"timestamp":1550818323,"path_taken":["M","?","?","$","M","R","M","E","T","R","M","?","?","E"],"build_version":"2019-01-23","purchased_purges":0,"victory":false,"max_hp_per_floor":[75,75,75,75,75,75,75,75,75,75,75,75,75,75],"card_choices":[{"not_picked":["Doom and Gloom","Barrage"],"picked":"Gash","floor":1},{"not_picked":["Steam Power","Buffer"],"picked":"Leap","floor":5},{"not_picked":["Aggregate","Coolheaded"],"picked":"Leap","floor":7},{"not_picked":["Static Discharge","Reprogram"],"picked":"Go for the Eyes","floor":8},{"not_picked":["Aggregate","Barrage","Ball Lightning","Conserve Battery"],"picked":"SKIP","floor":11}],"player_experience":89052,"relics_obtained":[{"floor":8,"key":"Question Card"},{"floor":9,"key":"Dodecahedron"}],"event_choices":[{"cards_removed":["Strike_B"],"damage_healed":0,"gold_gain":0,"player_choice":"Forget","damage_taken":0,"max_hp_gain":0,"max_hp_loss":0,"event_name":"Living Wall","floor":2,"gold_loss":0},{"cards_removed":["Defend_B"],"damage_healed":0,"gold_gain":0,"player_choice":"Card Removal","damage_taken":0,"max_hp_gain":0,"max_hp_loss":0,"event_name":"The Cleric","floor":3,"gold_loss":50},{"damage_healed":0,"gold_gain":0,"player_choice":"Success","damage_taken":42,"relics_obtained":["Blood Vial"],"max_hp_gain":0,"max_hp_loss":0,"event_name":"Scrap Ooze","floor":12,"gold_loss":0}],"is_beta":false,"boss_relics":[],"items_purged_floors":[],"is_endless":false,"potions_floor_spawned":[1,11],"killed_by":"3 Sentries","ascension_level":0}