{"gold_per_floor":[117,117,117,133,148,173,173,191,191,202,20,34,34,53,53,157,157,175,186,206,206,206,235,246,246],"floor_reached":25,"playtime":2931,"items_purged":["Regret"],"score":227,"play_id":"8b5bebe0-f3c2-4bf1-9acb-fa138222ac3e","local_time":"20190514011351","is_ascension_mode":false,"campfire_choices":[{"data":"Pummel","floor":7,"key":"SMITH"},{"data":"Combust","floor":13,"key":"SMITH"},{"data":"Carnage","floor":15,"key":"SMITH"}],"neow_cost":"NONE","seed_source_timestamp":31400338060337,"circlet_count":0,"master_deck":["Strike_R","Strike_R","Strike_R","Strike_R","Strike_R","Defend_R","Defend_R","Defend_R","Defend_R","Bash","Armaments","Bloodletting","Anger","Pummel+1","Carnage+1","Pommel Strike","Uppercut","Warcry","Combust+1","Clash","Feed","Dropkick","Rampage","Blood for Blood","Double Tap","Hemokinesis"],"relics":["Burning Blood","Vajra","Darkstone Periapt","Shuriken","Paper Frog","Sozu","Question Card","Orichalcum"],"potions_floor_usage":[6,16,20],"damage_taken":[{"damage":12,"enemies":"Small Slimes","floor":1,"turns":4},{"damage":4,"enemies":"Jaw Worm","floor":4,"turns":3},{"damage":5,"enemies":"Cultist","floor":5,"turns":3},{"damage":19,"enemies":"Lagavulin","floor":6,"turns":5},{"damage":3,"enemies":"3 Louse","floor":8,"turns":4},{"damage":10,"enemies":"2 Fungi Beasts","floor":10,"turns":4},{"damage":1,"enemies":"Exordium Thugs","floor":12,"turns":3},{"damage":0,"enemies":"Exordium Wildlife","floor":14,"turns":2},{"damage":25,"enemies":"Slime Boss","floor":16,"turns":5},{"damage":10,"enemies":"Chosen","floor":18,"turns":3},{"damage":10,"enemies":"2 Thieves","floor":19,"turns":2},{"damage":35,"enemies":"Shelled Parasite and Fungi","floor":20,"turns":4},{"damage":42,"enemies":"Book of Stabbing","floor":23,"turns":4},{"damage":6,"enemies":"Cultist and Chosen","floor":24,"turns":4},{"damage":19,"enemies":"Snake Plant","floor":25,"turns":2}],"seed_played":"3212929394913610467","potions_obtained":[{"floor":1,"key":"Energy Potion"},{"floor":10,"key":"SteroidPotion"},{"floor":12,"key":"EssenceOfSteel"}],"is_trial":false,"path_per_floor":["M","?","?","M","M","E","R","M","T","M","$","M","R","M","R","B",null,"M","M","M","?","?","E","M","M"],"character_chosen":"IRONCLAD","items_purchased":["Uppercut","Warcry"],"campfire_rested":0,"item_purchase_floors":[11,11],"current_hp_per_floor":[74,74,80,82,83,70,70,73,73,69,69,74,74,80,80,61,86,82,78,49,55,55,19,19,0],"gold":246,"neow_bonus":"RANDOM_COMMON_RELIC","is_prod":false,"is_daily":false,"chose_seed":false,"campfire_upgraded":3,"win_rate":0.0,"timestamp":1557807231,"path_taken":["M","?","?","M","M","E","R","M","T","M","$","M","R","M","R","BOSS","M","M","M","?","?","E","?","M"],"build_version":"2019-01-23","purchased_purges":1,"victory":false,"max_hp_per_floor":[80,80,86,86,86,86,86,86,86,86,86,86,86,86,86,86,86,86,86,86,92,92,92,92,92],"card_choices":[{"not_picked":["Infernal Blade","Bloodletting"],"picked":"Armaments","floor":1},{"not_picked":["Twin Strike","Pommel Strike"],"picked":"Bloodletting","floor":4},{"not_picked":["Thunderclap","Clothesline"],"picked":"Anger","floor":5},{"not_picked":["Twin Strike","Clothesline"],"picked":"Pummel","floor":6},{"not_picked":["Reckless Charge","Body Slam"],"picked":"Carnage","floor":8},{"not_picked":["Brutality","Feel No Pain"],"picked":"Pommel Strike","floor":10},{"not_picked":["Disarm","Seeing Red"],"picked":"Combust","floor":12},{"not_picked":["Anger","Whirlwind"],"picked":"Clash","floor":14},{"not_picked":["Brutality","Impervious"],"picked":"Feed","floor":16},{"not_picked":["Thunderclap","Iron Wave"],"picked":"Dropkick","floor":18},{"not_picked":["Bloodletting","Shrug It Off"],"picked":"Rampage","floor":19},{"not_picked":["Pommel Strike","Fire Breathing+1"],"picked":"Blood for Blood","floor":20},{"not_picked":["Searing Blow","Heavy Blade","Warcry"],"picked":"Double Tap","floor":23},{"not_picked":["Armaments+1","Flex","Clash"],"picked":"Hemokinesis","floor":24}],"player_experience":21968,"relics_obtained":[{"floor":6,"key":"Shuriken"},{"floor":9,"key":"Paper Frog"},{"floor":23,"key":"Orichalcum"}],"event_choices":[{"damage_healed":0,"gold_gain":0,"player_choice":"Ignored","damage_taken":0,"max_hp_gain":0,"max_hp_loss":0,"event_name":"Golden Wing","floor":2,"gold_loss":0},{"damage_healed":0,"gold_gain":0,"player_choice":"Box","damage_taken":0,"relics_obtained":["Darkstone Periapt"],"max_hp_gain":0,"max_hp_loss":0,"event_name":"Big Fish","floor":3,"gold_loss":0,"cards_obtained":["Regret"]},{"damage_healed":0,"gold_gain":0,"player_choice":"Stole Relic","damage_taken":0,"relics_obtained":["Question Card"],"max_hp_gain":0,"max_hp_loss":0,"event_name":"Addict","floor":21,"gold_loss":0,"cards_obtained":["Shame"]},{"cards_removed":["Shame"],"damage_healed":0,"gold_gain":0,"player_choice":"Purged","damage_taken":0,"max_hp_gain":0,"max_hp_loss":0,"event_name":"Purifier","floor":22,"gold_loss":0}],"is_beta":false,"boss_relics":[{"not_picked":["Eternal Feather","Runic Cube"],"picked":"Sozu"}],"items_purged_floors":[11],"is_endless":false,"potions_floor_spawned":[1,10,12,20,24],"killed_by":"Snake Plant","ascension_level":0}