{"gold_per_floor":[110,127,127,127,156,168,209,221,259,282,294,36,61,36,36,108,108,128,51,62,62,62,62,62,72,72,104,104,124,24,36,36,110,110,121,121,133,145,163,163,38,38,38,38,38,38,38,38,38,38],"floor_reached":51,"playtime":1481,"items_purged":["Strike_B","Beam Cell","Lockon+1"],"score":1312,"play_id":"b26f4c02-f95f-4485-b275-b774d5c2f50b","local_time":"20190524222407","is_ascension_mode":true,"campfire_choices":[{"data":"Lockon","floor":6,"key":"SMITH"},{"data":"Zap","floor":8,"key":"SMITH"},{"data":"Coolheaded","floor":11,"key":"SMITH"},{"data":"Streamline","floor":15,"key":"SMITH"},{"data":"Buffer","floor":23,"key":"SMITH"},{"floor":28,"key":"REST"},{"data":"Defragment","floor":32,"key":"SMITH"},{"data":"Defragment","floor":40,"key":"SMITH"},{"data":"Dualcast","floor":42,"key":"SMITH"},{"data":"Beam Cell","floor":45,"key":"SMITH"},{"data":"Cold Snap","floor":47,"key":"SMITH"},{"data":"Leap","floor":49,"key":"SMITH"}],"neow_cost":"CURSE","seed_source_timestamp":370650367493545,"circlet_count":0,"master_deck":["AscendersBane","Defend_B","Defend_B","Zap+1","Beam Cell+1","Cold Snap+1","Coolheaded+1","Streamline+1","Buffer+1","Leap+1","Defragment+1","BootSequence","Cold Snap+1","Defragment+1","Writhe"],"relics":["Cracked Core","MawBank","Pocketwatch","Anchor","ClockworkSouvenir","Letter Opener","Inserter","Happy Flower","Shuriken","Cursed Key","Singing Bowl"],"potions_floor_usage":[7,10,16,25,50,50],"damage_taken":[{"damage":6,"enemies":"2 Louse","floor":1,"turns":2},{"damage":7,"enemies":"Jaw Worm","floor":2,"turns":2},{"damage":0,"enemies":"Cultist","floor":5,"turns":2},{"damage":6,"enemies":"Gremlin Nob","floor":7,"turns":3},{"damage":0,"enemies":"Lots of Slimes","floor":10,"turns":1},{"damage":7,"enemies":"3 Sentries","floor":13,"turns":8},{"damage":0,"enemies":"Slime Boss","floor":16,"turns":6},{"damage":0,"enemies":"Chosen","floor":18,"turns":3},{"damage":9,"enemies":"Shell Parasite","floor":20,"turns":5},{"damage":0,"enemies":"Chosen and Byrds","floor":25,"turns":5},{"damage":23,"enemies":"Book of Stabbing","floor":27,"turns":5},{"damage":0,"enemies":"Shelled Parasite and Fungi","floor":29,"turns":5},{"damage":0,"enemies":"Snecko","floor":31,"turns":5},{"damage":0,"enemies":"Champ","floor":33,"turns":13},{"damage":0,"enemies":"Orb Walker","floor":35,"turns":5},{"damage":0,"enemies":"3 Shapes","floor":37,"turns":7},{"damage":0,"enemies":"Maw","floor":38,"turns":8},{"damage":0,"enemies":"4 Shapes","floor":39,"turns":6},{"damage":6,"enemies":"Donu and Deca","floor":50,"turns":15}],"seed_played":"-3318002164214062145","potions_obtained":[{"floor":1,"key":"Explosive Potion"},{"floor":5,"key":"SkillPotion"},{"floor":13,"key":"Explosive Potion"},{"floor":18,"key":"LiquidBronze"},{"floor":31,"key":"SpeedPotion"},{"floor":33,"key":"SpeedPotion"},{"floor":39,"key":"Ancient Potion"}],"is_trial":false,"path_per_floor":["M","M","?","?","M","R","E","R","T","M","R","$","E","$","R","B",null,"M","$","M","?","?","R","?","M","T","E","R","M","$","M","R","B",null,"M","?","M","M","M","R","$","R","T","$","R","$","R","?","R","B",null],"character_chosen":"DEFECT","items_purchased":["ClockworkSouvenir","Streamline","Defragment"],"campfire_rested":1,"item_purchase_floors":[12,14,19],"current_hp_per_floor":[58,51,44,44,44,44,38,38,38,38,38,38,31,31,31,31,61,61,61,52,52,52,52,52,52,52,29,50,50,50,50,50,50,66,66,66,66,66,66,66,66,66,66,66,66,66,66,66,66,60],"gold":38,"neow_bonus":"TRANSFORM_TWO_CARDS","is_prod":false,"is_daily":false,"chose_seed":false,"campfire_upgraded":11,"win_rate":0,"timestamp":1558729447,"path_taken":["M","M","?","?","M","R","E","R","T","?","R","$","E","?","R","BOSS","M","$","M","?","?","R","?","M","T","E","R","M","?","M","R","BOSS","M","?","?","M","M","R","?","R","T","?","R","$","R","?","R","BOSS"],"build_version":"2019-01-23","purchased_purges":3,"victory":true,"max_hp_per_floor":[71,71,71,71,71,71,71,71,71,71,71,71,71,71,71,71,71,71,71,71,71,71,71,71,71,71,71,71,71,71,71,71,71,71,71,71,71,71,71,71,71,71,71,71,71,71,71,71,71,71],"card_choices":[{"not_picked":["Conserve Battery","Fusion"],"picked":"Cold Snap","floor":1},{"not_picked":["Double Energy","Redo"],"picked":"Lockon","floor":2},{"not_picked":["Recycle","Conserve Battery"],"picked":"Coolheaded","floor":5},{"not_picked":["Chill","Rebound","Chaos"],"picked":"SKIP","floor":7},{"not_picked":["Go for the Eyes","Hologram","Compile Driver"],"picked":"SKIP","floor":10},{"not_picked":["Tempest","Aggregate","Cold Snap"],"picked":"SKIP","floor":13},{"not_picked":["Machine Learning","Multi-Cast"],"picked":"Buffer","floor":16},{"not_picked":["Chill","Melter"],"picked":"Leap","floor":18},{"not_picked":["Sunder","Ball Lightning","Genetic Algorithm"],"picked":"SKIP","floor":20},{"not_picked":["Hologram","Hello World"],"picked":"Cold Snap+1","floor":25},{"not_picked":["BootSequence","Streamline","Coolheaded"],"picked":"SKIP","floor":27},{"not_picked":["Rebound","Ball Lightning+1"],"picked":"Defragment","floor":29},{"not_picked":["Conserve Battery","Loop","Go for the Eyes"],"picked":"SKIP","floor":31},{"not_picked":["Beam Cell","Double Energy","BootSequence+1"],"picked":"SKIP","floor":35},{"not_picked":["Lockon","Compile Driver","Go for the Eyes"],"picked":"SKIP","floor":37},{"not_picked":["Streamline","Heatsinks+1","White Noise"],"picked":"SKIP","floor":38},{"not_picked":["Storm","Force Field+1","Rebound+1"],"picked":"SKIP","floor":39}],"player_experience":247488,"relics_obtained":[{"floor":7,"key":"Pocketwatch"},{"floor":9,"key":"Anchor"},{"floor":13,"key":"Letter Opener"},{"floor":26,"key":"Happy Flower"},{"floor":27,"key":"Shuriken"},{"floor":43,"key":"Singing Bowl"}],"event_choices":[{"cards_removed":["Shame"],"damage_healed":0,"gold_gain":0,"player_choice":"Card Removal","damage_taken":7,"max_hp_gain":0,"max_hp_loss":0,"event_name":"Golden Wing","floor":3,"gold_loss":0},{"cards_removed":["Tempest"],"damage_healed":0,"gold_gain":0,"player_choice":"Gave Card","damage_taken":0,"relics_obtained":["MawBank"],"max_hp_gain":0,"max_hp_loss":0,"event_name":"WeMeetAgain","floor":4,"gold_loss":0},{"damage_healed":0,"gold_gain":0,"player_choice":"Ignored","damage_taken":0,"max_hp_gain":0,"max_hp_loss":0,"event_name":"Vampires","floor":21,"gold_loss":0},{"damage_healed":0,"gold_gain":0,"cards_transformed":["Strike_B","Defend_B"],"player_choice":"Became Test Subject","damage_taken":0,"max_hp_gain":0,"max_hp_loss":0,"event_name":"Drug Dealer","floor":22,"gold_loss":0,"cards_obtained":["Beam Cell","BootSequence"]},{"cards_removed":["Defend_B"],"damage_healed":0,"gold_gain":0,"player_choice":"Offered Basic","damage_taken":0,"max_hp_gain":0,"max_hp_loss":0,"event_name":"Bonfire Elementals","floor":36,"gold_loss":0},{"cards_removed":["Dualcast"],"damage_healed":0,"gold_gain":0,"player_choice":"Removed Skill","damage_taken":0,"max_hp_gain":0,"max_hp_loss":0,"event_name":"Falling","floor":48,"gold_loss":0}],"is_beta":false,"boss_relics":[{"not_picked":["Philosopher\u0027s Stone","Velvet Choker"],"picked":"Inserter"},{"not_picked":["Sozu","Pandora\u0027s Box"],"picked":"Cursed Key"}],"items_purged_floors":[12,30,41],"is_endless":false,"potions_floor_spawned":[1,5,13,18,31,33,38,39],"ascension_level":15}