{"gold_per_floor":[109,126,15,15,32,32,43,43,43,61,78,153,172,190,190,289,289,300,311,322,334,353,353,679,679,679,604,604,630,646,656,656,759,759,773,460,472,486,142,142,142,142,213,226,242,242,6,32,32,32],"floor_reached":51,"playtime":6828,"items_purged":["Defend_B","Defend_B"],"score":715,"play_id":"b76f4bf5-ed54-440a-ad48-ec6476efb4b6","local_time":"20190515193631","is_ascension_mode":false,"campfire_choices":[{"data":"Loop","floor":6.0,"key":"SMITH"},{"data":"Seek","floor":8.0,"key":"SMITH"},{"data":"Echo Form","floor":15.0,"key":"SMITH"},{"floor":23,"key":"REST"},{"data":"Static Discharge","floor":25,"key":"SMITH"},{"data":"Zap","floor":32,"key":"SMITH"},{"data":"Capacitor","floor":40,"key":"SMITH"},{"data":"Defragment","floor":42,"key":"SMITH"},{"data":"Seek","floor":49,"key":"SMITH"}],"neow_cost":"NONE","seed_source_timestamp":23826020538693,"circlet_count":0,"master_deck":["Defend_B","Defend_B","Zap+1","Dualcast","Loop+1","Force Field","White Noise","Self Repair","Seek+1","Reinforced Body","BootSequence+1","Static Discharge+1","Echo Form+1","Biased Cognition","Leap+1","Static Discharge+1","Electrodynamics","Undo","Seek+1","Defragment+1","Capacitor+1","Magnetism","Skim","Master of Strategy+1","Storm"],"special_seed":0,"relics":["Cracked Core","NeowsBlessing","Bird Faced Urn","Astrolabe","Old Coin","Smiling Mask","Lantern","Runic Dome","Happy Flower","Shuriken","War Paint","Unceasing Top"],"potions_floor_usage":[24,24,37],"damage_taken":[{"damage":0.0,"enemies":"Jaw Worm","floor":1.0,"turns":1.0},{"damage":0.0,"enemies":"Cultist","floor":2.0,"turns":1.0},{"damage":0.0,"enemies":"Small Slimes","floor":5.0,"turns":1.0},{"damage":3.0,"enemies":"3 Louse","floor":7.0,"turns":3.0},{"damage":0.0,"enemies":"Red Slaver","floor":10.0,"turns":4.0},{"damage":12.0,"enemies":"Exordium Thugs","floor":11.0,"turns":5.0},{"damage":17.0,"enemies":"Lots of Slimes","floor":13.0,"turns":4.0},{"damage":4.0,"enemies":"Blue Slaver","floor":14.0,"turns":3.0},{"damage":32.0,"enemies":"The Guardian","floor":16.0,"turns":10.0},{"damage":17,"enemies":"Shell Parasite","floor":18,"turns":5},{"damage":23,"enemies":"3 Byrds","floor":19,"turns":3},{"damage":20,"enemies":"Shelled Parasite and Fungi","floor":20,"turns":6},{"damage":36,"enemies":"3 Cultists","floor":21,"turns":5},{"damage":7,"enemies":"Chosen and Byrds","floor":22,"turns":4},{"damage":30,"enemies":"Book of Stabbing","floor":24,"turns":6},{"damage":29,"enemies":"Gremlin Leader","floor":29,"turns":4},{"damage":10,"enemies":"Centurion and Healer","floor":30,"turns":6},{"damage":24,"enemies":"Snecko","floor":31,"turns":6},{"damage":16,"enemies":"Collector","floor":33,"turns":7},{"damage":30,"enemies":"3 Darklings","floor":35,"turns":3},{"damage":13,"enemies":"3 Shapes","floor":37,"turns":4},{"damage":26,"enemies":"Maw","floor":38,"turns":5},{"damage":24,"enemies":"Jaw Worm Horde","floor":44,"turns":3},{"damage":20,"enemies":"Sphere and 2 Shapes","floor":45,"turns":3},{"damage":18,"enemies":"Giant Head","floor":48,"turns":6},{"damage":24,"enemies":"Time Eater","floor":50,"turns":5}],"seed_played":"-2507918601328613306","potions_obtained":[{"floor":1.0,"key":"GamblersBrew"},{"floor":2.0,"key":"Swift Potion"},{"floor":7.0,"key":"LiquidBronze"},{"floor":10.0,"key":"Fire Potion"},{"floor":16.0,"key":"FocusPotion"},{"floor":37,"key":"Fruit Juice"},{"floor":48,"key":"SteroidPotion"}],"is_trial":false,"path_per_floor":["M","M","$","?","M","R","M","R","T","M","M","?","M","M","R","B",null,"M","M","M","M","M","R","E","R","T","?","?","E","M","M","R","B",null,"M","$","M","M","$","R","?","R","T","M","M","?","$","E","R","B",null],"character_chosen":"DEFECT","items_purchased":["White Noise","Self Repair","Capacitor","Magnetism","Skim","FairyPotion","Happy Flower","Storm","War Paint"],"campfire_rested":1,"item_purchase_floors":[3,3,36,36,39,39,39,47,47],"current_hp_per_floor":[75,75,75,75,75,75,75,75,75,75,74,63,61,72,72,58,75,75,56,53,36,41,63,52,52,52,52,85,71,85,85,85,83,85,70,70,90,84,84,84,84,84,84,90,84,84,84,90,90,87],"gold":32,"neow_bonus":"THREE_ENEMY_KILL","is_prod":false,"is_daily":false,"chose_seed":false,"campfire_upgraded":8,"win_rate":0.0,"timestamp":1557959791,"path_taken":["M","M","$","?","?","R","M","R","T","M","M","?","M","M","R","BOSS","M","M","M","M","M","R","E","R","T","?","?","E","?","M","R","BOSS","M","$","M","M","$","R","?","R","T","?","M","?","?","E","R","BOSS"],"build_version":"2019-01-23","purchased_purges":2,"victory":true,"max_hp_per_floor":[75,75,75,75,75,75,75,75,75,75,75,75,75,75,75,75,75,75,75,75,75,75,75,75,75,75,75,85,85,85,85,85,85,85,85,85,90,90,90,90,90,90,90,90,90,90,90,90,90,90],"card_choices":[{"not_picked":["Scrape","Rebound"],"picked":"Loop","floor":1.0},{"not_picked":["Leap","Beam Cell"],"picked":"Force Field","floor":2.0},{"not_picked":["Gash","Chill"],"picked":"Reinforced Body","floor":5.0},{"not_picked":["Barrage","Steam"],"picked":"BootSequence","floor":7.0},{"not_picked":["Darkness","Consume"],"picked":"Static Discharge","floor":10.0},{"not_picked":["Cold Snap","Compile Driver","Gash"],"picked":"SKIP","floor":11.0},{"not_picked":["Fusion","Ball Lightning","Doom and Gloom"],"picked":"SKIP","floor":13.0},{"not_picked":["Conserve Battery","Steam"],"picked":"Echo Form","floor":14.0},{"not_picked":["All For One","Fission"],"picked":"Biased Cognition","floor":16.0},{"not_picked":["Streamline","Steam","Ball Lightning"],"picked":"SKIP","floor":18},{"not_picked":["Reprogram","Aggregate+1","Go for the Eyes+1"],"picked":"SKIP","floor":19},{"not_picked":["Auto Shields+1","Cold Snap"],"picked":"Static Discharge+1","floor":20},{"not_picked":["Steam","Beam Cell","Blizzard"],"picked":"SKIP","floor":21},{"not_picked":["Ball Lightning","Reprogram+1"],"picked":"Electrodynamics","floor":22},{"not_picked":["Cold Snap","Thunder Strike","Beam Cell"],"picked":"SKIP","floor":24},{"not_picked":["Ball Lightning","Aggregate"],"picked":"Undo","floor":29},{"not_picked":["Ball Lightning","Cold Snap","Conserve Battery"],"picked":"SKIP","floor":30},{"not_picked":["Cold Snap","Darkness","Coolheaded"],"picked":"SKIP","floor":31},{"not_picked":["Thunder Strike","All For One"],"picked":"Seek","floor":33},{"not_picked":["Redo+1","Self Repair"],"picked":"Defragment","floor":35},{"not_picked":["Darkness+1","Go for the Eyes+1","Beam Cell+1"],"picked":"SKIP","floor":37},{"not_picked":["Darkness+1","Go for the Eyes+1","Beam Cell+1"],"picked":"SKIP","floor":37},{"not_picked":["Steam","Rebound+1","Streamline+1"],"picked":"SKIP","floor":38},{"not_picked":["Streamline","Static Discharge","Conserve Battery+1"],"picked":"SKIP","floor":44},{"not_picked":["Stack+1","Compile Driver","Conserve Battery+1"],"picked":"SKIP","floor":45},{"not_picked":["Purity","Finesse"],"picked":"Master of Strategy","floor":46},{"not_picked":["FTL","Barrage","Streamline+1"],"picked":"SKIP","floor":48}],"player_experience":60813,"relics_obtained":[{"floor":9.0,"key":"Bird Faced Urn"},{"floor":24,"key":"Old Coin"},{"floor":26,"key":"Smiling Mask"},{"floor":29,"key":"Lantern"},{"floor":43,"key":"Shuriken"},{"floor":48,"key":"Unceasing Top"}],"event_choices":[{"damage_healed":0.0,"max_hp_gain":0.0,"max_hp_loss":0.0,"gold_gain":0.0,"cards_transformed":["Strike_B"],"event_name":"Transmorgrifier","player_choice":"Transformed","floor":4.0,"gold_loss":0.0,"damage_taken":0.0,"cards_obtained":["Seek"]},{"damage_healed":0.0,"max_hp_gain":0.0,"max_hp_loss":0.0,"gold_gain":75.0,"event_name":"World of Goop","player_choice":"Gather Gold","floor":12.0,"gold_loss":0.0,"damage_taken":11.0},{"cards_removed":["Sweeping Beam"],"damage_healed":0,"gold_gain":0,"player_choice":"Gave Gold","damage_taken":0,"max_hp_gain":0,"max_hp_loss":0,"event_name":"Beggar","floor":27,"gold_loss":75},{"cards_removed":["All For One"],"damage_healed":23,"gold_gain":0,"player_choice":"Offered Rare","damage_taken":0,"max_hp_gain":10,"max_hp_loss":0,"event_name":"Bonfire Elementals","floor":28,"gold_loss":0},{"damage_healed":0,"gold_gain":0,"player_choice":"Ignored","damage_taken":0,"max_hp_gain":0,"max_hp_loss":0,"event_name":"SecretPortal","floor":41,"gold_loss":0},{"damage_healed":0,"gold_gain":0,"player_choice":"Memory 1","damage_taken":0,"max_hp_gain":0,"max_hp_loss":0,"event_name":"SensoryStone","floor":46,"gold_loss":0}],"is_beta":false,"boss_relics":[{"not_picked":["Runic Pyramid","Busted Crown"],"picked":"Astrolabe"},{"not_picked":["Lizard Tail","Tiny House"],"picked":"Runic Dome"}],"items_purged_floors":[36,39],"is_endless":false,"potions_floor_spawned":[1,2,7,10,14,16,18,19,21,37,48],"ascension_level":0}