{"gold_per_floor":[112,126,126,143,17,44,44,61,61,61,82,82,82,126,126,257,257,276,311,334,334,358,358,396,409,435,435,471,471,471,396,396,396],"floor_reached":33,"playtime":5664,"items_purged":["Strike_B"],"score":474,"play_id":"017bc137-1904-4f8b-8394-549cfc1cfc6f","local_time":"20180718201733","is_ascension_mode":true,"campfire_choices":[{"data":"Zap","floor":7,"key":"SMITH"},{"data":"Beam Cell","floor":10,"key":"SMITH"},{"data":"Go for the Eyes","floor":12,"key":"SMITH"},{"data":"Stack","floor":15,"key":"SMITH"},{"data":"Undo","floor":23,"key":"SMITH"},{"data":"FTL","floor":27,"key":"SMITH"},{"data":"Streamline","floor":30,"key":"SMITH"},{"data":"All For One","floor":32,"key":"SMITH"}],"neow_cost":"NONE","seed_source_timestamp":0,"circlet_count":0,"master_deck":["Strike_B+1","Strike_B+1","Defend_B","Defend_B","Defend_B","Defend_B","Zap+1","Dualcast","AscendersBane","FTL+1","Stack+1","Gash","Beam Cell+1","Undo+1","Streamline+1","Go for the Eyes+1","Seek+1","All For One+1","Loop+1","Leap+1","Steam+1","Stack+1","Stack+1"],"special_seed":17730,"relics":["Cracked Core","Whetstone","Bronze Scales","Anchor","Odd Mushroom","Golden Idol","Toxic Egg 2","Coffee Dripper","Red Mask","Vajra","Juzu Bracelet","Boot","Centennial Puzzle"],"potions_floor_usage":[6,14,14,19,19,24,33],"damage_taken":[{"damage":5,"enemies":"Small Slimes","floor":1,"turns":3},{"damage":1,"enemies":"2 Louse","floor":2,"turns":3},{"damage":0,"enemies":"Jaw Worm","floor":4,"turns":3},{"damage":29,"enemies":"3 Sentries","floor":6,"turns":9},{"damage":0,"enemies":"Blue Slaver","floor":8,"turns":4},{"damage":2,"floor":11,"turns":3},{"damage":4,"enemies":"Gremlin Nob","floor":14,"turns":3},{"damage":8,"enemies":"The Guardian","floor":16,"turns":10},{"damage":0,"enemies":"Shell Parasite","floor":18,"turns":3},{"damage":9,"floor":19,"turns":4},{"damage":1,"enemies":"2 Thieves","floor":20,"turns":3},{"damage":19,"enemies":"Snake Plant","floor":22,"turns":3},{"damage":18,"enemies":"Gremlin Leader","floor":24,"turns":8},{"damage":7,"enemies":"3 Cultists","floor":25,"turns":5},{"damage":0,"enemies":"Book of Stabbing","floor":28,"turns":5},{"damage":41,"enemies":"Champ","floor":33,"turns":8}],"seed_played":"-3893125077617489196","potions_obtained":[{"floor":1,"key":"Regen Potion"},{"floor":2,"key":"Block Potion"},{"floor":4,"key":"GamblersBrew"},{"floor":14,"key":"SpeedPotion"},{"floor":18,"key":"Explosive Potion"},{"floor":19,"key":"Dexterity Potion"},{"floor":20,"key":"Regen Potion"}],"is_trial":false,"path_per_floor":["M","M","?","M","$","E","R","M","T","R","?","R","?","E","R","B",null,"M","?","M","?","M","R","E","M","T","R","E","?","R","?","R"],"character_chosen":"DEFECT","items_purchased":["Beam Cell"],"campfire_rested":0,"item_purchase_floors":[5],"current_hp_per_floor":[63,62,67,67,67,53,53,53,53,53,51,51,51,47,47,39,65,65,56,55,55,36,36,33,26,26,26,26,26,26,26,26,0],"gold":396,"neow_bonus":"RANDOM_COMMON_RELIC","is_prod":false,"is_daily":false,"chose_seed":false,"campfire_upgraded":8,"win_rate":0,"timestamp":1531937853,"path_taken":["M","M","?","M","$","E","R","M","T","R","?","R","?","E","R","BOSS","M","?","M","?","M","R","E","?","T","R","E","?","R","?","R","BOSS"],"build_version":"2018-07-12","purchased_purges":1,"victory":false,"max_hp_per_floor":[75,75,80,80,80,80,80,80,80,80,80,80,74,74,74,74,74,74,74,74,74,74,74,74,74,74,74,74,74,74,74,74,74],"card_choices":[{"not_picked":["Darkness","Recycle"],"picked":"FTL","floor":1},{"not_picked":["Leap","Fusion"],"picked":"Stack","floor":2},{"not_picked":["Heatsinks","Chaos"],"picked":"Gash","floor":4},{"not_picked":["Chill","Storm"],"picked":"Undo","floor":6},{"not_picked":["Conserve Battery","Redo"],"picked":"Streamline","floor":8},{"not_picked":["Storm","Redo"],"picked":"Go for the Eyes","floor":11},{"not_picked":["Double Energy","Ball Lightning"],"picked":"Seek","floor":14},{"not_picked":["Thunder Strike","Machine Learning"],"picked":"All For One","floor":16},{"not_picked":["Turbo+1","Cold Snap"],"picked":"Loop+1","floor":18},{"not_picked":["Redo+1","Turbo+1"],"picked":"Leap+1","floor":19},{"not_picked":["Capacitor+1","FTL"],"picked":"Steam+1","floor":20},{"not_picked":["Blizzard","Recycle+1"],"picked":"Stack+1","floor":22},{"not_picked":["Redo+1","Conserve Battery+1"],"picked":"Stack+1","floor":24}],"player_experience":868495,"relics_obtained":[{"floor":6,"key":"Bronze Scales"},{"floor":9,"key":"Anchor"},{"floor":11,"key":"Odd Mushroom"},{"floor":14,"key":"Toxic Egg 2"},{"floor":19,"key":"Red Mask"},{"floor":24,"key":"Vajra"},{"floor":26,"key":"Juzu Bracelet"},{"floor":28,"key":"Boot"}],"event_choices":[{"event_name":"Big Fish","player_choice":"Donut","floor":3,"damage_taken":0},{"event_name":"Mushrooms","player_choice":"Fought Mushrooms","floor":11,"damage_taken":0},{"event_name":"Golden Idol","player_choice":"Lose Max HP","floor":13,"damage_taken":0},{"event_name":"Masked Bandits","player_choice":"Fought over 276 gold","floor":19,"damage_taken":0},{"event_name":"Drug Dealer","player_choice":"Ignored","floor":21,"damage_taken":0},{"event_name":"The Mausoleum","player_choice":"Yes","floor":29,"damage_taken":0},{"event_name":"Beggar","player_choice":"Gave Gold","floor":31,"damage_taken":0}],"boss_relics":[{"not_picked":["Runic Pyramid","Nuclear Battery"],"picked":"Coffee Dripper"}],"items_purged_floors":[5],"is_endless":false,"potions_floor_spawned":[1,2,4,14,18,19,20],"killed_by":"Champ","ascension_level":10}