{"gold_per_floor":[110,110,110,27,43,43,71,71,71,81,92,123,123],"floor_reached":13,"playtime":347,"items_purged":[],"score":163,"play_id":"8fea1eea-004c-4d5d-a67d-1a0f571fb5b9","local_time":"20190524172648","is_ascension_mode":true,"campfire_choices":[{"data":"Zap","floor":6,"key":"SMITH"},{"data":"Dualcast","floor":8,"key":"SMITH"}],"neow_cost":"TEN_PERCENT_HP_LOSS","seed_source_timestamp":353953993002017,"circlet_count":0,"master_deck":["AscendersBane","Strike_B","Strike_B","Strike_B","Defend_B","Defend_B","Defend_B","Defend_B","Zap+1","Dualcast+1","Machine Learning","Go for the Eyes","Blizzard","Finesse+1","Recycle+1","Conserve Battery+1","Hologram+1","Go for the Eyes","Gash"],"relics":["Cracked Core","Toxic Egg 2","Art of War","Regal Pillow","Ancient Tea Set"],"potions_floor_usage":[12],"damage_taken":[{"damage":1,"enemies":"Cultist","floor":1,"turns":3},{"damage":4,"enemies":"Small Slimes","floor":5,"turns":4},{"damage":17,"enemies":"Lagavulin","floor":7,"turns":8},{"damage":6,"enemies":"2 Louse","floor":10,"turns":3},{"damage":0,"enemies":"Large Slime","floor":11,"turns":5},{"damage":24,"enemies":"3 Sentries","floor":12,"turns":8},{"damage":4,"enemies":"Red Slaver","floor":13,"turns":1}],"seed_played":"-4706810990435430870","potions_obtained":[{"floor":10,"key":"Explosive Potion"}],"is_trial":false,"path_per_floor":["M","?","?","$","M","R","E","R","T","M","M","E","M"],"character_chosen":"DEFECT","items_purchased":["Finesse+1"],"campfire_rested":0,"item_purchase_floors":[4],"current_hp_per_floor":[63,52,52,52,48,48,31,31,31,25,25,1,0],"gold":123,"neow_bonus":"THREE_RARE_CARDS","is_prod":false,"is_daily":false,"chose_seed":false,"campfire_upgraded":2,"win_rate":0,"timestamp":1558711608,"path_taken":["M","?","?","$","M","R","E","R","T","?","M","E","M"],"build_version":"2019-01-23","purchased_purges":0,"victory":false,"max_hp_per_floor":[64,64,64,64,64,64,64,64,64,64,64,64,64],"card_choices":[{"not_picked":["Reboot","Creative AI"],"picked":"Machine Learning","floor":0},{"not_picked":["Conserve Battery","Steam Power"],"picked":"Go for the Eyes","floor":1},{"not_picked":["Beam Cell","White Noise+1"],"picked":"Recycle+1","floor":5},{"not_picked":["Stack+1","Doom and Gloom"],"picked":"Conserve Battery+1","floor":7},{"not_picked":["Skim+1","Stack+1"],"picked":"Hologram+1","floor":10},{"not_picked":["Melter","Barrage"],"picked":"Go for the Eyes","floor":11},{"not_picked":["Chill+1","Redo+1"],"picked":"Gash","floor":12}],"player_experience":244358,"relics_obtained":[{"floor":7,"key":"Art of War"},{"floor":9,"key":"Regal Pillow"},{"floor":12,"key":"Ancient Tea Set"}],"event_choices":[{"damage_healed":0,"gold_gain":0,"player_choice":"Success","damage_taken":11,"relics_obtained":["Toxic Egg 2"],"max_hp_gain":0,"max_hp_loss":0,"event_name":"Scrap Ooze","floor":2,"gold_loss":0},{"damage_healed":0,"gold_gain":0,"cards_transformed":["Strike_B"],"player_choice":"Transformed","damage_taken":0,"max_hp_gain":0,"max_hp_loss":0,"event_name":"Transmorgrifier","floor":3,"gold_loss":0,"cards_obtained":["Blizzard"]}],"is_beta":false,"boss_relics":[],"items_purged_floors":[],"is_endless":false,"potions_floor_spawned":[10],"killed_by":"Red Slaver","ascension_level":15}