{"gold_per_floor":[115,115,134,154,154,4,4,34,61,126,126,172,46,56,56,151,151,168,168,168,168,186,216,306,306,306,24,39,55,55,69,69,167,167,182,182,192,1,1,1,29,29,55,72,72,83,83,83,83,83],"floor_reached":50,"playtime":1657,"items_purged":["Regret","Defend_G","Pain"],"score":811,"play_id":"798e6e70-de61-4887-9515-011275dbb8bc","local_time":"20190414135251","is_ascension_mode":true,"campfire_choices":[{"data":"Noxious Fumes","floor":7.0,"key":"SMITH"},{"floor":15.0,"key":"REST"},{"data":"Burst","floor":25.0,"key":"SMITH"},{"floor":30.0,"key":"REST"},{"floor":32.0,"key":"REST"},{"data":"Footwork","floor":40.0,"key":"SMITH"},{"floor":45.0,"key":"REST"},{"floor":47.0,"key":"REST"},{"data":"Bouncing Flask","floor":49.0,"key":"SMITH"}],"neow_cost":"NONE","seed_source_timestamp":319957102544377,"circlet_count":0,"master_deck":["AscendersBane","Defend_G","Defend_G","Defend_G","Strike_G+1","Survivor","Neutralize+1","Noxious Fumes+1","Backflip+1","Bouncing Flask+1","Tools of the Trade","Footwork+1","Bouncing Flask+1","Burst+1","Leg Sweep+1","Tools of the Trade","All Out Attack+1","Slice+1","Noxious Fumes+1","Bandage Up","Master of Strategy","Writhe","Underhanded Strike","Poisoned Stab"],"special_seed":0,"relics":["Ring of the Snake","Anchor","Snake Skull","Orichalcum","Tiny Chest","MawBank","Cursed Key","Question Card","Vajra","Membership Card","War Paint","Astrolabe","Gremlin Horn","Art of War","Juzu Bracelet"],"potions_floor_usage":[50],"damage_taken":[{"damage":0.0,"enemies":"2 Louse","floor":1.0,"turns":4.0},{"damage":0.0,"enemies":"Jaw Worm","floor":3.0,"turns":5.0},{"damage":0.0,"enemies":"Small Slimes","floor":4.0,"turns":3.0},{"damage":21.0,"enemies":"3 Sentries","floor":8.0,"turns":7.0},{"damage":12.0,"enemies":"Gremlin Nob","floor":10.0,"turns":4.0},{"damage":8.0,"enemies":"Gremlin Gang","floor":14.0,"turns":3.0},{"damage":2.0,"enemies":"Hexaghost","floor":16.0,"turns":7.0},{"damage":0.0,"enemies":"Spheric Guardian","floor":18.0,"turns":3.0},{"damage":8.0,"enemies":"Shell Parasite","floor":22.0,"turns":3.0},{"damage":10.0,"enemies":"Book of Stabbing","floor":23.0,"turns":6.0},{"damage":6.0,"enemies":"Centurion and Healer","floor":28.0,"turns":4.0},{"damage":10.0,"enemies":"Snecko","floor":29.0,"turns":4.0},{"damage":2.0,"enemies":"Shelled Parasite and Fungi","floor":31.0,"turns":5.0},{"damage":35.0,"enemies":"Automaton","floor":33.0,"turns":9.0},{"damage":0.0,"enemies":"3 Shapes","floor":35.0,"turns":3.0},{"damage":14.0,"enemies":"Orb Walker","floor":37.0,"turns":4.0},{"damage":2.0,"enemies":"Giant Head","floor":41.0,"turns":8.0},{"damage":11.0,"enemies":"3 Darklings","floor":44.0,"turns":7.0},{"damage":15.0,"enemies":"Spire Growth","floor":46.0,"turns":5.0},{"damage":0.0,"enemies":"Writhing Mass","floor":48.0,"turns":1.0},{"damage":72,"enemies":"Awakened One","floor":50,"turns":16}],"seed_played":"-1526021653556345426","potions_obtained":[{"floor":4.0,"key":"Fire Potion"},{"floor":14.0,"key":"Dexterity Potion"},{"floor":23.0,"key":"GamblersBrew"},{"floor":31.0,"key":"Block Potion"},{"floor":33.0,"key":"SmokeBomb"},{"floor":44.0,"key":"Swift Potion"},{"floor":46.0,"key":"Fire Potion"}],"is_trial":false,"path_per_floor":["M","?","M","M","?","$","R","E","T","E","?","T","$","M","R","B",null,"M","?","?","?","M","E","?","R","T","$","M","M","R","M","R","B",null,"M","?","M","$","?","R","E","?","T","M","R","M","R","M","R","B"],"character_chosen":"THE_SILENT","items_purchased":["Noxious Fumes","Bouncing Flask","Membership Card","War Paint","Gremlin Horn"],"campfire_rested":5,"item_purchase_floors":[6,13,27,27,38],"current_hp_per_floor":[63,63,63,63,63,63,63,42,42,30,16,16,16,8,29,27,59,59,59,59,59,51,41,27,27,27,27,21,11,32,30,51,16,57,57,57,43,43,38,38,40,40,40,33,54,43,64,68,68,0],"gold":83,"neow_bonus":"REMOVE_CARD","is_prod":false,"is_daily":false,"chose_seed":false,"campfire_upgraded":4,"win_rate":0,"timestamp":1555242771,"path_taken":["M","?","M","M","?","$","R","E","T","E","?","?","?","M","R","BOSS","M","?","?","?","?","E","?","R","T","$","M","?","R","M","R","BOSS","M","?","M","$","?","R","E","?","T","M","R","M","R","M","R","BOSS"],"build_version":"2019-01-23","purchased_purges":3,"victory":false,"max_hp_per_floor":[70,70,70,70,70,70,70,70,70,70,70,70,70,70,70,70,70,70,70,70,70,70,70,70,70,70,70,70,70,70,70,70,70,70,70,70,70,70,70,70,70,70,70,70,70,70,70,70,70,70],"card_choices":[{"not_picked":["Underhanded Strike","Choke","Backflip"],"picked":"SKIP","floor":1.0},{"not_picked":["Predator","PiercingWail"],"picked":"Poisoned Stab","floor":3.0},{"not_picked":["Acrobatics","Skewer","Sucker Punch"],"picked":"SKIP","floor":4.0},{"not_picked":["Night Terror","Masterful Stab","Heel Hook"],"picked":"SKIP","floor":8.0},{"not_picked":["Cloak And Dagger","Setup"],"picked":"Backflip","floor":10.0},{"not_picked":["Calculated Gamble","All Out Attack","Dagger Spray"],"picked":"SKIP","floor":14.0},{"not_picked":["A Thousand Cuts","Grand Finale"],"picked":"Tools of the Trade","floor":16.0},{"not_picked":["Deadly Poison","Dagger Throw"],"picked":"Footwork","floor":18.0},{"not_picked":["Bouncing Flask","Noxious Fumes"],"picked":"Poisoned Stab+1","floor":22.0},{"not_picked":["All Out Attack","Calculated Gamble"],"picked":"Burst","floor":23.0},{"not_picked":["Dagger Throw","Bouncing Flask","Eviscerate+1","Slice+1"],"picked":"SKIP","floor":28.0},{"not_picked":["Setup","Quick Slash+1","Dodge and Roll+1"],"picked":"Leg Sweep+1","floor":29.0},{"not_picked":["Cloak And Dagger+1","Prepared+1","Flechettes","Deflect"],"picked":"SKIP","floor":31.0},{"not_picked":["Night Terror","Bullet Time","A Thousand Cuts"],"picked":"Tools of the Trade","floor":33.0},{"not_picked":["Concentrate","Deadly Poison","Finisher","Riddle With Holes"],"picked":"SKIP","floor":35.0},{"not_picked":["Poisoned Stab+1","Bane+1","Dodge and Roll+1","Calculated Gamble+1"],"picked":"SKIP","floor":37.0},{"not_picked":["Thinking Ahead","Purity","Finesse"],"picked":"Bandage Up","floor":39.0},{"not_picked":["PanicButton","HandOfGreed","Discovery"],"picked":"Master of Strategy","floor":39.0},{"not_picked":["Dagger Spray","Cloak And Dagger+1","Backflip+1","Setup+1"],"picked":"SKIP","floor":41.0},{"not_picked":["Finisher+1","Dagger Spray+1","Calculated Gamble"],"picked":"Underhanded Strike","floor":44.0},{"not_picked":["Dodge and Roll","Burst","Cloak And Dagger"],"picked":"Poisoned Stab","floor":46.0}],"player_experience":171698,"relics_obtained":[{"floor":8.0,"key":"Snake Skull"},{"floor":9.0,"key":"Orichalcum"},{"floor":10.0,"key":"Tiny Chest"},{"floor":12.0,"key":"MawBank"},{"floor":23.0,"key":"Question Card"},{"floor":26.0,"key":"Vajra"},{"floor":41.0,"key":"Art of War"},{"floor":43.0,"key":"Juzu Bracelet"}],"event_choices":[{"cards_removed":["Defend_G"],"damage_healed":0.0,"max_hp_gain":0.0,"max_hp_loss":0.0,"gold_gain":0.0,"event_name":"Living Wall","player_choice":"Forget","floor":2.0,"gold_loss":0.0,"damage_taken":0.0},{"damage_healed":0.0,"max_hp_gain":0.0,"max_hp_loss":0.0,"gold_gain":0.0,"event_name":"Big Fish","player_choice":"Box","floor":5.0,"gold_loss":0.0,"damage_taken":0.0,"relics_obtained":["Anchor"],"cards_obtained":["Regret"]},{"damage_healed":0.0,"max_hp_gain":0.0,"max_hp_loss":0.0,"gold_gain":0.0,"event_name":"Shining Light","player_choice":"Entered Light","floor":11.0,"gold_loss":0.0,"damage_taken":14.0,"cards_upgraded":["Neutralize","Strike_G"]},{"damage_healed":0.0,"max_hp_gain":0.0,"max_hp_loss":0.0,"gold_gain":0.0,"event_name":"The Library","player_choice":"Read","floor":19.0,"gold_loss":0.0,"damage_taken":0.0,"cards_obtained":["Bouncing Flask"]},{"damage_healed":0.0,"max_hp_gain":0.0,"max_hp_loss":0.0,"gold_gain":0.0,"event_name":"Cursed Tome","player_choice":"Ignored","floor":20.0,"gold_loss":0.0,"damage_taken":0.0},{"cards_removed":["Strike_G"],"damage_healed":0.0,"max_hp_gain":0.0,"max_hp_loss":0.0,"gold_gain":0.0,"event_name":"Bonfire Elementals","player_choice":"Offered Basic","floor":21.0,"gold_loss":0.0,"damage_taken":0.0},{"damage_healed":0.0,"max_hp_gain":0.0,"max_hp_loss":0.0,"gold_gain":90.0,"event_name":"Knowing Skull","player_choice":"GOLD ","floor":24.0,"potions_obtained":[],"gold_loss":0.0,"damage_taken":14.0,"cards_obtained":[]},{"damage_healed":0.0,"max_hp_gain":0.0,"max_hp_loss":0.0,"gold_gain":0.0,"event_name":"Tomb of Lord Red Mask","player_choice":"Ignored","floor":36.0,"gold_loss":0.0,"damage_taken":0.0},{"damage_healed":0.0,"max_hp_gain":0.0,"max_hp_loss":0.0,"gold_gain":0.0,"event_name":"SensoryStone","player_choice":"Memory 2","floor":39.0,"gold_loss":0.0,"damage_taken":5.0},{"cards_removed":["Poisoned Stab"],"damage_healed":0.0,"max_hp_gain":0.0,"max_hp_loss":0.0,"gold_gain":0.0,"event_name":"Falling","player_choice":"Removed Attack","floor":42.0,"gold_loss":0.0,"damage_taken":0.0}],"is_beta":false,"boss_relics":[{"not_picked":["Ectoplasm","HoveringKite"],"picked":"Cursed Key"},{"not_picked":["Coffee Dripper","Orrery"],"picked":"Astrolabe"}],"items_purged_floors":[6,13,38],"is_endless":false,"potions_floor_spawned":[4,14,23,31,33,44,46],"killed_by":"Awakened One","ascension_level":11}