{"gold_per_floor":[118,136,153,19,31,65,65,91,118,118,118,132,132,132,132,210,210,220,64,35,46,58,58,58,58,84,95,124,137,137,147,147,221,221,238,253,253,271,284,284,302,328,328,340,23,23],"floor_reached":46,"playtime":3384,"items_purged":["Strike_B","Strike_B"],"score":899,"play_id":"bffc4855-8353-4903-90a8-bd14a46b8cf6","local_time":"20180926153543","is_ascension_mode":true,"campfire_choices":[{"floor":7,"key":"REST"},{"floor":11,"key":"REST"},{"data":"Defragment","floor":13,"key":"SMITH"},{"data":"Sunder","floor":15,"key":"SMITH"},{"data":"Barrage","floor":23,"key":"SMITH"},{"data":"Zap","floor":25,"key":"SMITH"},{"data":"Fission","floor":30,"key":"SMITH"},{"floor":32,"key":"REST"},{"floor":40,"key":"REST"}],"neow_cost":"","seed_source_timestamp":1148520371552046,"circlet_count":0,"master_deck":["Strike_B","Strike_B","Defend_B","Defend_B","Defend_B","Defend_B","Zap+1","Dualcast+1","AscendersBane","Defragment+1","Steam+1","Sunder+1","Defragment+1","Doom and Gloom","Self Repair","Coolheaded","Echo Form","Glacier","Fission+1","Chill","Barrage+1","Steam","Blizzard","Self Repair","Defragment","Go for the Eyes","Hologram+1","Consume","Stack+1","Creative AI","Stack","Apotheosis"],"special_seed":0,"relics":["Cracked Core","Centennial Puzzle","Blood Vial","War Paint","Inserter","Vajra","Anchor","Fusion Hammer","NlothsMask","Oddly Smooth Stone"],"potions_floor_usage":[6,20,22,28,33],"damage_taken":[{"damage":4.0,"enemies":"Jaw Worm","floor":1.0,"turns":4.0},{"damage":7.0,"enemies":"Small Slimes","floor":2.0,"turns":3.0},{"damage":1.0,"enemies":"Cultist","floor":3.0,"turns":3.0},{"damage":18.0,"enemies":"Exordium Thugs","floor":5.0,"turns":4.0},{"damage":33,"enemies":"Gremlin Nob","floor":6,"turns":5},{"damage":16,"enemies":"3 Sentries","floor":8,"turns":6},{"damage":15,"enemies":"3 Louse","floor":12,"turns":3},{"damage":22,"enemies":"Hexaghost","floor":16,"turns":10},{"damage":15,"enemies":"Shell Parasite","floor":18,"turns":9},{"damage":11,"enemies":"2 Thieves","floor":20,"turns":4},{"damage":7,"enemies":"Snecko","floor":21,"turns":6},{"damage":4,"enemies":"Centurion and Healer","floor":22,"turns":10},{"damage":21,"enemies":"Chosen and Byrds","floor":27,"turns":8},{"damage":23,"enemies":"Slavers","floor":28,"turns":8},{"damage":28,"enemies":"Snecko","floor":29,"turns":8},{"damage":10,"enemies":"Centurion and Healer","floor":31,"turns":7},{"damage":2,"enemies":"Champ","floor":33,"turns":14},{"damage":19,"enemies":"Orb Walker","floor":35,"turns":3},{"damage":14,"enemies":"3 Shapes","floor":36,"turns":6},{"damage":10,"enemies":"Maw","floor":38,"turns":9},{"damage":18,"enemies":"3 Darklings","floor":39,"turns":7},{"damage":0,"enemies":"4 Shapes","floor":41,"turns":8},{"damage":9,"enemies":"Nemesis","floor":42,"turns":9},{"damage":45,"enemies":"Sphere and 2 Shapes","floor":44,"turns":7},{"damage":50,"enemies":"2 Orb Walkers","floor":46,"turns":3}],"seed_played":"1872421364992142725","potions_obtained":[{"floor":5.0,"key":"Ancient Potion"},{"floor":6,"key":"EssenceOfSteel"},{"floor":12,"key":"FearPotion"},{"floor":21,"key":"Energy Potion"},{"floor":27,"key":"Swift Potion"},{"floor":31,"key":"Block Potion"},{"floor":33,"key":"EssenceOfSteel"},{"floor":36,"key":"Dexterity Potion"},{"floor":41,"key":"PowerPotion"}],"is_trial":false,"path_per_floor":["M","M","M","$","M","E","R","E","T","?","R","M","R","?","R","B",null,"M","$","M","M","M","R","$","R","T","M","E","M","R","M","R","B",null,"M","M","?","M","M","R","M","E","T","M","$"],"character_chosen":"DEFECT","items_purchased":["Defragment","Doom and Gloom","Chill","Apotheosis"],"campfire_rested":4,"item_purchase_floors":[4,4,19,45],"current_hp_per_floor":[60,53,52,52,34,1,22,13,13,13,34,28,28,28,28,15,57,51,51,49,58,70,70,70,70,70,50,36,24,24,37,58,71,71,66,71,71,71,71,71,71,71,71,40,40,0],"gold":23,"neow_bonus":"","is_prod":false,"is_daily":false,"chose_seed":false,"campfire_upgraded":5,"win_rate":0,"timestamp":1537968943,"path_taken":["M","M","M","$","M","E","R","E","T","?","R","M","R","?","R","BOSS","M","$","M","M","M","R","?","R","T","M","E","?","R","M","R","BOSS","M","M","?","M","?","R","M","E","T","?","$","E"],"build_version":"2018-09-20","purchased_purges":2,"victory":false,"max_hp_per_floor":[71,71,71,71,71,71,71,71,71,71,71,71,71,71,71,71,71,71,71,71,71,71,71,71,71,71,71,71,71,71,71,71,71,71,71,71,71,71,71,71,71,71,71,71,71,71],"card_choices":[{"not_picked":["Leap","Rebound"],"picked":"Defragment","floor":1.0},{"not_picked":["Stack","Double Energy"],"picked":"Steam","floor":2.0},{"not_picked":["Go for the Eyes","Compile Driver"],"picked":"Sunder","floor":3.0},{"not_picked":["Heatsinks","Skim"],"picked":"Self Repair","floor":5.0},{"not_picked":["Aggregate","Gash"],"picked":"Coolheaded","floor":6},{"not_picked":["Capacitor","White Noise"],"picked":"Echo Form","floor":8},{"not_picked":["Double Energy","Gash"],"picked":"Glacier","floor":12},{"not_picked":["Echo Form","Reboot"],"picked":"Fission","floor":16},{"not_picked":["Redo","Hologram"],"picked":"Barrage","floor":20},{"not_picked":["Storm","Ball Lightning"],"picked":"Steam","floor":21},{"not_picked":["Capacitor","Barrage"],"picked":"Blizzard","floor":27},{"not_picked":["Heatsinks+1","Lockon"],"picked":"Self Repair","floor":28},{"not_picked":["Blizzard","Self Repair"],"picked":"Defragment","floor":29},{"not_picked":["Redo","Compile Driver"],"picked":"Go for the Eyes","floor":35},{"not_picked":["Blizzard","Darkness"],"picked":"Hologram+1","floor":36},{"not_picked":["Rebound","Cold Snap"],"picked":"Consume","floor":39},{"not_picked":["Reprogram","Turbo"],"picked":"Stack+1","floor":41},{"not_picked":["Barrage+1","Heatsinks"],"picked":"Creative AI","floor":42},{"not_picked":["Streamline+1","Redo"],"picked":"Stack","floor":44}],"player_experience":1085666,"relics_obtained":[{"floor":6,"key":"Centennial Puzzle"},{"floor":8,"key":"Blood Vial"},{"floor":9,"key":"War Paint"},{"floor":26,"key":"Vajra"},{"floor":28,"key":"Anchor"},{"floor":42,"key":"Oddly Smooth Stone"}],"event_choices":[{"event_name":"Living Wall","player_choice":"Grow","floor":10,"damage_taken":0},{"event_name":"Golden Idol","player_choice":"Ignored","floor":14,"damage_taken":0},{"event_name":"FaceTrader","player_choice":"Trade","floor":37,"damage_taken":0}],"is_beta":false,"boss_relics":[{"not_picked":["Empty Cage","Lizard Tail"],"picked":"Inserter"},{"not_picked":["Eternal Feather","White Beast Statue"],"picked":"Fusion Hammer"}],"items_purged_floors":[19,45],"is_endless":false,"potions_floor_spawned":[5,6,12,21,27,31,33,35,36,41,42],"killed_by":"2 Orb Walkers","ascension_level":17}