{"gold_per_floor":[109,9,9,9,19,19,30,44,44,69,82,82,107,122,122,199,199,218,218,218,229,229,229,31,31,56,56,81,81,181,181],"floor_reached":31,"playtime":926,"items_purged":["Strike_G"],"score":529,"play_id":"77b4ef52-c632-4c32-85cb-80d57f979913","local_time":"20190523181059","is_ascension_mode":true,"campfire_choices":[{"data":"Tools of the Trade","floor":6,"key":"SMITH"},{"data":"Cloak And Dagger","floor":12,"key":"SMITH"},{"data":"Footwork","floor":15,"key":"SMITH"},{"floor":23,"key":"REST"},{"data":"Underhanded Strike","floor":25,"key":"SMITH"},{"data":"Dagger Throw","floor":27,"key":"SMITH"}],"neow_cost":"NONE","seed_source_timestamp":269622844021078,"circlet_count":0,"master_deck":["AscendersBane","Defend_G","Defend_G","Defend_G","Strike_G","Strike_G","Survivor+1","Neutralize+1","Tools of the Trade+1","Flying Knee","Dagger Throw+1","Terror","Cloak And Dagger+1","Footwork+1","Underhanded Strike+1","Die Die Die","Leg Sweep","Tactician+1","Noxious Fumes","Flechettes","Shame"],"relics":["Ring of the Snake","Gremlin Horn","The Courier","Happy Flower","Empty Cage","Matryoshka","War Paint","Strawberry","Oddly Smooth Stone","WingedGreaves"],"potions_floor_usage":[11,14,22,28],"damage_taken":[{"damage":0,"enemies":"2 Louse","floor":1,"turns":4},{"damage":0,"enemies":"Jaw Worm","floor":5,"turns":4},{"damage":0,"enemies":"Cultist","floor":7,"turns":3},{"damage":3,"enemies":"Looter","floor":8,"turns":3},{"damage":11,"enemies":"Lagavulin","floor":10,"turns":7},{"damage":0,"enemies":"Large Slime","floor":11,"turns":5},{"damage":17,"enemies":"Gremlin Nob","floor":13,"turns":4},{"damage":9,"enemies":"Exordium Thugs","floor":14,"turns":6},{"damage":0,"enemies":"Hexaghost","floor":16,"turns":10},{"damage":2,"enemies":"Shell Parasite","floor":18,"turns":6},{"damage":18,"enemies":"2 Thieves","floor":21,"turns":5},{"damage":14,"enemies":"Colosseum Slavers","floor":22,"turns":5},{"damage":34,"enemies":"Slavers","floor":28,"turns":6},{"damage":16,"enemies":"Cultist and Chosen","floor":31,"turns":4}],"seed_played":"-8281368793695282698","potions_obtained":[{"floor":5,"key":"Ancient Potion"},{"floor":7,"key":"Block Potion"},{"floor":11,"key":"GhostInAJar"},{"floor":16,"key":"Dexterity Potion"},{"floor":28,"key":"FearPotion"}],"is_trial":false,"path_per_floor":["M","$","?","?","M","R","M","M","T","E","M","R","E","M","R","B",null,"M","?","?","M","?","R","$","R","T","R","E","?","?","M"],"character_chosen":"THE_SILENT","items_purchased":["Dagger Throw","Matryoshka"],"campfire_rested":1,"item_purchase_floors":[2,24],"current_hp_per_floor":[59,59,59,52,52,52,52,49,49,38,38,38,21,12,12,12,53,51,51,51,33,19,38,38,38,45,45,11,11,11,0],"gold":181,"neow_bonus":"ONE_RANDOM_RARE_CARD","is_prod":false,"is_daily":false,"chose_seed":false,"campfire_upgraded":5,"win_rate":0,"timestamp":1558627859,"path_taken":["M","$","?","?","M","R","M","M","T","E","M","R","E","M","R","BOSS","M","?","?","?","?","R","$","R","T","R","E","?","?","M"],"build_version":"2019-01-23","purchased_purges":1,"victory":false,"max_hp_per_floor":[66,66,66,66,66,66,66,66,66,66,66,66,66,66,66,66,66,66,66,66,66,66,66,66,66,73,73,73,73,73,73],"card_choices":[{"not_picked":["Prepared","Poisoned Stab"],"picked":"Flying Knee","floor":1},{"not_picked":["Blur","Expertise"],"picked":"Terror","floor":5},{"not_picked":["Sucker Punch","Calculated Gamble","Masterful Stab"],"picked":"SKIP","floor":7},{"not_picked":["Unload","Blade Dance","Outmaneuver"],"picked":"SKIP","floor":8},{"not_picked":["Skewer","Outmaneuver","Prepared"],"picked":"SKIP","floor":10},{"not_picked":["Flechettes","Accuracy"],"picked":"Cloak And Dagger","floor":11},{"not_picked":["Dagger Spray","Underhanded Strike"],"picked":"Footwork","floor":13},{"not_picked":["Dagger Throw","Burst"],"picked":"Underhanded Strike","floor":14},{"not_picked":["Burst","Bullet Time"],"picked":"Die Die Die","floor":16},{"not_picked":["Masterful Stab","Acrobatics"],"picked":"Leg Sweep","floor":18},{"not_picked":["PiercingWail","Bane"],"picked":"Noxious Fumes","floor":21},{"not_picked":["Glass Knife","Deadly Poison"],"picked":"Flechettes","floor":28}],"player_experience":235965,"relics_obtained":[{"floor":9,"key":"Gremlin Horn"},{"floor":10,"key":"The Courier"},{"floor":13,"key":"Happy Flower"},{"floor":26,"key":"War Paint"},{"floor":26,"key":"Strawberry"},{"floor":28,"key":"Oddly Smooth Stone"}],"event_choices":[{"damage_healed":0,"gold_gain":0,"player_choice":"Grow","damage_taken":0,"max_hp_gain":0,"max_hp_loss":0,"event_name":"Living Wall","floor":3,"gold_loss":0,"cards_upgraded":["Neutralize"]},{"cards_removed":["Strike_G"],"damage_healed":0,"gold_gain":0,"player_choice":"Card Removal","damage_taken":7,"max_hp_gain":0,"max_hp_loss":0,"event_name":"Golden Wing","floor":4,"gold_loss":0},{"damage_healed":0,"gold_gain":0,"player_choice":"Read","damage_taken":0,"max_hp_gain":0,"max_hp_loss":0,"event_name":"The Library","floor":19,"gold_loss":0,"cards_obtained":["Tactician"]},{"cards_removed":["Defend_G"],"damage_healed":0,"gold_gain":0,"player_choice":"Offered Basic","damage_taken":0,"max_hp_gain":0,"max_hp_loss":0,"event_name":"Bonfire Elementals","floor":20,"gold_loss":0},{"damage_healed":0,"gold_gain":0,"player_choice":"Fight","damage_taken":0,"max_hp_gain":0,"max_hp_loss":0,"event_name":"Colosseum","floor":22,"gold_loss":0},{"damage_healed":0,"gold_gain":0,"player_choice":"Fled From Nobs","damage_taken":0,"max_hp_gain":0,"max_hp_loss":0,"event_name":"Colosseum","floor":22,"gold_loss":0},{"damage_healed":0,"gold_gain":0,"player_choice":"Stole Relic","damage_taken":0,"relics_obtained":["WingedGreaves"],"max_hp_gain":0,"max_hp_loss":0,"event_name":"Addict","floor":29,"gold_loss":0,"cards_obtained":["Shame"]},{"damage_healed":0,"gold_gain":100,"player_choice":"Pray","damage_taken":0,"max_hp_gain":0,"max_hp_loss":0,"event_name":"Golden Shrine","floor":30,"gold_loss":0}],"is_beta":false,"boss_relics":[{"not_picked":["Snecko Eye","Coffee Dripper"],"picked":"Empty Cage"}],"items_purged_floors":[2],"is_endless":false,"potions_floor_spawned":[5,7,11,13,16,28],"killed_by":"Cultist and Chosen","ascension_level":14}