{"gold_per_floor":[118,134,104,119,131,165,165,14,14,14,27,62,62,76,76,176,176,162,162,162,84,84,84,110,110,110,110,124,143,174,189,189,288,288,299,299,316,368,269,269,302,302,373,373,373,426,490,490,490,490],"floor_reached":51,"playtime":2948,"items_purged":["Bite"],"score":810,"play_id":"bc9c8bea-0a6e-4fd6-85a3-9d14eeb37721","local_time":"20180705172811","is_ascension_mode":true,"campfire_choices":[{"data":"Zap","floor":7,"key":"SMITH"},{"data":"Stack","floor":10,"key":"SMITH"},{"data":"Dualcast","floor":13,"key":"SMITH"},{"data":"FTL","floor":15,"key":"SMITH"},{"data":"Beam Cell","floor":23,"key":"SMITH"},{"data":"Coolheaded","floor":25,"key":"SMITH"},{"data":"Seek","floor":27,"key":"SMITH"},{"data":"Leap","floor":32,"key":"SMITH"},{"data":"Stack","floor":40,"key":"SMITH"},{"data":"Stack","floor":42,"key":"SMITH"},{"data":"Go for the Eyes","floor":44,"key":"SMITH"},{"data":"Glacier","floor":49,"key":"SMITH"}],"neow_cost":"","seed_source_timestamp":21940575799216,"circlet_count":0,"master_deck":["Defend_B","Defend_B","Defend_B","Defend_B","Zap+1","Dualcast+1","Sweeping Beam","Self Repair","Leap+1","Gash","Stack+1","All For One","Seek+1","Gash","FTL+1","Seek","Conserve Battery+1","Bite","Bite","Bite","Bite","Beam Cell+1","Coolheaded+1","Gash","White Noise","Go for the Eyes+1","Machine Learning","Reboot","Stack+1","Stack+1","Madness","Leap+1","Glacier+1"],"relics":["Cracked Core","Oddly Smooth Stone","Omamori","Sozu","Potion Belt","Nloth\u0027s Gift","Smiling Mask","Centennial Puzzle","Ancient Tea Set","Nuclear Battery","Bronze Scales","Blood Vial","The Courier","Bird Faced Urn","Tiny Chest"],"potions_floor_usage":[12,16,50],"damage_taken":[{"damage":0,"enemies":"2 Louse","floor":1,"turns":3},{"damage":0,"enemies":"Cultist","floor":2,"turns":4},{"damage":6,"enemies":"Jaw Worm","floor":4,"turns":3},{"damage":2,"enemies":"3 Louse","floor":5,"turns":4},{"damage":12,"enemies":"3 Sentries","floor":6,"turns":7},{"damage":0,"enemies":"2 Fungi Beasts","floor":11,"turns":4},{"damage":14,"enemies":"Gremlin Nob","floor":12,"turns":4},{"damage":0,"enemies":"Blue Slaver","floor":14,"turns":3},{"damage":13,"enemies":"Slime Boss","floor":16,"turns":8},{"damage":20,"enemies":"2 Thieves","floor":18,"turns":4},{"damage":51,"enemies":"Gremlin Leader","floor":24,"turns":7},{"damage":0,"enemies":"3 Byrds","floor":28,"turns":3},{"damage":2,"enemies":"Cultist and Chosen","floor":29,"turns":6},{"damage":0,"enemies":"Book of Stabbing","floor":30,"turns":4},{"damage":1,"enemies":"3 Cultists","floor":31,"turns":4},{"damage":36,"enemies":"Automaton","floor":33,"turns":8},{"damage":29,"enemies":"3 Darklings","floor":35,"turns":6},{"damage":1,"enemies":"3 Shapes","floor":37,"turns":5},{"damage":6,"enemies":"Nemesis","floor":41,"turns":5},{"damage":0,"floor":46,"turns":4},{"damage":24,"enemies":"2 Orb Walkers","floor":47,"turns":5},{"damage":52,"enemies":"Time Eater","floor":50,"turns":11}],"seed_played":"-7819167654020270980","potions_obtained":[{"floor":1,"key":"GamblersBrew"},{"floor":3,"key":"FuelPotion"},{"floor":3,"key":"EssenceOfSteel"},{"floor":5,"key":"Strength Potion"},{"floor":6,"key":"Dexterity Potion"},{"floor":14,"key":"Energy Potion"}],"is_trial":false,"path_per_floor":["M","M","?","M","M","E","R","$","T","R","M","E","R","M","R","B",null,"M","?","?","$","?","R","E","R","T","R","M","M","E","M","R","B",null,"M","?","M","T","$","R","E","R","T","R","?","?","E","?","R","B"],"character_chosen":"DEFECT","items_purchased":["All For One","Beam Cell","Coolheaded","Stack"],"campfire_rested":0,"item_purchase_floors":[8,21,21,39],"current_hp_per_floor":[75,75,75,75,75,70,70,70,70,70,75,78,78,85,85,79,85,72,59,59,59,59,59,27,27,27,27,42,53,59,59,59,38,59,54,54,59,59,59,59,59,59,59,59,59,59,54,54,54,20],"gold":490,"neow_bonus":"","is_prod":false,"is_daily":false,"chose_seed":false,"campfire_upgraded":12,"win_rate":0.0,"timestamp":1530804491,"path_taken":["M","M","?","M","M","E","R","$","T","R","M","E","R","M","R","BOSS","M","?","?","$","?","R","E","R","T","R","M","M","E","M","R","BOSS","M","?","M","?","$","R","E","R","T","R","?","?","E","?","R","BOSS"],"build_version":"2018-06-28","purchased_purges":1,"victory":true,"max_hp_per_floor":[75,75,75,75,75,75,75,75,75,75,75,85,85,85,85,85,85,85,59,59,59,59,59,59,59,59,59,59,59,59,59,59,59,59,59,59,59,59,59,59,59,59,59,59,59,59,59,59,59,59],"card_choices":[{"not_picked":["Reprogram","Coolheaded"],"picked":"Sweeping Beam","floor":1},{"not_picked":["FTL","Compile Driver"],"picked":"Self Repair","floor":2},{"not_picked":["Compile Driver","White Noise"],"picked":"Leap","floor":4},{"not_picked":["Loop","Fusion"],"picked":"Gash","floor":5},{"not_picked":["Blizzard","Sweeping Beam"],"picked":"Stack","floor":6},{"not_picked":["Stack","Ball Lightning"],"picked":"Seek","floor":11},{"not_picked":["Storm","Reinforced Body"],"picked":"Gash","floor":12},{"not_picked":["Reprogram","Hello World"],"picked":"FTL","floor":14},{"not_picked":["Rainbow","Biased Cognition"],"picked":"Seek","floor":16},{"not_picked":["Ball Lightning+1","Sweeping Beam+1"],"picked":"Conserve Battery+1","floor":18},{"not_picked":["Cold Snap+1","Auto Shields"],"picked":"Gash","floor":24},{"not_picked":["Beam Cell","Ball Lightning"],"picked":"White Noise","floor":28},{"not_picked":["Darkness+1","Scrape"],"picked":"Go for the Eyes","floor":29},{"not_picked":["Conserve Battery","Reinforced Body"],"picked":"Machine Learning","floor":31},{"not_picked":["Multi-Cast","Thunder Strike"],"picked":"Reboot","floor":33},{"not_picked":["Hologram","Heatsinks"],"picked":"Stack","floor":37},{"not_picked":["Flash of Steel","Deep Breath"],"picked":"Madness","floor":45},{"not_picked":["Rainbow","Compile Driver+1"],"picked":"Leap+1","floor":46}],"player_experience":791825,"relics_obtained":[{"floor":6,"key":"Oddly Smooth Stone"},{"floor":9,"key":"Omamori"},{"floor":12,"key":"Pear"},{"floor":24,"key":"Smiling Mask"},{"floor":26,"key":"Centennial Puzzle"},{"floor":30,"key":"Ancient Tea Set"},{"floor":38,"key":"Bronze Scales"},{"floor":41,"key":"Blood Vial"},{"floor":43,"key":"The Courier"},{"floor":46,"key":"Bird Faced Urn"},{"floor":47,"key":"Tiny Chest"}],"event_choices":[{"event_name":"The Woman in Blue","player_choice":"Bought 2 Potions","floor":3,"damage_taken":0},{"event_name":"Vampires","player_choice":"Became a vampire","floor":19,"damage_taken":0},{"event_name":"The Mausoleum","player_choice":"Yes","floor":20,"damage_taken":0},{"event_name":"N\u0027loth","player_choice":"Traded a Pear","floor":22,"damage_taken":0},{"event_name":"The Lab","player_choice":"Got Potions","floor":36,"damage_taken":0},{"event_name":"SensoryStone","player_choice":"Memory 1","floor":45,"damage_taken":0},{"event_name":"Mysterious Sphere","player_choice":"Fight","floor":46,"damage_taken":0},{"event_name":"Match and Keep!","player_choice":"1 cards matched","floor":48,"damage_taken":0}],"boss_relics":[{"not_picked":["Eternal Feather","Runic Pyramid"],"picked":"Sozu"},{"not_picked":["Black Star","Velvet Choker"],"picked":"Nuclear Battery"}],"items_purged_floors":[39],"is_endless":false,"potions_floor_spawned":[1,5,6,14,18,24,31,41],"ascension_level":1}