{"gold_per_floor":[116,15,29,29,29,29,46,46,71,88,119,119,136,166,166,264,314,327,341,341],"floor_reached":20,"playtime":1453,"items_purged":[],"score":184,"play_id":"ca8a70a6-2290-4e36-b873-1f8beb262a19","local_time":"20190529225502","is_ascension_mode":false,"campfire_choices":[{"data":"Ball Lightning","floor":6,"key":"SMITH"},{"data":"Undo","floor":12,"key":"SMITH"},{"floor":15,"key":"REST"}],"neow_cost":"NONE","seed_source_timestamp":9313513057633,"circlet_count":0,"master_deck":["Strike_B","Strike_B","Strike_B","Strike_B","Defend_B","Defend_B","Defend_B","Defend_B","Zap+1","Dualcast","Ball Lightning+1","White Noise","White Noise","BootSequence+1","Conserve Battery","Undo+1","Conserve Battery","Electrodynamics","Creative AI","Defragment","Capacitor"],"relics":["Runic Dome","Du-Vu Doll","Matryoshka","Tiny House"],"potions_floor_usage":[11,16,18,20,20],"damage_taken":[{"damage":1,"enemies":"Jaw Worm","floor":1,"turns":3},{"damage":7,"enemies":"2 Louse","floor":3,"turns":2},{"damage":0,"enemies":"Cultist","floor":7,"turns":3},{"damage":5,"enemies":"Looter","floor":10,"turns":3},{"damage":32,"enemies":"Gremlin Nob","floor":11,"turns":5},{"damage":2,"enemies":"Blue Slaver","floor":13,"turns":4},{"damage":13,"enemies":"3 Sentries","floor":14,"turns":9},{"damage":28,"enemies":"Hexaghost","floor":16,"turns":10},{"damage":26,"enemies":"2 Thieves","floor":18,"turns":4},{"damage":17,"enemies":"3 Byrds","floor":19,"turns":3},{"damage":22,"enemies":"Colosseum Slavers","floor":20,"turns":4},{"damage":34,"enemies":"Colosseum Nobs","floor":20,"turns":4}],"seed_played":"-1753848957527991114","potions_obtained":[{"floor":10,"key":"EssenceOfSteel"},{"floor":11,"key":"GamblersBrew"},{"floor":14,"key":"FairyPotion"},{"floor":17,"key":"EntropicBrew"}],"is_trial":false,"path_per_floor":["M","$","M","?","$","R","M","?","T","M","E","R","M","E","R","B",null,"M","M","?"],"character_chosen":"DEFECT","items_purchased":["White Noise","Go for the Eyes"],"campfire_rested":1,"item_purchase_floors":[2,2],"current_hp_per_floor":[74,74,67,67,67,67,67,72,72,67,35,35,33,20,42,14,80,54,37,0],"gold":341,"neow_bonus":"BOSS_RELIC","is_prod":false,"is_daily":false,"chose_seed":false,"campfire_upgraded":2,"win_rate":0,"timestamp":1559181302,"path_taken":["M","$","M","?","$","R","M","?","T","?","E","R","M","E","R","BOSS","M","M","?"],"build_version":"2019-01-23","purchased_purges":0,"victory":false,"max_hp_per_floor":[75,75,75,75,75,75,75,75,75,75,75,75,75,75,75,75,80,80,80,80],"card_choices":[{"not_picked":["Redo","Chaos"],"picked":"Ball Lightning","floor":1},{"not_picked":["Blizzard","Gash"],"picked":"White Noise","floor":3},{"not_picked":["Gash","Compile Driver"],"picked":"BootSequence","floor":7},{"not_picked":["Coolheaded","Rebound"],"picked":"Conserve Battery","floor":10},{"not_picked":["Steam","Darkness"],"picked":"Undo","floor":11},{"not_picked":["Auto Shields","Steam"],"picked":"Conserve Battery","floor":13},{"not_picked":["Rip and Tear","Compile Driver"],"picked":"Electrodynamics","floor":14},{"not_picked":["Seek","Hyperbeam"],"picked":"Creative AI","floor":16},{"not_picked":["Sweeping Beam","Beam Cell"],"picked":"Defragment","floor":17},{"not_picked":["Compile Driver","Hologram","Cold Snap"],"picked":"SKIP","floor":18},{"not_picked":["Beam Cell","Tempest"],"picked":"Capacitor","floor":19}],"player_experience":172913,"relics_obtained":[{"floor":11,"key":"Du-Vu Doll"},{"floor":14,"key":"Matryoshka"}],"event_choices":[{"damage_healed":0,"gold_gain":0,"player_choice":"Grow","damage_taken":0,"max_hp_gain":0,"max_hp_loss":0,"event_name":"Living Wall","floor":4,"gold_loss":0,"cards_upgraded":["Zap"]},{"cards_removed":["Go for the Eyes"],"damage_healed":5,"gold_gain":0,"player_choice":"Offered Common","damage_taken":0,"max_hp_gain":0,"max_hp_loss":0,"event_name":"Bonfire Elementals","floor":8,"gold_loss":0},{"cards_removed":["Go for the Eyes"],"damage_healed":5,"gold_gain":0,"player_choice":"Offered Special","damage_taken":0,"max_hp_gain":0,"max_hp_loss":0,"event_name":"Bonfire Elementals","floor":8,"gold_loss":0},{"damage_healed":0,"gold_gain":0,"player_choice":"Fight","damage_taken":0,"max_hp_gain":0,"max_hp_loss":0,"event_name":"Colosseum","floor":20,"gold_loss":0},{"damage_healed":0,"gold_gain":0,"player_choice":"Fought Nobs","damage_taken":0,"max_hp_gain":0,"max_hp_loss":0,"event_name":"Colosseum","floor":20,"gold_loss":0}],"is_beta":false,"boss_relics":[{"not_picked":["Empty Cage","Coffee Dripper"],"picked":"Tiny House"}],"items_purged_floors":[],"is_endless":false,"potions_floor_spawned":[10,11,14,18],"killed_by":"Colosseum Nobs","ascension_level":0}