{"gold_per_floor":[113,38,38,50,68,68,85,116,139,139,139,170,170,204,204,300,300,318,337,337,337,347,347,363,363,363,396,396,427,427,460,460,538,538,549,564,564,581,591,591,591,78,78,90,137,137,137,163,163,163,163],"floor_reached":52,"playtime":2619,"items_purged":["Perfected Strike"],"score":1912,"play_id":"fe6cb709-0b68-4367-9841-4a3e6b67171d","local_time":"20190514232124","is_ascension_mode":true,"campfire_choices":[{"data":"Bash","floor":6,"key":"SMITH"},{"floor":11,"key":"REST"},{"floor":13,"key":"REST"},{"data":"Searing Blow","floor":15,"key":"SMITH"},{"data":"Searing Blow+1","floor":23,"key":"SMITH"},{"data":"Searing Blow+2","floor":25,"key":"SMITH"},{"data":"Searing Blow+3","floor":30,"key":"SMITH"},{"data":"Searing Blow+4","floor":32,"key":"SMITH"},{"data":"Searing Blow+5","floor":40,"key":"SMITH"},{"data":"Searing Blow+6","floor":46,"key":"SMITH"},{"data":"Searing Blow+7","floor":49,"key":"SMITH"}],"neow_cost":"NONE","seed_source_timestamp":2300370719733588,"circlet_count":0,"master_deck":["AscendersBane","Bash+1","Metallicize","Reaper","Body Slam","Searing Blow+8","Bludgeon","Disarm","Reaper","Blood for Blood","Impervious","Intimidate","Uppercut","Ghostly Armor+1","Pommel Strike+1","Demon Form","Apotheosis","Shrug It Off"],"relics":["Snecko Eye","Regal Pillow","Omamori","Bloody Idol","Happy Flower","Pantograph","Pandora\u0027s Box","Magic Flower","Blood Vial","Anchor","Question Card","Potion Belt","Busted Crown","Bronze Scales","Juzu Bracelet","Meat on the Bone","Girya","Boot"],"potions_floor_usage":[14,16,27,31,50,50,50,50],"damage_taken":[{"damage":7,"enemies":"Jaw Worm","floor":1,"turns":3},{"damage":10,"enemies":"Small Slimes","floor":4,"turns":4},{"damage":0,"enemies":"2 Louse","floor":5,"turns":4},{"damage":6,"enemies":"Exordium Wildlife","floor":7,"turns":3},{"damage":33,"enemies":"Lagavulin","floor":8,"turns":8},{"damage":25,"enemies":"Gremlin Nob","floor":12,"turns":4},{"damage":23,"enemies":"3 Sentries","floor":14,"turns":10},{"damage":17,"enemies":"The Guardian","floor":16,"turns":12},{"damage":0,"enemies":"Chosen","floor":18,"turns":3},{"damage":8,"enemies":"Spheric Guardian","floor":19,"turns":3},{"damage":0,"enemies":"Snake Plant","floor":22,"turns":2},{"damage":9,"enemies":"3 Cultists","floor":24,"turns":4},{"damage":68,"enemies":"Book of Stabbing","floor":27,"turns":6},{"damage":8,"enemies":"Slavers","floor":29,"turns":3},{"damage":29,"enemies":"Gremlin Leader","floor":31,"turns":7},{"damage":10,"enemies":"Automaton","floor":33,"turns":5},{"damage":0,"enemies":"3 Shapes","floor":35,"turns":3},{"damage":8,"enemies":"3 Darklings","floor":36,"turns":4},{"damage":30,"enemies":"Writhing Mass","floor":38,"turns":4},{"damage":38,"enemies":"Jaw Worm Horde","floor":39,"turns":4},{"damage":18,"enemies":"Maw","floor":44,"turns":5},{"damage":9,"enemies":"2 Orb Walkers","floor":45,"turns":3},{"damage":1,"enemies":"Reptomancer","floor":48,"turns":4},{"damage":30,"enemies":"Time Eater","floor":50,"turns":6},{"damage":71,"enemies":"Awakened One","floor":51,"turns":8}],"seed_played":"-6402840204333200112","potions_obtained":[{"floor":4,"key":"LiquidBronze"},{"floor":5,"key":"Dexterity Potion"},{"floor":12,"key":"AttackPotion"},{"floor":16,"key":"Strength Potion"},{"floor":19,"key":"SpeedPotion"},{"floor":29,"key":"SteroidPotion"},{"floor":33,"key":"Regen Potion"},{"floor":36,"key":"AttackPotion"},{"floor":39,"key":"LiquidBronze"},{"floor":44,"key":"Strength Potion"}],"is_trial":false,"path_per_floor":["M","?","?","M","M","R","M","E","T","?","R","E","R","E","R","B",null,"M","M","?","?","M","R","M","R","T","E","?","E","R","E","R","B",null,"M","M","?","M","M","R","?","$","T","M","?","R","?","E","R","B","B",null],"character_chosen":"IRONCLAD","items_purchased":["Shrug It Off","Ancient Potion","Bronze Scales","Juzu Bracelet"],"campfire_rested":2,"item_purchase_floors":[42,42,42,42],"current_hp_per_floor":[61,61,61,51,51,51,55,28,28,2,39,20,57,48,48,62,72,75,71,71,71,75,75,71,71,71,26,26,59,59,59,59,73,75,75,72,75,50,64,64,64,64,64,72,75,75,75,75,75,73,45],"gold":163,"neow_bonus":"BOSS_RELIC","is_prod":false,"is_daily":false,"chose_seed":false,"campfire_upgraded":9,"win_rate":0,"timestamp":1557868884,"path_taken":["M","?","?","M","M","R","M","E","T","?","R","E","R","E","R","BOSS","M","M","?","?","M","R","M","R","T","E","?","E","R","E","R","BOSS","M","M","?","?","M","R","?","$","T","M","?","R","?","E","R","BOSS","BOSS"],"build_version":"2019-01-23","purchased_purges":1,"victory":true,"max_hp_per_floor":[75,75,75,75,75,75,75,75,75,75,75,75,75,75,75,75,75,75,75,75,75,75,75,75,75,75,75,75,75,75,75,75,75,75,75,75,75,75,75,75,75,75,75,75,75,75,75,75,75,75,75],"card_choices":[{"not_picked":["Dual Wield","Intimidate"],"picked":"Metallicize","floor":4},{"not_picked":["Sword Boomerang","Searing Blow"],"picked":"Reaper","floor":5},{"not_picked":["Brutality","Sentinel"],"picked":"Body Slam","floor":12},{"not_picked":["Havoc","Bloodletting"],"picked":"Searing Blow","floor":14},{"not_picked":["Dark Embrace","Brutality"],"picked":"Bludgeon","floor":16},{"not_picked":["Anger","Twin Strike+1"],"picked":"Uppercut","floor":18},{"not_picked":["Disarm","Bloodletting"],"picked":"Ghostly Armor+1","floor":29},{"not_picked":["Clash","Wild Strike","Inflame"],"picked":"Pommel Strike+1","floor":31},{"not_picked":["Fiend Fire","Juggernaut","Feed"],"picked":"Demon Form","floor":33},{"not_picked":["Panacea"],"picked":"Apotheosis","floor":41}],"player_experience":1338529,"relics_obtained":[{"floor":8,"key":"Regal Pillow"},{"floor":9,"key":"Omamori"},{"floor":12,"key":"Happy Flower"},{"floor":14,"key":"Pantograph"},{"floor":26,"key":"Blood Vial"},{"floor":27,"key":"Anchor"},{"floor":29,"key":"Question Card"},{"floor":31,"key":"Potion Belt"},{"floor":43,"key":"Meat on the Bone"},{"floor":45,"key":"Girya"},{"floor":48,"key":"Boot"}],"event_choices":[{"cards_removed":["Strike_R"],"damage_healed":0,"gold_gain":0,"player_choice":"Card Removal","damage_taken":0,"max_hp_gain":0,"max_hp_loss":0,"event_name":"The Cleric","floor":2,"gold_loss":75},{"damage_healed":0,"gold_gain":0,"player_choice":"Ignored","damage_taken":0,"max_hp_gain":0,"max_hp_loss":0,"event_name":"Liars Game","floor":3,"gold_loss":0},{"damage_healed":0,"gold_gain":0,"player_choice":"Take Damage","damage_taken":26,"relics_obtained":["Golden Idol"],"max_hp_gain":0,"max_hp_loss":0,"event_name":"Golden Idol","floor":10,"gold_loss":0},{"damage_healed":0,"gold_gain":0,"player_choice":"Opened","damage_taken":0,"relics_obtained":["Magic Flower"],"max_hp_gain":0,"max_hp_loss":0,"event_name":"The Mausoleum","floor":20,"gold_loss":0,"cards_obtained":["Writhe"]},{"damage_healed":0,"gold_gain":0,"player_choice":"Gave Idol","damage_taken":0,"relics_obtained":["Bloody Idol"],"max_hp_gain":0,"max_hp_loss":0,"event_name":"Forgotten Altar","floor":21,"relics_lost":["Golden Idol"],"gold_loss":0},{"cards_removed":["Wild Strike"],"damage_healed":0,"gold_gain":0,"player_choice":"Purged","damage_taken":0,"max_hp_gain":0,"max_hp_loss":0,"event_name":"Purifier","floor":28,"gold_loss":0},{"damage_healed":3,"gold_gain":0,"player_choice":"Full Heal","damage_taken":0,"max_hp_gain":0,"max_hp_loss":0,"event_name":"Wheel of Change","floor":37,"gold_loss":0},{"damage_healed":0,"gold_gain":0,"player_choice":"Memory 1","damage_taken":0,"max_hp_gain":0,"max_hp_loss":0,"event_name":"SensoryStone","floor":41,"gold_loss":0},{"damage_healed":0,"gold_gain":0,"player_choice":"Fight","damage_taken":0,"max_hp_gain":0,"max_hp_loss":0,"event_name":"Mysterious Sphere","floor":45,"gold_loss":0},{"cards_removed":["Rupture"],"damage_healed":0,"gold_gain":0,"player_choice":"Removed Power","damage_taken":0,"max_hp_gain":0,"max_hp_loss":0,"event_name":"Falling","floor":47,"gold_loss":0}],"is_beta":false,"boss_relics":[{"not_picked":["Philosopher\u0027s Stone","Tiny House"],"picked":"Pandora\u0027s Box"},{"not_picked":["Runic Pyramid","Runic Cube"],"picked":"Busted Crown"}],"items_purged_floors":[42],"is_endless":false,"potions_floor_spawned":[4,5,12,16,19,22,29,33,36,39,44],"ascension_level":20}