{"gold_per_floor":[17,17,92,106,129,129,164,164,238,308,308,37,37,76,76,76],"floor_reached":16,"playtime":629,"items_purged":["Injury"],"score":181,"play_id":"1624cb0b-bbe6-49f2-99cf-da4d6e81898e","local_time":"20180926143120","is_ascension_mode":true,"campfire_choices":[{"data":"Barrage","floor":6.0,"key":"SMITH"},{"floor":11,"key":"REST"},{"data":"Discovery","floor":13,"key":"SMITH"},{"floor":15,"key":"REST"}],"neow_cost":"NO_GOLD","seed_source_timestamp":1147398509371761,"circlet_count":0,"master_deck":["Strike_B","Strike_B","Strike_B","Strike_B","Defend_B","Defend_B","Defend_B","Defend_B","Zap","Dualcast","AscendersBane","Turbo","Barrage+1","Leap","FTL","Cold Snap","Self Repair","Discovery+1","Seek"],"special_seed":0,"relics":["Cracked Core","Peace Pipe","Golden Idol","Cables","SsserpentHead","Gremlin Horn","Dodecahedron"],"potions_floor_usage":[7,7],"damage_taken":[{"damage":7.0,"enemies":"Jaw Worm","floor":1.0,"turns":4.0},{"damage":10.0,"enemies":"Small Slimes","floor":4.0,"turns":4.0},{"damage":5.0,"enemies":"2 Louse","floor":5.0,"turns":3.0},{"damage":11,"enemies":"Gremlin Nob","floor":7,"turns":4},{"damage":9,"enemies":"2 Fungi Beasts","floor":10,"turns":3},{"damage":28,"enemies":"Gremlin Nob","floor":14,"turns":4},{"damage":35,"enemies":"The Guardian","floor":16,"turns":6}],"seed_played":"-1100722452297342312","potions_obtained":[{"floor":4.0,"key":"Block Potion"},{"floor":5.0,"key":"AttackPotion"}],"is_trial":false,"path_per_floor":["M","?","?","M","M","R","?","?","T","M","R","$","R","E","R"],"character_chosen":"DEFECT","items_purchased":["Self Repair","Discovery"],"campfire_rested":2,"item_purchase_floors":[12,12],"current_hp_per_floor":[57,57,46,36,31,31,20,20,20,11,32,32,32,11,32,0],"gold":76,"neow_bonus":"ONE_RARE_RELIC","is_prod":false,"is_daily":false,"chose_seed":false,"campfire_upgraded":2,"win_rate":0,"timestamp":1537965080,"path_taken":["M","?","?","M","?","R","?","?","T","?","R","$","R","E","R","BOSS"],"build_version":"2018-09-20","purchased_purges":1,"victory":false,"max_hp_per_floor":[71,71,71,71,71,71,71,71,71,71,71,71,71,71,71,71],"card_choices":[{"not_picked":["Hello World","Reprogram"],"picked":"Turbo","floor":1.0},{"not_picked":["Turbo","Steam"],"picked":"Barrage","floor":4.0},{"not_picked":["Redo","Static Discharge"],"picked":"Leap","floor":5.0},{"not_picked":["Leap","Aggregate"],"picked":"FTL","floor":7},{"not_picked":["Beam Cell","Compile Driver"],"picked":"Cold Snap","floor":10},{"not_picked":["Auto Shields","Lockon"],"picked":"Seek","floor":14}],"player_experience":1084672,"relics_obtained":[{"floor":7,"key":"Cables"},{"floor":9,"key":"Gremlin Horn"},{"floor":14,"key":"Dodecahedron"}],"event_choices":[{"event_name":"Golden Idol","player_choice":"Take Wound","floor":2.0,"damage_taken":0.0},{"event_name":"World of Goop","player_choice":"Gather Gold","floor":3.0,"damage_taken":0.0},{"event_name":"Dead Adventurer","player_choice":"Searched \u00272\u0027 times","floor":7,"damage_taken":0},{"event_name":"FaceTrader","player_choice":"Trade","floor":8,"damage_taken":0}],"is_beta":false,"boss_relics":[],"items_purged_floors":[12],"is_endless":false,"potions_floor_spawned":[4,5],"killed_by":"The Guardian","ascension_level":17}