{"gold_per_floor":[13,13,13,59,72,72,98,139,139,139,182,197,197,48,48,169,169,169,169,169,169,169,169,169,169,169,169,169,169,169,169,169,169,169,169,169,169,169,69,69,69,69,69,69,69,69,69,69,69,69],"floor_reached":50,"playtime":1530,"items_purged":["Strike_R","Strike_R+1"],"score":708,"play_id":"1f6cd93b-0f27-47ab-946a-572419a7452e","local_time":"20190404171541","is_ascension_mode":true,"campfire_choices":[{"data":"Searing Blow","floor":6.0,"key":"SMITH"},{"floor":10.0,"key":"REST"},{"data":"Searing Blow+1","floor":13.0,"key":"SMITH"},{"data":"Searing Blow+2","floor":15.0,"key":"SMITH"},{"data":"Berserk","floor":23.0,"key":"SMITH"},{"floor":25.0,"key":"REST"},{"floor":32.0,"key":"REST"},{"floor":40,"key":"REST"},{"data":"Searing Blow+3","floor":42,"key":"SMITH"},{"data":"Evolve","floor":47,"key":"SMITH"},{"floor":49,"key":"REST"}],"neow_cost":"NO_GOLD","seed_source_timestamp":186711910858383,"circlet_count":0,"master_deck":["Defend_R+1","Defend_R+1","Defend_R+1","Defend_R+1","Bash","Berserk+1","Searing Blow+4","Evolve+1","Battle Trance","Double Tap+1","Flame Barrier+1","Flash of Steel+1","Flame Barrier+1"],"special_seed":0,"relics":["Burning Blood","Golden Idol","Bronze Scales","Odd Mushroom","Regal Pillow","Molten Egg 2","Potion Belt","Ectoplasm","Magic Flower","War Paint","Juzu Bracelet","Mark of Pain","PreservedInsect"],"potions_floor_usage":[45],"damage_taken":[{"damage":7.0,"enemies":"Jaw Worm","floor":1.0,"turns":3.0},{"damage":4.0,"enemies":"Small Slimes","floor":5.0,"turns":4.0},{"damage":26.0,"enemies":"The Mushroom Lair","floor":7.0,"turns":5.0},{"damage":28.0,"enemies":"3 Sentries","floor":8.0,"turns":8.0},{"damage":32.0,"enemies":"Gremlin Nob","floor":11.0,"turns":4.0},{"damage":1.0,"enemies":"Cultist","floor":12.0,"turns":4.0},{"damage":21.0,"enemies":"Hexaghost","floor":16.0,"turns":7.0},{"damage":12.0,"enemies":"Chosen","floor":18.0,"turns":3.0},{"damage":0.0,"enemies":"Spheric Guardian","floor":20.0,"turns":3.0},{"damage":22.0,"enemies":"Snecko","floor":21.0,"turns":4.0},{"damage":61.0,"enemies":"Slavers","floor":24.0,"turns":6.0},{"damage":7.0,"enemies":"Chosen and Byrds","floor":27.0,"turns":3.0},{"damage":37.0,"enemies":"Book of Stabbing","floor":29.0,"turns":5.0},{"damage":8.0,"enemies":"Snake Plant","floor":31.0,"turns":4.0},{"damage":50.0,"enemies":"Collector","floor":33.0,"turns":9.0},{"damage":38.0,"enemies":"3 Darklings","floor":35.0,"turns":7.0},{"damage":19,"enemies":"Orb Walker","floor":38,"turns":3},{"damage":4,"enemies":"Writhing Mass","floor":41,"turns":5},{"damage":0,"enemies":"Sphere and 2 Shapes","floor":44,"turns":5},{"damage":24,"enemies":"Maw","floor":45,"turns":7},{"damage":26,"enemies":"Jaw Worm Horde","floor":48,"turns":6},{"damage":78,"enemies":"Donu and Deca","floor":50,"turns":9}],"seed_played":"-6627530159602132757","potions_obtained":[{"floor":7.0,"key":"Dexterity Potion"},{"floor":8.0,"key":"GamblersBrew"},{"floor":11.0,"key":"Swift Potion"},{"floor":12.0,"key":"Strength Potion"},{"floor":16.0,"key":"SteroidPotion"},{"floor":18.0,"key":"Regen Potion"},{"floor":20.0,"key":"Swift Potion"},{"floor":24.0,"key":"AttackPotion"},{"floor":29.0,"key":"SteroidPotion"},{"floor":33.0,"key":"PowerPotion"},{"floor":38,"key":"FearPotion"},{"floor":44,"key":"Weak Potion"}],"is_trial":false,"path_per_floor":["M","?","?","T","M","R","?","E","T","R","E","M","R","$","R","B",null,"M","?","M","M","?","R","E","R","T","M","?","E","?","M","R","B",null,"M","?","?","M","$","R","M","R","T","M","M","?","R","M","R","B"],"character_chosen":"IRONCLAD","items_purchased":["Double Tap"],"campfire_rested":5,"item_purchase_floors":[14],"current_hp_per_floor":[71,64,64,64,66,66,46,24,24,61,35,40,40,40,40,25,62,56,56,71,55,74,74,19,56,56,58,58,30,30,31,68,27,62,33,33,33,23,23,60,65,65,65,74,59,59,59,42,74,0],"gold":69,"neow_bonus":"THREE_RARE_CARDS","is_prod":false,"is_daily":false,"chose_seed":false,"campfire_upgraded":6,"win_rate":0,"timestamp":1554390941,"path_taken":["M","?","?","?","?","R","?","E","T","R","E","M","R","$","R","BOSS","M","?","M","M","?","R","E","R","T","M","?","E","?","M","R","BOSS","M","?","?","M","?","R","M","R","T","M","M","?","R","M","R","BOSS"],"build_version":"2019-01-23","purchased_purges":2,"victory":false,"max_hp_per_floor":[80,80,74,74,74,74,74,74,74,74,74,74,74,74,74,74,74,74,74,74,74,74,74,74,74,74,74,74,74,74,74,74,74,74,74,74,74,74,74,74,74,74,74,74,74,74,74,74,74,74],"card_choices":[{"not_picked":["Offering","Fiend Fire"],"picked":"Berserk","floor":0.0},{"not_picked":["Sword Boomerang","Pommel Strike"],"picked":"Searing Blow","floor":1.0},{"not_picked":["Battle Trance","Flex"],"picked":"Evolve","floor":5.0},{"not_picked":["Perfected Strike","Reckless Charge"],"picked":"Battle Trance","floor":8.0},{"not_picked":["Twin Strike+1","Evolve","Uppercut+1"],"picked":"SKIP","floor":11.0},{"not_picked":["Uppercut+1","Rupture","Twin Strike+1"],"picked":"SKIP","floor":12.0},{"not_picked":["Bloodletting","Uppercut+1","Battle Trance"],"picked":"SKIP","floor":18.0},{"not_picked":["Cleave+1","Rampage+1","Flex+1"],"picked":"SKIP","floor":20.0},{"not_picked":["Perfected Strike+1","Inflame+1","Wild Strike+1"],"picked":"SKIP","floor":21.0},{"not_picked":["Twin Strike+1","Exhume","Iron Wave+1"],"picked":"SKIP","floor":24.0},{"not_picked":["Pommel Strike+1","Wild Strike+1","Sword Boomerang+1"],"picked":"SKIP","floor":27.0},{"not_picked":["Seeing Red","Burning Pact+1","Anger+1"],"picked":"SKIP","floor":29.0},{"not_picked":["Cleave+1","Twin Strike+1","Brutality"],"picked":"SKIP","floor":31.0},{"not_picked":["Heavy Blade+1","Headbutt+1"],"picked":"Flame Barrier+1","floor":35.0},{"not_picked":["Blind","Thinking Ahead"],"picked":"Flash of Steel+1","floor":37},{"not_picked":["True Grit","Havoc+1","Armaments+1"],"picked":"SKIP","floor":38},{"not_picked":["Metallicize","Flex"],"picked":"Flame Barrier+1","floor":41},{"not_picked":["Perfected Strike+1","Anger+1","Burning Pact"],"picked":"SKIP","floor":44},{"not_picked":["Perfected Strike+1","Sword Boomerang+1","Clothesline+1"],"picked":"SKIP","floor":45},{"not_picked":["Thunderclap+1","Twin Strike+1","Whirlwind+1"],"picked":"SKIP","floor":48}],"player_experience":141870,"relics_obtained":[{"floor":4.0,"key":"Bronze Scales"},{"floor":7.0,"key":"Odd Mushroom"},{"floor":8.0,"key":"Regal Pillow"},{"floor":9.0,"key":"Molten Egg 2"},{"floor":11.0,"key":"Potion Belt"},{"floor":24.0,"key":"Magic Flower"},{"floor":26.0,"key":"War Paint"},{"floor":29.0,"key":"Juzu Bracelet"},{"floor":43,"key":"PreservedInsect"}],"event_choices":[{"cards_removed":["Strike_R"],"damage_healed":0.0,"max_hp_gain":0.0,"max_hp_loss":0.0,"gold_gain":0.0,"event_name":"Golden Wing","player_choice":"Card Removal","floor":2.0,"gold_loss":0.0,"damage_taken":7.0},{"damage_healed":0.0,"max_hp_gain":0.0,"max_hp_loss":6.0,"gold_gain":0.0,"event_name":"Golden Idol","player_choice":"Lose Max HP","floor":3.0,"gold_loss":0.0,"damage_taken":0.0,"relics_obtained":["Golden Idol"]},{"damage_healed":0.0,"max_hp_gain":0.0,"max_hp_loss":0.0,"gold_gain":0.0,"event_name":"Mushrooms","player_choice":"Fought Mushrooms","floor":7.0,"gold_loss":0.0,"damage_taken":0.0},{"damage_healed":0.0,"max_hp_gain":0.0,"max_hp_loss":0.0,"gold_gain":99.0,"event_name":"Nest","player_choice":"Stole From Cult","floor":19.0,"gold_loss":0.0,"damage_taken":0.0},{"damage_healed":24.0,"max_hp_gain":0.0,"max_hp_loss":0.0,"gold_gain":0.0,"event_name":"The Library","player_choice":"Heal","floor":22.0,"gold_loss":0.0,"damage_taken":0.0},{"cards_removed":["Strike_R"],"damage_healed":0.0,"max_hp_gain":0.0,"max_hp_loss":0.0,"gold_gain":0.0,"event_name":"Purifier","player_choice":"Purged","floor":28.0,"gold_loss":0.0,"damage_taken":0.0},{"damage_healed":0.0,"max_hp_gain":0.0,"max_hp_loss":0.0,"gold_gain":0.0,"event_name":"Back to Basics","player_choice":"Simplicity","floor":30.0,"gold_loss":0.0,"damage_taken":0.0,"cards_upgraded":["Strike_R","Strike_R","Defend_R","Defend_R","Defend_R"]},{"damage_healed":0,"gold_gain":0,"player_choice":"Ignored","damage_taken":0,"max_hp_gain":0,"max_hp_loss":0,"event_name":"Mysterious Sphere","floor":36,"gold_loss":0},{"damage_healed":0,"gold_gain":0,"player_choice":"Memory 1","damage_taken":0,"max_hp_gain":0,"max_hp_loss":0,"event_name":"SensoryStone","floor":37,"gold_loss":0},{"cards_removed":["Strike_R"],"damage_healed":0,"gold_gain":0,"player_choice":"Removed Attack","damage_taken":0,"max_hp_gain":0,"max_hp_loss":0,"event_name":"Falling","floor":46,"gold_loss":0}],"is_beta":false,"boss_relics":[{"not_picked":["White Beast Statue","Fusion Hammer"],"picked":"Ectoplasm"},{"not_picked":["Sozu","Orrery"],"picked":"Mark of Pain"}],"items_purged_floors":[14,39],"is_endless":false,"potions_floor_spawned":[7,8,11,12,16,18,20,24,29,33,38,44],"killed_by":"Donu and Deca","ascension_level":9}