{"gold_per_floor":[360,370,380,56,56,89,109,109,109,109,129,129,49,49,49,120,120,133,133],"floor_reached":19,"playtime":683,"items_purged":["Strike_R"],"score":317,"play_id":"34af437c-97d1-4403-8469-ca63aef15530","local_time":"20190527023150","is_ascension_mode":true,"campfire_choices":[{"floor":8,"key":"REST"},{"data":"Armaments","floor":12,"key":"SMITH"},{"floor":15,"key":"REST"}],"neow_cost":"TEN_PERCENT_HP_LOSS","seed_source_timestamp":681591407723779,"circlet_count":0,"master_deck":["AscendersBane","Strike_R","Strike_R","Strike_R","Strike_R","Defend_R","Defend_R","Defend_R","Defend_R","Bash","Spot Weakness","Evolve","Clothesline","Mayhem","True Grit","Carnage","Reaper","Spot Weakness","Headbutt","Armaments+1","Uppercut+1","Feed","Corruption"],"relics":["Burning Blood","Paper Frog","Bottled Lightning","Philosopher\u0027s Stone"],"potions_floor_usage":[6,11],"damage_taken":[{"damage":1,"enemies":"2 Louse","floor":1,"turns":2},{"damage":6,"enemies":"Cultist","floor":2,"turns":3},{"damage":12,"enemies":"Small Slimes","floor":3,"turns":3},{"damage":25,"enemies":"Lagavulin","floor":6,"turns":6},{"damage":34,"enemies":"Exordium Wildlife","floor":7,"turns":5},{"damage":29,"enemies":"Large Slime","floor":11,"turns":7},{"damage":30,"enemies":"Hexaghost","floor":16,"turns":8},{"damage":30,"enemies":"Shell Parasite","floor":18,"turns":4},{"damage":52,"enemies":"Masked Bandits","floor":19,"turns":3}],"seed_played":"-816652765198384772","potions_obtained":[{"floor":1,"key":"Poison Potion"},{"floor":2,"key":"SpeedPotion"},{"floor":6,"key":"Ancient Potion"},{"floor":16,"key":"Dexterity Potion"}],"is_trial":false,"path_per_floor":["?","M","?","?","?"],"character_chosen":"IRONCLAD","items_purchased":["Mayhem","True Grit","Uppercut"],"campfire_rested":2,"item_purchase_floors":[4,4,13],"current_hp_per_floor":[68,68,62,62,62,47,19,39,39,39,23,23,23,23,43,23,57,33,0],"gold":133,"neow_bonus":"TWO_FIFTY_GOLD","is_prod":false,"is_daily":false,"chose_seed":false,"campfire_upgraded":1,"win_rate":0,"timestamp":1558938710,"path_taken":["M","M","M","$","?","E","?","R","T","?","M","R","$","?","R","BOSS","M","?"],"build_version":"2019-01-23","purchased_purges":1,"victory":false,"max_hp_per_floor":[68,68,68,68,68,68,68,68,68,68,68,68,68,68,68,68,68,68,71],"card_choices":[{"not_picked":["Wild Strike","Ghostly Armor"],"picked":"Spot Weakness","floor":1},{"not_picked":["Pummel","Anger"],"picked":"Evolve","floor":2},{"not_picked":["Dual Wield","Rage"],"picked":"Clothesline","floor":3},{"not_picked":["Dual Wield","Corruption"],"picked":"Spot Weakness","floor":6},{"not_picked":["Wild Strike","Flex"],"picked":"Headbutt","floor":7},{"not_picked":["Clothesline","Corruption"],"picked":"Armaments","floor":11},{"not_picked":["Brutality","Juggernaut"],"picked":"Feed","floor":16},{"not_picked":["Rampage","Pommel Strike"],"picked":"Corruption","floor":18}],"player_experience":718026,"relics_obtained":[{"floor":6,"key":"Paper Frog"},{"floor":9,"key":"Bottled Lightning"}],"event_choices":[{"damage_healed":0,"gold_gain":0,"player_choice":"2 cards matched","damage_taken":0,"max_hp_gain":0,"max_hp_loss":0,"event_name":"Match and Keep!","floor":5,"gold_loss":0,"cards_obtained":["Carnage","Reaper"]},{"damage_healed":0,"gold_gain":0,"player_choice":"Ignored","damage_taken":0,"max_hp_gain":0,"max_hp_loss":0,"event_name":"Shining Light","floor":10,"gold_loss":0},{"damage_healed":0,"gold_gain":0,"player_choice":"Grow","damage_taken":0,"max_hp_gain":0,"max_hp_loss":0,"event_name":"Living Wall","floor":14,"gold_loss":0,"cards_upgraded":["Uppercut"]},{"damage_healed":0,"gold_gain":0,"player_choice":"Fought Bandits","damage_taken":0,"max_hp_gain":0,"max_hp_loss":0,"event_name":"Masked Bandits","floor":19,"gold_loss":0}],"is_beta":false,"boss_relics":[{"not_picked":["Runic Cube","Busted Crown"],"picked":"Philosopher\u0027s Stone"}],"items_purged_floors":[4],"is_endless":false,"potions_floor_spawned":[1,2,6,16],"killed_by":"Masked Bandits","ascension_level":18}