{"gold_per_floor":[114,114,114,125,10,10,45,45,120,151,51,51,51,78,78,174,174,191,290,19,19,19,48,48,62,62,62,81,81,81,98,98,98],"floor_reached":33,"playtime":696,"items_purged":["Strike_R","Strike_R","Defend_R"],"score":453,"play_id":"49c86ec9-0129-40f6-a703-108ab03d805a","local_time":"20190408202927","is_ascension_mode":true,"campfire_choices":[{"data":"Searing Blow","floor":6,"key":"SMITH"},{"data":"Searing Blow+1","floor":8,"key":"SMITH"},{"data":"Searing Blow+2","floor":12,"key":"SMITH"},{"floor":15,"key":"REST"},{"floor":24,"key":"REST"},{"data":"Searing Blow+3","floor":27,"key":"SMITH"},{"floor":32,"key":"REST"}],"neow_cost":"NONE","seed_source_timestamp":757198638324,"circlet_count":0,"master_deck":["AscendersBane","Strike_R","Strike_R","Strike_R","Defend_R","Defend_R","Defend_R+1","Bash","True Grit","Searing Blow+4","Bloodletting+1","Rupture","Twin Strike","Offering","Headbutt","Barricade+1","Writhe","Evolve+1"],"relics":["Black Blood","NeowsBlessing","Bag of Preparation","Self Forming Clay","Blue Candle","Blood Vial","Pocketwatch","Membership Card","Darkstone Periapt","Frozen Egg 2","Dodecahedron"],"potions_floor_usage":[14,25,28,33],"damage_taken":[{"damage":0,"enemies":"Small Slimes","floor":1,"turns":1},{"damage":0,"enemies":"Jaw Worm","floor":4,"turns":1},{"damage":0,"enemies":"Lagavulin","floor":7,"turns":1},{"damage":38,"enemies":"Gremlin Nob","floor":10,"turns":5},{"damage":14,"enemies":"3 Sentries","floor":14,"turns":9},{"damage":32,"enemies":"Slime Boss","floor":16,"turns":9},{"damage":18,"enemies":"3 Byrds","floor":18,"turns":5},{"damage":56,"enemies":"Book of Stabbing","floor":23,"turns":5},{"damage":9,"enemies":"Spheric Guardian","floor":25,"turns":1},{"damage":39,"enemies":"Cultist and Chosen","floor":28,"turns":5},{"damage":11,"enemies":"Snecko","floor":31,"turns":3},{"damage":65,"enemies":"Automaton","floor":33,"turns":6}],"seed_played":"-7611691548723986145","potions_obtained":[{"floor":4,"key":"Block Potion"},{"floor":14,"key":"Swift Potion"},{"floor":25,"key":"Regen Potion"},{"floor":28,"key":"Energy Potion"}],"is_trial":false,"path_per_floor":["M","?","?","M","$","R","E","R","T","E","$","R","?","E","R","B",null,"M","?","$","?","?","E","R","M","T","R","M","?","?","M","R","B"],"character_chosen":"IRONCLAD","items_purchased":["Searing Blow","Membership Card"],"campfire_rested":3,"item_purchase_floors":[5,20],"current_hp_per_floor":[78,78,71,77,77,77,80,80,80,48,48,48,32,26,50,26,67,61,61,61,61,61,17,41,44,44,44,31,31,37,38,63,0],"gold":98,"neow_bonus":"THREE_ENEMY_KILL","is_prod":false,"is_daily":false,"chose_seed":false,"campfire_upgraded":4,"win_rate":0,"timestamp":1554748167,"path_taken":["M","?","?","M","$","R","E","R","T","E","$","R","?","E","R","BOSS","M","?","$","?","?","E","R","M","T","R","M","?","?","M","R","BOSS"],"build_version":"2019-01-23","purchased_purges":3,"victory":false,"max_hp_per_floor":[80,80,80,80,80,80,80,80,80,80,80,80,80,80,80,80,80,80,80,80,80,80,80,80,80,80,80,80,80,86,86,86,86],"card_choices":[{"not_picked":["Havoc","Rage"],"picked":"True Grit","floor":1},{"not_picked":["Perfected Strike","Seeing Red","Fire Breathing"],"picked":"SKIP","floor":4},{"not_picked":["Sword Boomerang","Heavy Blade"],"picked":"Bloodletting","floor":7},{"not_picked":["Wild Strike","Clash"],"picked":"Rupture","floor":10},{"not_picked":["Corruption","Entrench"],"picked":"Twin Strike","floor":14},{"not_picked":["Exhume","Bludgeon"],"picked":"Offering","floor":16},{"not_picked":["Thunderclap","Clash+1","Seeing Red+1"],"picked":"SKIP","floor":18},{"not_picked":["Sentinel","Thunderclap+1","Perfected Strike+1"],"picked":"SKIP","floor":23},{"not_picked":["Headbutt","Anger","Blood for Blood"],"picked":"SKIP","floor":25},{"not_picked":["Headbutt+1","Pommel Strike+1"],"picked":"Barricade+1","floor":28},{"not_picked":["Wild Strike","Clothesline"],"picked":"Evolve+1","floor":31}],"player_experience":158876,"relics_obtained":[{"floor":7,"key":"Self Forming Clay"},{"floor":9,"key":"Blue Candle"},{"floor":10,"key":"Blood Vial"},{"floor":14,"key":"Pocketwatch"},{"floor":23,"key":"Darkstone Periapt"},{"floor":26,"key":"Frozen Egg 2"}],"event_choices":[{"damage_healed":0,"gold_gain":0,"player_choice":"Box","damage_taken":0,"relics_obtained":["Bag of Preparation"],"max_hp_gain":0,"max_hp_loss":0,"event_name":"Big Fish","floor":2,"gold_loss":0,"cards_obtained":["Regret"]},{"cards_removed":["Regret"],"damage_healed":0,"gold_gain":0,"player_choice":"Card Removal","damage_taken":7,"max_hp_gain":0,"max_hp_loss":0,"event_name":"Golden Wing","floor":3,"gold_loss":0},{"damage_healed":0,"gold_gain":0,"player_choice":"Entered Light","damage_taken":16,"max_hp_gain":0,"max_hp_loss":0,"event_name":"Shining Light","floor":13,"gold_loss":0,"cards_upgraded":["Bloodletting","Defend_R"]},{"damage_healed":0,"gold_gain":99,"player_choice":"Stole From Cult","damage_taken":0,"max_hp_gain":0,"max_hp_loss":0,"event_name":"Nest","floor":19,"gold_loss":0},{"damage_healed":0,"gold_gain":0,"player_choice":"Read","damage_taken":0,"max_hp_gain":0,"max_hp_loss":0,"event_name":"The Library","floor":21,"gold_loss":0,"cards_obtained":["Headbutt"]},{"damage_healed":0,"gold_gain":0,"player_choice":"Ignored","damage_taken":0,"max_hp_gain":0,"max_hp_loss":0,"event_name":"Beggar","floor":22,"gold_loss":0},{"damage_healed":0,"gold_gain":0,"player_choice":"Ignored","damage_taken":0,"max_hp_gain":0,"max_hp_loss":0,"event_name":"Ghosts","floor":29,"gold_loss":0},{"damage_healed":0,"gold_gain":0,"player_choice":"Opened","damage_taken":0,"relics_obtained":["Dodecahedron"],"max_hp_gain":0,"max_hp_loss":0,"event_name":"The Mausoleum","floor":30,"gold_loss":0,"cards_obtained":["Writhe"]}],"is_beta":false,"boss_relics":[{"not_picked":["Runic Cube","Coffee Dripper"],"picked":"Black Blood"}],"items_purged_floors":[5,11,20],"is_endless":false,"potions_floor_spawned":[4,14,25,28],"killed_by":"Automaton","ascension_level":10}