{"gold_per_floor":[136,174,211,206,244,299,299,335,335,335,350,384,396,408,408,512,512,550,595,636,648,407,407,440,112,112,112,144,144,198,211,211,314,364,375,375,391,404,65,115,115,115,139,139,154,4,16,16,16,66],"floor_reached":51,"playtime":4263,"items_purged":["Strike_G","Strike_G","Defend_G","Strike_G"],"score":778,"play_id":"977de8fc-f6ea-4304-8e42-0d4d1b33e329","local_time":"20190531062236","is_ascension_mode":false,"campfire_choices":[{"floor":7.0,"key":"REST"},{"data":"HandOfGreed","floor":10.0,"key":"SMITH"},{"floor":15.0,"key":"REST"},{"data":"Mayhem","floor":23.0,"key":"SMITH"},{"data":"Transmutation","floor":27.0,"key":"SMITH"},{"floor":32.0,"key":"REST"},{"data":"Malaise","floor":41.0,"key":"SMITH"},{"data":"Dodge and Roll","floor":44,"key":"SMITH"},{"floor":49,"key":"REST"}],"neow_cost":"TEN_PERCENT_HP_LOSS","seed_source_timestamp":0,"circlet_count":0,"master_deck":["Defend_G","Defend_G","Defend_G","Defend_G","Strike_G","Strike_G","Survivor","Neutralize","HandOfGreed+1","Dramatic Entrance","Slice","Flying Knee","Leg Sweep","Crippling Poison","Dodge and Roll+1","Sucker Punch","Infinite Blades","Deadly Poison","Malaise+1","PiercingWail+1","Venomology","Escape Plan","Deadly Poison+1","Blur","Mayhem+1","Well Laid Plans","Transmutation+1","Noxious Fumes","Noxious Fumes+1","Dramatic Entrance","Backflip+1","Noxious Fumes+1","Chrysalis+1"],"special_seed":0,"relics":["Ring of the Snake","Orichalcum","Oddly Smooth Stone","Snake Skull","Busted Crown","PreservedInsect","Letter Opener","Frozen Egg 2","Turnip","Tiny House","Lantern","Art of War"],"potions_floor_usage":[47,50,50,50],"damage_taken":[{"damage":9.0,"enemies":"Cultist","floor":1.0,"turns":4.0},{"damage":0.0,"enemies":"Small Slimes","floor":2.0,"turns":2.0},{"damage":4.0,"enemies":"Jaw Worm","floor":3.0,"turns":4.0},{"damage":2.0,"enemies":"Exordium Thugs","floor":4.0,"turns":5.0},{"damage":0.0,"enemies":"Blue Slaver","floor":5.0,"turns":4.0},{"damage":37.0,"enemies":"Gremlin Nob","floor":6.0,"turns":6.0},{"damage":6.0,"enemies":"Large Slime","floor":8.0,"turns":9.0},{"damage":0.0,"enemies":"Lots of Slimes","floor":11.0,"turns":2.0},{"damage":2.0,"enemies":"Lagavulin","floor":12.0,"turns":5.0},{"damage":4.0,"enemies":"Looter","floor":13.0,"turns":3.0},{"damage":0.0,"enemies":"Large Slime","floor":14.0,"turns":5.0},{"damage":0.0,"enemies":"Hexaghost","floor":16.0,"turns":10.0},{"damage":18.0,"enemies":"2 Thieves","floor":18.0,"turns":4.0},{"damage":0.0,"enemies":"3 Byrds","floor":19.0,"turns":5.0},{"damage":5.0,"enemies":"Centurion and Healer","floor":20.0,"turns":8.0},{"damage":5.0,"enemies":"Snake Plant","floor":21.0,"turns":4.0},{"damage":11.0,"enemies":"Gremlin Leader","floor":24.0,"turns":8.0},{"damage":4.0,"enemies":"Book of Stabbing","floor":28.0,"turns":5.0},{"damage":11.0,"enemies":"Slavers","floor":30.0,"turns":4.0},{"damage":5.0,"enemies":"Snecko","floor":31.0,"turns":4.0},{"damage":33.0,"enemies":"Collector","floor":33.0,"turns":8.0},{"damage":4.0,"enemies":"Orb Walker","floor":35.0,"turns":5.0},{"damage":2.0,"enemies":"3 Shapes","floor":37.0,"turns":5.0},{"damage":27.0,"enemies":"Transient","floor":38.0,"turns":5.0},{"damage":8.0,"enemies":"Giant Head","floor":40.0,"turns":7.0},{"damage":22,"enemies":"4 Shapes","floor":45,"turns":4},{"damage":5,"enemies":"Maw","floor":47,"turns":8},{"damage":17,"enemies":"Awakened One","floor":50,"turns":16}],"seed_played":"3048250605320765988","potions_obtained":[{"floor":3.0,"key":"Strength Potion"},{"floor":6.0,"key":"Poison Potion"},{"floor":8.0,"key":"LiquidBronze"},{"floor":12.0,"key":"GhostInAJar"},{"floor":14.0,"key":"GamblersBrew"},{"floor":16.0,"key":"Strength Potion"},{"floor":18.0,"key":"Regen Potion"},{"floor":20.0,"key":"Energy Potion"},{"floor":24.0,"key":"Ancient Potion"},{"floor":33.0,"key":"FearPotion"},{"floor":34.0,"key":"Swift Potion"},{"floor":37.0,"key":"Regen Potion"},{"floor":47,"key":"SteroidPotion"}],"is_trial":false,"path_per_floor":["M","M","M","M","M","E","R","M","T","R","M","E","M","M","R","B",null,"M","M","M","M","$","R","E","$","T","R","E","?","E","M","R","B",null,"M","?","M","M","$","E","R","?","T","R","M","$","M","?","R","B",null],"character_chosen":"THE_SILENT","items_purchased":["Mayhem","Transmutation","Noxious Fumes","Noxious Fumes+1","Chrysalis"],"campfire_rested":4,"item_purchase_floors":[22,25,25,39,39],"current_hp_per_floor":[54,54,50,48,48,11,29,23,23,23,23,21,17,17,35,35,63,45,45,55,50,50,50,39,39,39,39,35,35,24,19,37,4,68,64,64,62,50,50,42,42,42,42,42,20,20,15,15,35,18],"gold":66,"neow_bonus":"RANDOM_COLORLESS_2","is_prod":false,"is_daily":false,"chose_seed":false,"campfire_upgraded":5,"win_rate":0,"timestamp":1559280156,"path_taken":["M","?","M","M","M","E","R","M","T","R","M","E","M","M","R","BOSS","M","M","M","M","$","R","E","$","T","R","E","?","E","M","R","BOSS","M","?","M","M","?","E","R","?","T","R","M","$","M","?","R","BOSS"],"build_version":"2019-01-23","purchased_purges":4,"victory":true,"max_hp_per_floor":[63,63,63,63,63,63,63,63,63,63,63,63,63,63,63,63,63,63,63,63,63,63,63,63,63,63,63,63,63,63,63,63,63,68,68,68,68,68,68,68,68,68,68,68,68,68,68,68,68,68],"card_choices":[{"not_picked":["Eviscerate","Distraction"],"picked":"Slice","floor":1.0},{"not_picked":["Eviscerate","Outmaneuver"],"picked":"Flying Knee","floor":2.0},{"not_picked":["Acrobatics","Flying Knee"],"picked":"Leg Sweep","floor":3.0},{"not_picked":["Flying Knee","Acrobatics"],"picked":"Crippling Poison","floor":4.0},{"not_picked":["Distraction","Calculated Gamble"],"picked":"Dodge and Roll","floor":5.0},{"not_picked":["Setup","Underhanded Strike","Finisher"],"picked":"SKIP","floor":6.0},{"not_picked":["Prepared","Unload"],"picked":"Sucker Punch","floor":8.0},{"not_picked":["Poisoned Stab","Outmaneuver"],"picked":"Infinite Blades","floor":11.0},{"not_picked":["Quick Slash","Endless Agony"],"picked":"Deadly Poison","floor":12.0},{"not_picked":["All Out Attack","Sucker Punch"],"picked":"Malaise","floor":13.0},{"not_picked":["Reflex","Blade Dance"],"picked":"PiercingWail","floor":14.0},{"not_picked":["A Thousand Cuts","Die Die Die"],"picked":"Venomology","floor":16.0},{"not_picked":[],"picked":"Escape Plan","floor":18.0},{"not_picked":[],"picked":"Deadly Poison+1","floor":19.0},{"not_picked":[],"picked":"Blur","floor":20.0},{"not_picked":["Infinite Blades"],"picked":"SKIP","floor":21.0},{"not_picked":[],"picked":"Well Laid Plans","floor":24.0},{"not_picked":["Catalyst"],"picked":"SKIP","floor":28.0},{"not_picked":["Quick Slash"],"picked":"SKIP","floor":30.0},{"not_picked":["Deadly Poison"],"picked":"SKIP","floor":31.0},{"not_picked":["Bouncing Flask"],"picked":"SKIP","floor":35.0},{"not_picked":[],"picked":"Dramatic Entrance","floor":36.0},{"not_picked":["Accuracy+1"],"picked":"SKIP","floor":37.0},{"not_picked":[],"picked":"Backflip+1","floor":38.0},{"not_picked":["Acrobatics+1"],"picked":"SKIP","floor":40.0},{"not_picked":["Sucker Punch+1"],"picked":"SKIP","floor":45},{"not_picked":["Flying Knee"],"picked":"SKIP","floor":47}],"player_experience":737774,"relics_obtained":[{"floor":6.0,"key":"Orichalcum"},{"floor":9.0,"key":"Oddly Smooth Stone"},{"floor":12.0,"key":"Snake Skull"},{"floor":24.0,"key":"PreservedInsect"},{"floor":26.0,"key":"Letter Opener"},{"floor":28.0,"key":"Frozen Egg 2"},{"floor":30.0,"key":"Turnip"},{"floor":40.0,"key":"Lantern"},{"floor":43,"key":"Art of War"}],"event_choices":[{"damage_healed":0.0,"max_hp_gain":0.0,"max_hp_loss":0.0,"gold_gain":0.0,"event_name":"The Library","player_choice":"Read","floor":29.0,"gold_loss":0.0,"damage_taken":0.0,"cards_obtained":["Noxious Fumes"]},{"damage_healed":0.0,"max_hp_gain":0.0,"max_hp_loss":0.0,"gold_gain":0.0,"event_name":"SensoryStone","player_choice":"Memory 1","floor":36.0,"gold_loss":0.0,"damage_taken":0.0},{"damage_healed":0,"gold_gain":0,"player_choice":"Ignored","damage_taken":0,"max_hp_gain":0,"max_hp_loss":0,"event_name":"Mysterious Sphere","floor":42,"gold_loss":0},{"damage_healed":0,"gold_gain":0,"player_choice":"Forge","damage_taken":0,"max_hp_gain":0,"max_hp_loss":0,"event_name":"Accursed Blacksmith","floor":48,"gold_loss":0,"cards_upgraded":["Chrysalis"]}],"is_beta":false,"boss_relics":[{"not_picked":["Velvet Choker","Cursed Key"],"picked":"Busted Crown"},{"not_picked":["Orrery","Ring of the Serpent"],"picked":"Tiny House"}],"items_purged_floors":[22,25,39,46],"is_endless":false,"potions_floor_spawned":[3,6,8,12,13,14,16,18,20,24,33,37,47],"ascension_level":0}