{"gold_per_floor":[117,117,133,151,151,178,178,48,48,68,40,40,40,40,40,118,118,138,155,204,0,0,0,32,32,32,44,44],"floor_reached":28,"playtime":570,"items_purged":["Aggregate"],"score":445,"play_id":"1d0e1370-e3f9-45da-ab84-e1cb2a17b886","local_time":"20190527132046","is_ascension_mode":true,"campfire_choices":[{"data":"Zap","floor":7.0,"key":"SMITH"},{"data":"Dualcast","floor":13.0,"key":"SMITH"},{"data":"Steam","floor":15.0,"key":"SMITH"},{"floor":25.0,"key":"REST"}],"neow_cost":"NONE","seed_source_timestamp":7735615340295,"circlet_count":0,"master_deck":["AscendersBane","Strike_B","Strike_B","Strike_B+1","Defend_B","Defend_B","Defend_B+1","Zap+1","Dualcast+1","Self Repair+1","Melter+1","Gash","All For One","Steam+1","Steam+1","Machine Learning","Hologram","Hologram","Go for the Eyes"],"special_seed":0,"relics":["Cracked Core","NeowsBlessing","Matryoshka","Happy Flower","Pear","Eternal Feather","Darkstone Periapt","Dream Catcher","Bottled Flame","Anchor","Whetstone"],"potions_floor_usage":[],"damage_taken":[{"damage":0.0,"enemies":"Jaw Worm","floor":1.0,"turns":1.0},{"damage":0.0,"enemies":"Cultist","floor":3.0,"turns":1.0},{"damage":0.0,"enemies":"2 Louse","floor":4.0,"turns":1.0},{"damage":12.0,"enemies":"3 Sentries","floor":6.0,"turns":8.0},{"damage":40.0,"enemies":"Exordium Wildlife","floor":10.0,"turns":7.0},{"damage":20.0,"enemies":"The Guardian","floor":16.0,"turns":12.0},{"damage":0.0,"enemies":"Spheric Guardian","floor":18.0,"turns":1.0},{"damage":9.0,"enemies":"2 Thieves","floor":19.0,"turns":5.0},{"damage":63.0,"enemies":"Book of Stabbing","floor":24.0,"turns":6.0},{"damage":25.0,"enemies":"Snecko","floor":27.0,"turns":4.0},{"damage":22,"enemies":"Snake Plant","floor":28,"turns":2}],"seed_played":"-5512189476998611831","potions_obtained":[{"floor":3.0,"key":"Fire Potion"},{"floor":18.0,"key":"GamblersBrew"},{"floor":27.0,"key":"FocusPotion"}],"is_trial":false,"path_per_floor":["M","?","M","M","?","E","R","$","T","M","$","?","R","?","R","B",null,"M","M","T","?","$","T","E","R","T","M","M"],"character_chosen":"DEFECT","items_purchased":["Steam","Steam"],"campfire_rested":1,"item_purchase_floors":[8,11],"current_hp_per_floor":[64,64,64,64,43,41,41,41,51,21,21,21,21,21,21,11,64,64,65,65,65,65,65,12,45,45,20,0],"gold":44,"neow_bonus":"THREE_ENEMY_KILL","is_prod":false,"is_daily":false,"chose_seed":false,"campfire_upgraded":3,"win_rate":0,"timestamp":1558956046,"path_taken":["M","?","?","M","?","E","R","$","T","M","?","?","R","?","R","BOSS","M","M","?","?","?","?","E","R","T","M","M"],"build_version":"2019-01-23","purchased_purges":1,"victory":false,"max_hp_per_floor":[71,71,71,71,71,71,71,71,81,81,81,81,81,81,81,81,81,81,81,81,81,81,81,81,81,81,81,81],"card_choices":[{"not_picked":["Redo","Rebound"],"picked":"Self Repair","floor":1.0},{"not_picked":["Undo","BootSequence"],"picked":"Melter","floor":3.0},{"not_picked":["Compile Driver","Steam"],"picked":"Gash","floor":4.0},{"not_picked":["Streamline","Conserve Battery"],"picked":"All For One","floor":6.0},{"not_picked":["Ball Lightning","Hologram","Sunder"],"picked":"SKIP","floor":10.0},{"not_picked":["Hyperbeam","Rainbow"],"picked":"Machine Learning","floor":16.0},{"not_picked":["Skim","Barrage+1","Darkness"],"picked":"SKIP","floor":18.0},{"not_picked":["Skim","Barrage+1","Darkness"],"picked":"SKIP","floor":18.0},{"not_picked":["Lockon","Barrage","Chaos"],"picked":"SKIP","floor":19.0},{"not_picked":["Undo","Rip and Tear"],"picked":"Hologram","floor":24.0},{"not_picked":["Reprogram","Skim"],"picked":"Hologram","floor":25.0},{"not_picked":["Conserve Battery","Ball Lightning"],"picked":"Go for the Eyes","floor":27.0}],"player_experience":259759,"relics_obtained":[{"floor":6.0,"key":"Matryoshka"},{"floor":9.0,"key":"Happy Flower"},{"floor":9.0,"key":"Pear"},{"floor":20.0,"key":"Darkstone Periapt"},{"floor":20.0,"key":"Dream Catcher"},{"floor":23.0,"key":"Bottled Flame"},{"floor":24.0,"key":"Anchor"},{"floor":26.0,"key":"Whetstone"}],"event_choices":[{"damage_healed":0.0,"max_hp_gain":0.0,"max_hp_loss":0.0,"gold_gain":0.0,"cards_transformed":["Strike_B"],"event_name":"Transmorgrifier","player_choice":"Transformed","floor":2.0,"gold_loss":0.0,"damage_taken":0.0,"cards_obtained":["Aggregate"]},{"damage_healed":0.0,"max_hp_gain":0.0,"max_hp_loss":0.0,"gold_gain":0.0,"event_name":"Shining Light","player_choice":"Entered Light","floor":5.0,"gold_loss":0.0,"damage_taken":21.0,"cards_upgraded":["Self Repair","Defend_B"]},{"cards_removed":["Defend_B"],"damage_healed":0.0,"max_hp_gain":0.0,"max_hp_loss":0.0,"gold_gain":0.0,"event_name":"Living Wall","player_choice":"Forget","floor":12.0,"gold_loss":0.0,"damage_taken":0.0},{"damage_healed":0.0,"max_hp_gain":0.0,"max_hp_loss":0.0,"gold_gain":0.0,"event_name":"Accursed Blacksmith","player_choice":"Forge","floor":14.0,"gold_loss":0.0,"damage_taken":0.0,"cards_upgraded":["Steam"]},{"damage_healed":0.0,"max_hp_gain":0.0,"max_hp_loss":0.0,"gold_gain":0.0,"event_name":"Masked Bandits","player_choice":"Paid Fearfully","floor":21.0,"gold_loss":204.0,"damage_taken":0.0}],"is_beta":false,"boss_relics":[{"not_picked":["Inserter","Coffee Dripper"],"picked":"Eternal Feather"}],"items_purged_floors":[8],"is_endless":false,"potions_floor_spawned":[3,18,27],"killed_by":"Snake Plant","ascension_level":18}