{"gold_per_floor":[119,139,150,225,225,144,164,198,225,237,268,280,308,32,32,129,129,142,242,56,155,155,210,210,240,240,240,267,287,299,317,317,414,414,433,433,449,449,464,493,493,525,552,552,570,36,53,64,64,64,64,64,64,98,98],"floor_reached":55,"playtime":6242,"items_purged":["Entrench","Bloodletting+1"],"score":912,"play_id":"5981dd03-e6ae-4a22-8212-2cff096a448e","local_time":"20190516131050","is_ascension_mode":false,"campfire_choices":[{"floor":10,"key":"REST"},{"floor":12,"key":"RECALL"},{"floor":15,"key":"REST"},{"data":"Armaments","floor":24,"key":"SMITH"},{"floor":27,"key":"REST"},{"floor":32,"key":"REST"},{"data":"1","floor":41,"key":"LIFT"},{"floor":44,"key":"REST"},{"floor":49,"key":"REST"},{"data":"2","floor":52,"key":"LIFT"}],"neow_cost":"NONE","seed_source_timestamp":3521984955814,"circlet_count":0,"master_deck":["Strike_R","Strike_R","Strike_R","Strike_R","Strike_R","Defend_R","Bash","Perfected Strike","Searing Blow","Blood for Blood","Uppercut","Armaments+1","Mayhem","Spot Weakness","Bludgeon","Rampage+1","Spot Weakness+1","Clothesline","Blood for Blood","Heavy Blade","Ghostly","Ghostly","Ghostly","Ghostly","Ghostly","Carnage","Clothesline","Sever Soul","Reaper","Heavy Blade","Parasite","Clothesline+1","Corruption+1","Heavy Blade","Magnetism","Reaper","Flame Barrier"],"relics":["Snecko Eye","Blood Vial","Orichalcum","MawBank","Astrolabe","Tiny Chest","Anchor","Mummified Hand","Girya","Sozu","Mercury Hourglass","Bronze Scales","Boot","PreservedInsect","Toolbox","Self Forming Clay"],"potions_floor_usage":[28,28,29,30,40],"damage_taken":[{"damage":0,"enemies":"Small Slimes","floor":1,"turns":3},{"damage":15,"enemies":"Jaw Worm","floor":2,"turns":4},{"damage":2,"enemies":"Cultist","floor":3,"turns":6},{"damage":10,"enemies":"Exordium Thugs","floor":7,"turns":4},{"damage":34,"enemies":"3 Sentries","floor":8,"turns":12},{"damage":0,"enemies":"Large Slime","floor":11,"turns":4},{"damage":4,"enemies":"2 Fungi Beasts","floor":13,"turns":2},{"damage":6,"enemies":"Slime Boss","floor":16,"turns":6},{"damage":5,"enemies":"3 Byrds","floor":18,"turns":3},{"damage":0,"enemies":"Book of Stabbing","floor":23,"turns":3},{"damage":29,"enemies":"Gremlin Leader","floor":25,"turns":4},{"damage":13,"enemies":"Slavers","floor":28,"turns":4},{"damage":4,"enemies":"Spheric Guardian","floor":29,"turns":3},{"damage":0,"enemies":"Snake Plant","floor":30,"turns":4},{"damage":0,"enemies":"Snecko","floor":31,"turns":3},{"damage":0,"enemies":"Champ","floor":33,"turns":6},{"damage":0,"enemies":"Orb Walker","floor":35,"turns":3},{"damage":1,"enemies":"3 Darklings","floor":37,"turns":3},{"damage":1,"enemies":"Writhing Mass","floor":39,"turns":5},{"damage":0,"enemies":"Nemesis","floor":40,"turns":5},{"damage":37,"enemies":"Giant Head","floor":42,"turns":7},{"damage":5,"enemies":"4 Shapes","floor":45,"turns":3},{"damage":0,"enemies":"3 Darklings","floor":47,"turns":4},{"damage":7,"enemies":"Sphere and 2 Shapes","floor":48,"turns":2},{"damage":13,"enemies":"Time Eater","floor":50,"turns":9},{"damage":18,"enemies":"Shield and Spear","floor":54,"turns":4},{"damage":49,"enemies":"The Heart","floor":55,"turns":8}],"seed_played":"6478157617121152433","potions_obtained":[{"floor":1,"key":"Energy Potion"},{"floor":11,"key":"PowerPotion"},{"floor":16,"key":"SkillPotion"},{"floor":23,"key":"LiquidBronze"},{"floor":29,"key":"BloodPotion"},{"floor":33,"key":"Poison Potion"}],"is_trial":false,"path_per_floor":["M","M","M","?","?","$","M","E","T","R","M","R","M","$","R","B",null,"M","?","$","?","?","E","R","E","T","R","E","M","M","M","R","B",null,"M","?","M","T","M","E","R","E","T","R","M","$","M","M","R","B",null,"R","$","E","B"],"character_chosen":"IRONCLAD","items_purchased":["Searing Blow","Mayhem","Spot Weakness","Blood for Blood","Heavy Blade","PreservedInsect","Magnetism","Toolbox"],"campfire_rested":6,"item_purchase_floors":[6,14,14,20,20,46,46,46],"current_hp_per_floor":[80,65,63,52,45,45,37,5,5,29,31,31,29,29,53,49,80,75,75,75,75,40,40,40,11,11,23,12,10,16,18,30,32,40,40,38,38,38,37,38,38,1,1,12,9,9,11,22,33,25,38,38,38,20,0],"gold":98,"neow_bonus":"BOSS_RELIC","is_prod":false,"is_daily":false,"chose_seed":false,"campfire_upgraded":1,"win_rate":0,"timestamp":1558023050,"path_taken":["M","M","M","?","?","?","M","E","T","R","M","R","M","?","R","BOSS","M","?","?","?","?","E","R","E","T","R","E","M","M","M","R","BOSS","M","?","M","?","M","E","R","E","T","R","M","$","M","M","R","BOSS","R","$","E","BOSS"],"build_version":"2019-01-23","purchased_purges":2,"victory":false,"max_hp_per_floor":[80,80,80,80,80,80,80,80,80,80,80,80,80,80,80,80,80,80,80,80,80,40,40,40,40,40,40,40,40,40,40,40,40,40,40,38,38,38,38,38,38,38,38,38,38,38,38,38,38,38,38,38,38,38,38],"card_choices":[{"not_picked":["True Grit","Thunderclap"],"picked":"Entrench","floor":1},{"not_picked":["Sword Boomerang","Infernal Blade","Headbutt"],"picked":"SKIP","floor":2},{"not_picked":["Pummel","Shrug It Off"],"picked":"Perfected Strike","floor":3},{"not_picked":["Perfected Strike","Limit Break"],"picked":"Blood for Blood","floor":7},{"not_picked":["Body Slam","Headbutt"],"picked":"Uppercut","floor":8},{"not_picked":["Body Slam","Pommel Strike","Battle Trance"],"picked":"SKIP","floor":11},{"not_picked":["Anger","Iron Wave"],"picked":"Armaments","floor":13},{"not_picked":["Limit Break","Juggernaut"],"picked":"Bludgeon","floor":16},{"not_picked":["Havoc+1","Wild Strike+1"],"picked":"Clothesline","floor":18},{"not_picked":["Inflame","Shrug It Off"],"picked":"Carnage","floor":23},{"not_picked":["Anger","True Grit"],"picked":"Clothesline","floor":25},{"not_picked":["Juggernaut","Rage"],"picked":"Sever Soul","floor":28},{"not_picked":["Feel No Pain+1","Clash","Warcry+1"],"picked":"SKIP","floor":29},{"not_picked":["Rage","Evolve","Dropkick"],"picked":"SKIP","floor":30},{"not_picked":["Whirlwind","Anger","True Grit"],"picked":"SKIP","floor":31},{"not_picked":["Barricade","Brutality"],"picked":"Reaper","floor":33},{"not_picked":["Battle Trance+1","Body Slam+1"],"picked":"Heavy Blade","floor":35},{"not_picked":["Headbutt+1","Disarm","Body Slam"],"picked":"SKIP","floor":37},{"not_picked":["Flex","Hemokinesis+1"],"picked":"Clothesline+1","floor":39},{"not_picked":["Hemokinesis","Ghostly Armor"],"picked":"Corruption+1","floor":40},{"not_picked":["Iron Wave+1","Sword Boomerang"],"picked":"Heavy Blade","floor":42},{"not_picked":["Anger","Shrug It Off+1","Pommel Strike"],"picked":"SKIP","floor":45},{"not_picked":["True Grit+1","Rupture"],"picked":"Reaper","floor":47},{"not_picked":["Sentinel+1","Sword Boomerang+1"],"picked":"Flame Barrier","floor":48},{"not_picked":["Barricade","Cleave+1","Iron Wave"],"picked":"SKIP","floor":54}],"player_experience":79225,"relics_obtained":[{"floor":8,"key":"Orichalcum"},{"floor":9,"key":"MawBank"},{"floor":23,"key":"Tiny Chest"},{"floor":25,"key":"Anchor"},{"floor":26,"key":"Mummified Hand"},{"floor":28,"key":"Girya"},{"floor":40,"key":"Mercury Hourglass"},{"floor":42,"key":"Bronze Scales"},{"floor":43,"key":"Boot"},{"floor":54,"key":"Self Forming Clay"}],"event_choices":[{"damage_healed":0,"gold_gain":75,"player_choice":"Gather Gold","damage_taken":11,"max_hp_gain":0,"max_hp_loss":0,"event_name":"World of Goop","floor":4,"gold_loss":0},{"damage_healed":0,"gold_gain":0,"player_choice":"Success","damage_taken":7,"relics_obtained":["Blood Vial"],"max_hp_gain":0,"max_hp_loss":0,"event_name":"Scrap Ooze","floor":5,"gold_loss":0},{"damage_healed":0,"gold_gain":100,"player_choice":"Pray","damage_taken":0,"max_hp_gain":0,"max_hp_loss":0,"event_name":"Golden Shrine","floor":19,"gold_loss":0},{"damage_healed":0,"gold_gain":99,"player_choice":"Stole From Cult","damage_taken":0,"max_hp_gain":0,"max_hp_loss":0,"event_name":"Nest","floor":21,"gold_loss":0},{"damage_healed":0,"gold_gain":0,"player_choice":"Became a Ghost","damage_taken":0,"max_hp_gain":0,"max_hp_loss":40,"event_name":"Ghosts","floor":22,"gold_loss":0,"cards_obtained":["Ghostly","Ghostly","Ghostly","Ghostly","Ghostly"]},{"damage_healed":0,"gold_gain":0,"player_choice":"Max HP","damage_taken":0,"max_hp_gain":0,"max_hp_loss":2,"event_name":"Winding Halls","floor":36,"gold_loss":0}],"is_beta":false,"boss_relics":[{"not_picked":["Fusion Hammer","Tiny House"],"picked":"Astrolabe"},{"not_picked":["Empty Cage","Runic Dome"],"picked":"Sozu"}],"items_purged_floors":[14,20],"is_endless":false,"potions_floor_spawned":[1,11,16,23,25,29,33,37,39,42,47,48,54],"killed_by":"The Heart","ascension_level":0}