{"gold_per_floor":[14,25,40,16,26,52,52,82,108,108,135,135,51,126,126,201,201,201,201,201,126,126],"floor_reached":22,"playtime":3230,"items_purged":["Strike_B"],"score":491,"play_id":"9784cdfe-d910-438a-8cab-ebf0cda5b434","local_time":"20181201203132","is_ascension_mode":true,"campfire_choices":[{"data":"Zap","floor":10,"key":"SMITH"},{"data":"Streamline","floor":12,"key":"SMITH"},{"data":"Conserve Battery","floor":15,"key":"SMITH"}],"neow_cost":"NO_GOLD","seed_source_timestamp":731641897709972,"circlet_count":0,"master_deck":["AscendersBane","Strike_B","Defend_B","Defend_B","Defend_B","Defend_B","Zap+1","Dualcast","Streamline+1","Ball Lightning","Conserve Battery+1","Ball Lightning","Barrage+1","Conserve Battery","Self Repair","Creative AI","Hologram"],"relics":["Cracked Core","Centennial Puzzle","Ancient Tea Set","PreservedInsect","Juzu Bracelet","Ectoplasm"],"potions_floor_usage":[6,8,16,20],"damage_taken":[{"damage":2,"enemies":"Cultist","floor":1,"turns":4},{"damage":1,"enemies":"Small Slimes","floor":2,"turns":3},{"damage":0,"enemies":"2 Louse","floor":3,"turns":2},{"damage":0,"enemies":"Large Slime","floor":5,"turns":3},{"damage":20,"enemies":"Lagavulin","floor":6,"turns":5},{"damage":5,"enemies":"3 Sentries","floor":8,"turns":5},{"damage":4,"enemies":"Gremlin Nob","floor":11,"turns":3},{"damage":0,"enemies":"Hexaghost","floor":16,"turns":9},{"damage":26,"enemies":"Chosen","floor":18,"turns":5},{"damage":16,"enemies":"Shell Parasite","floor":19,"turns":5},{"damage":31,"enemies":"Colosseum Slavers","floor":20,"turns":4},{"damage":23,"enemies":"3 Cultists","floor":22,"turns":4}],"seed_played":"8583786032995946041","potions_obtained":[{"floor":1,"key":"Regen Potion"},{"floor":3,"key":"Dexterity Potion"},{"floor":6,"key":"Strength Potion"},{"floor":18,"key":"Explosive Potion"}],"is_trial":false,"path_per_floor":["M","M","M","$","M","E","?","E","T","R","E","R","$","?","R","B",null,"M","M","?","$","M"],"character_chosen":"DEFECT","items_purchased":["Ball Lightning","Self Repair"],"campfire_rested":0,"item_purchase_floors":[4,13],"current_hp_per_floor":[62,61,61,61,61,55,55,50,50,50,46,46,46,35,35,42,64,45,36,12,12,0],"gold":126,"neow_bonus":"REMOVE_TWO","is_prod":false,"is_daily":false,"chose_seed":false,"campfire_upgraded":3,"win_rate":0,"timestamp":1543692692,"path_taken":["M","?","M","$","M","E","?","E","T","R","E","R","?","?","R","BOSS","M","M","?","$","M"],"build_version":"2018-11-15","purchased_purges":1,"victory":false,"max_hp_per_floor":[71,71,71,71,71,71,71,71,71,71,71,71,71,71,71,71,71,71,71,71,71,71],"card_choices":[{"not_picked":["Tempest","Conserve Battery"],"picked":"Streamline","floor":1},{"not_picked":["Loop","Streamline"],"picked":"Ball Lightning","floor":2},{"not_picked":["Sweeping Beam","Storm"],"picked":"Conserve Battery","floor":3},{"not_picked":["Reinforced Body","Rebound"],"picked":"Barrage","floor":5},{"not_picked":["Stack","Rainbow"],"picked":"Conserve Battery","floor":6},{"not_picked":["All For One","Amplify"],"picked":"Creative AI","floor":16},{"not_picked":["Cold Snap","Leap"],"picked":"Hologram","floor":19}],"player_experience":1295043,"relics_obtained":[{"floor":6,"key":"Centennial Puzzle"},{"floor":8,"key":"Ancient Tea Set"},{"floor":9,"key":"PreservedInsect"},{"floor":11,"key":"Juzu Bracelet"}],"event_choices":[{"damage_healed":0,"gold_gain":0,"player_choice":"Forge","damage_taken":0,"max_hp_gain":0,"max_hp_loss":0,"event_name":"Accursed Blacksmith","floor":7,"gold_loss":0,"cards_upgraded":["Barrage"]},{"damage_healed":0,"gold_gain":75,"player_choice":"Gather Gold","damage_taken":11,"max_hp_gain":0,"max_hp_loss":0,"event_name":"World of Goop","floor":14,"gold_loss":0},{"damage_healed":0,"gold_gain":0,"player_choice":"Fight","damage_taken":0,"max_hp_gain":0,"max_hp_loss":0,"event_name":"Colosseum","floor":20,"gold_loss":0},{"damage_healed":0,"gold_gain":0,"player_choice":"Fled From Nobs","damage_taken":0,"max_hp_gain":0,"max_hp_loss":0,"event_name":"Colosseum","floor":20,"gold_loss":0}],"is_beta":false,"boss_relics":[{"not_picked":["Coffee Dripper","Astrolabe"],"picked":"Ectoplasm"}],"items_purged_floors":[21],"is_endless":false,"potions_floor_spawned":[1,3,6,18],"killed_by":"3 Cultists","ascension_level":19}