{"gold_per_floor":[115,129,146,146,38,38,49,68,68,68,79,89,89,107,107,209,209,190,190,204,222,235,235,24,35,62,162,181,181],"floor_reached":29,"playtime":1529,"items_purged":[],"score":223,"play_id":"e8827dc9-2576-4dc4-a9f0-c8a6a8a1228a","local_time":"20190528125405","is_ascension_mode":false,"campfire_choices":[{"data":"Go for the Eyes","floor":6,"key":"SMITH"},{"data":"Loop","floor":13,"key":"SMITH"},{"floor":15,"key":"REST"},{"data":"Double Energy","floor":23,"key":"SMITH"}],"neow_cost":"TEN_PERCENT_HP_LOSS","seed_source_timestamp":804485264461246,"circlet_count":0,"master_deck":["Strike_B","Strike_B","Strike_B","Strike_B","Defend_B","Defend_B","Defend_B","Defend_B","Zap","Dualcast+1","Electrodynamics","Gash","Seek","Go for the Eyes+1","Turbo","Loop+1","Conserve Battery","Beam Cell","Stack","Gash","Double Energy+1","Rainbow","Undo","Hologram","Echo Form","Hologram+1","FTL","Turbo","Reboot","Coolheaded+1","Recycle+1"],"relics":["FrozenCore"],"potions_floor_usage":[11,16,28,29],"damage_taken":[{"damage":2,"enemies":"Small Slimes","floor":1,"turns":3},{"damage":1,"enemies":"Cultist","floor":2,"turns":3},{"damage":6,"enemies":"Jaw Worm","floor":3,"turns":3},{"damage":9,"enemies":"2 Fungi Beasts","floor":7,"turns":3},{"damage":11,"enemies":"Large Slime","floor":8,"turns":4},{"damage":2,"enemies":"Exordium Thugs","floor":11,"turns":3},{"damage":6,"enemies":"3 Louse","floor":12,"turns":3},{"damage":7,"enemies":"Blue Slaver","floor":14,"turns":4},{"damage":30,"enemies":"The Guardian","floor":16,"turns":10},{"damage":15,"enemies":"2 Thieves","floor":18,"turns":4},{"damage":4,"enemies":"Chosen","floor":20,"turns":5},{"damage":17,"enemies":"Sentry and Sphere","floor":21,"turns":8},{"damage":8,"enemies":"Centurion and Healer","floor":22,"turns":8},{"damage":10,"enemies":"Chosen and Byrds","floor":25,"turns":7},{"damage":0,"enemies":"Snecko","floor":28,"turns":6},{"damage":25,"enemies":"Cultist and Chosen","floor":29,"turns":4}],"seed_played":"4417723579402800176","potions_obtained":[{"floor":2,"key":"Poison Potion"},{"floor":7,"key":"Block Potion"},{"floor":8,"key":"GamblersBrew"},{"floor":11,"key":"Weak Potion"},{"floor":20,"key":"Poison Potion"},{"floor":21,"key":"Explosive Potion"}],"is_trial":false,"path_per_floor":["?","$","?","M","?","?","M"],"character_chosen":"DEFECT","items_purchased":["Turbo","Loop","Turbo","Reboot"],"campfire_rested":1,"item_purchase_floors":[5,5,24,24],"current_hp_per_floor":[66,65,59,59,59,59,50,39,39,39,37,31,31,24,44,14,68,53,53,49,32,24,24,24,14,14,14,14,0],"gold":181,"neow_bonus":"THREE_RARE_CARDS","is_prod":false,"is_daily":false,"chose_seed":false,"campfire_upgraded":3,"win_rate":0,"timestamp":1559062445,"path_taken":["M","M","M","?","?","R","M","M","T","?","?","M","R","M","R","BOSS","M","?","M","M","M","R","$","M","T","?","?","M"],"build_version":"2019-01-23","purchased_purges":0,"victory":false,"max_hp_per_floor":[68,68,68,68,68,68,68,68,68,68,68,68,68,68,68,68,68,68,68,68,68,68,68,68,68,68,68,68,68],"card_choices":[{"not_picked":["Fission","Machine Learning"],"picked":"Electrodynamics","floor":0},{"not_picked":["Rebound","Streamline"],"picked":"Gash","floor":1},{"not_picked":["Go for the Eyes","Static Discharge"],"picked":"Seek","floor":2},{"not_picked":["Blizzard","Doom and Gloom"],"picked":"Go for the Eyes","floor":3},{"not_picked":["Rebound","Steam Power"],"picked":"Conserve Battery","floor":7},{"not_picked":["Rebound","Stack"],"picked":"Beam Cell","floor":8},{"not_picked":["Go for the Eyes","Storm"],"picked":"Stack","floor":11},{"not_picked":["Capacitor","Rainbow"],"picked":"Gash","floor":12},{"not_picked":["Sweeping Beam","Redo"],"picked":"Double Energy","floor":14},{"not_picked":["Hyperbeam","Electrodynamics"],"picked":"Rainbow","floor":16},{"not_picked":["Redo","Go for the Eyes"],"picked":"Undo","floor":18},{"not_picked":["Gash","Beam Cell+1"],"picked":"Echo Form","floor":20},{"not_picked":["Redo","Cold Snap"],"picked":"Hologram+1","floor":21},{"not_picked":["Go for the Eyes+1","Beam Cell"],"picked":"FTL","floor":22},{"not_picked":["Leap","Fission"],"picked":"Coolheaded+1","floor":25},{"not_picked":["Coolheaded","Hologram+1"],"picked":"Recycle+1","floor":28}],"player_experience":726936,"relics_obtained":[],"event_choices":[{"damage_healed":0,"gold_gain":0,"player_choice":"Forge","damage_taken":0,"max_hp_gain":0,"max_hp_loss":0,"event_name":"Accursed Blacksmith","floor":4,"gold_loss":0,"cards_upgraded":["Dualcast"]},{"damage_healed":0,"gold_gain":0,"player_choice":"Fled","damage_taken":0,"max_hp_gain":0,"max_hp_loss":0,"event_name":"Scrap Ooze","floor":10,"gold_loss":0},{"damage_healed":0,"gold_gain":0,"player_choice":"Read","damage_taken":0,"max_hp_gain":0,"max_hp_loss":0,"event_name":"The Library","floor":19,"gold_loss":0,"cards_obtained":["Hologram"]},{"damage_healed":0,"gold_gain":100,"player_choice":"Pray","damage_taken":0,"max_hp_gain":0,"max_hp_loss":0,"event_name":"Golden Shrine","floor":27,"gold_loss":0}],"is_beta":false,"boss_relics":[{"not_picked":["Pandora\u0027s Box","Eternal Feather"],"picked":"FrozenCore"}],"items_purged_floors":[],"is_endless":false,"potions_floor_spawned":[2,7,8,11,20,21],"killed_by":"Cultist and Chosen","ascension_level":0}