{"gold_per_floor":[109,109,11,23,36,36,53,72,72,72,107,119,146,8,8,105,105,122,136,136,136,150,180,180,214,214,214,228,238,43,59,59,159,159,174,124,138,156,170,203,153,153,177,206,206,206,236,256,256,256],"floor_reached":51,"playtime":1445,"items_purged":["Strike_R","Defend_R","Writhe","Strike_R","Defend_R"],"score":1101,"play_id":"61e0eca4-13e3-44f3-9545-847680f6e8d1","local_time":"20190311192702","is_ascension_mode":true,"campfire_choices":[{"data":"Inflame","floor":6,"key":"SMITH"},{"data":"Bash","floor":10,"key":"SMITH"},{"data":"Sword Boomerang","floor":15,"key":"SMITH"},{"data":"Limit Break","floor":24,"key":"SMITH"},{"data":"Limit Break","floor":27,"key":"SMITH"},{"floor":32,"key":"REST"},{"floor":42,"key":"REST"},{"data":"Limit Break","floor":49,"key":"SMITH"}],"neow_cost":"TEN_PERCENT_HP_LOSS","seed_source_timestamp":7433758520101,"circlet_count":0,"master_deck":["Strike_R","Defend_R","Bash+1","Cleave","Ghostly Armor","Inflame+1","Iron Wave","Ghostly Armor","Sword Boomerang+1","Shrug It Off","Limit Break+1","Iron Wave","Limit Break+1","Whirlwind+1","Limit Break+1","Inflame+1","Panacea","Trip"],"relics":["Burning Blood","CultistMask","Charon\u0027s Ashes","Mummified Hand","Calipers","Sozu","Incense Burner","Dodecahedron","Singing Bowl","Smiling Mask","Omamori","Empty Cage","Bird Faced Urn","Bag of Marbles","Regal Pillow","Magic Flower"],"potions_floor_usage":[25,25,29],"damage_taken":[{"damage":0,"enemies":"2 Louse","floor":1,"turns":2},{"damage":0,"enemies":"Cultist","floor":4,"turns":3},{"damage":0,"enemies":"Small Slimes","floor":5,"turns":4},{"damage":4,"enemies":"Red Slaver","floor":7,"turns":4},{"damage":6,"enemies":"Exordium Thugs","floor":8,"turns":4},{"damage":20,"enemies":"3 Sentries","floor":11,"turns":6},{"damage":0,"enemies":"2 Fungi Beasts","floor":12,"turns":3},{"damage":14,"enemies":"Lagavulin","floor":13,"turns":4},{"damage":18,"enemies":"Slime Boss","floor":16,"turns":8},{"damage":18,"enemies":"2 Thieves","floor":18,"turns":4},{"damage":2,"enemies":"Chosen","floor":19,"turns":2},{"damage":0,"enemies":"Centurion and Healer","floor":22,"turns":4},{"damage":34,"enemies":"Gremlin Leader","floor":23,"turns":7},{"damage":5,"enemies":"Book of Stabbing","floor":25,"turns":5},{"damage":35,"enemies":"Snecko","floor":28,"turns":6},{"damage":6,"enemies":"Snake Plant","floor":29,"turns":3},{"damage":2,"enemies":"Centurion and Healer","floor":31,"turns":5},{"damage":15,"enemies":"Automaton","floor":33,"turns":8},{"damage":11,"enemies":"3 Shapes","floor":35,"turns":6},{"damage":7,"enemies":"Orb Walker","floor":37,"turns":4},{"damage":1,"enemies":"Transient","floor":38,"turns":5},{"damage":9,"enemies":"4 Shapes","floor":39,"turns":3},{"damage":46,"enemies":"Reptomancer","floor":40,"turns":4},{"damage":3,"enemies":"Giant Head","floor":44,"turns":4},{"damage":0,"enemies":"Nemesis","floor":47,"turns":5},{"damage":4,"enemies":"3 Darklings","floor":48,"turns":3},{"damage":73,"enemies":"Time Eater","floor":50,"turns":6}],"seed_played":"2125288001493228368","potions_obtained":[{"floor":1,"key":"Swift Potion"},{"floor":7,"key":"FearPotion"},{"floor":11,"key":"PowerPotion"},{"floor":12,"key":"SpeedPotion"}],"is_trial":false,"path_per_floor":["M","?","$","M","M","R","M","M","T","R","E","M","E","$","R","B",null,"M","M","?","?","M","E","R","E","T","R","M","M","$","M","R","B",null,"M","$","M","M","M","E","$","R","T","E","?","?","E","M","R","B",null],"character_chosen":"IRONCLAD","items_purchased":["Iron Wave","Dropkick","Omamori"],"campfire_rested":2,"item_purchase_floors":[3,14,30],"current_hp_per_floor":[72,72,72,72,72,72,72,72,72,72,58,64,56,56,56,44,65,53,57,57,57,63,35,35,38,38,38,11,13,13,19,43,34,69,66,66,67,72,71,33,33,59,59,68,60,60,72,85,85,27],"gold":256,"neow_bonus":"TRANSFORM_TWO_CARDS","is_prod":false,"is_daily":false,"chose_seed":false,"campfire_upgraded":6,"win_rate":0,"timestamp":1552328822,"path_taken":["M","?","?","M","M","R","M","M","T","R","E","?","E","$","R","BOSS","M","M","?","?","?","E","R","E","T","R","M","M","$","M","R","BOSS","M","$","M","M","M","E","$","R","T","E","?","?","E","M","R","BOSS"],"build_version":"2019-01-23","purchased_purges":5,"victory":true,"max_hp_per_floor":[72,72,72,72,72,72,72,72,72,72,72,72,72,72,72,72,72,72,72,72,72,72,72,72,74,74,74,76,78,78,80,80,80,80,82,82,84,84,86,88,88,88,88,90,92,92,94,96,96,96],"card_choices":[{"not_picked":["Combust","Twin Strike"],"picked":"Inflame","floor":1},{"not_picked":["Anger","Warcry"],"picked":"Ghostly Armor","floor":4},{"not_picked":["Anger","Evolve","Clash"],"picked":"SKIP","floor":5},{"not_picked":["Rage","Second Wind"],"picked":"Sword Boomerang","floor":7},{"not_picked":["Power Through","Searing Blow","Flame Barrier"],"picked":"SKIP","floor":8},{"not_picked":["Clash","Double Tap"],"picked":"Shrug It Off","floor":11},{"not_picked":["Perfected Strike","Armaments","Feel No Pain"],"picked":"SKIP","floor":12},{"not_picked":["Battle Trance","Clothesline","Perfected Strike"],"picked":"SKIP","floor":13},{"not_picked":["Exhume","Reaper"],"picked":"Limit Break","floor":16},{"not_picked":["Clothesline","Cleave"],"picked":"Iron Wave","floor":18},{"not_picked":["Clash","Cleave+1","Wild Strike+1"],"picked":"SKIP","floor":19},{"not_picked":["Inflame","True Grit"],"picked":"Whirlwind+1","floor":22},{"not_picked":["Warcry","Evolve+1","Wild Strike"],"picked":"SKIP","floor":23},{"not_picked":["Wild Strike","Shrug It Off","Ghostly Armor+1"],"picked":"Singing Bowl","floor":25},{"not_picked":["Warcry+1","Battle Trance","Rage+1"],"picked":"Singing Bowl","floor":28},{"not_picked":["Feed","Sword Boomerang","Sever Soul+1"],"picked":"Singing Bowl","floor":29},{"not_picked":["Anger","Headbutt","Pommel Strike"],"picked":"Singing Bowl","floor":31},{"not_picked":["Offering","Exhume"],"picked":"Limit Break","floor":33},{"not_picked":["Dual Wield","Havoc+1","Perfected Strike"],"picked":"Singing Bowl","floor":35},{"not_picked":["Thunderclap","Pummel+1","Body Slam+1"],"picked":"Singing Bowl","floor":37},{"not_picked":["Shrug It Off","Clash+1"],"picked":"Inflame+1","floor":38},{"not_picked":["Second Wind","Rage+1","Anger+1"],"picked":"Singing Bowl","floor":39},{"not_picked":["Seeing Red","Shrug It Off","Evolve"],"picked":"Singing Bowl","floor":40},{"not_picked":["True Grit","Berserk","Rampage"],"picked":"Singing Bowl","floor":44},{"not_picked":["Madness","Bandage Up"],"picked":"Panacea","floor":45},{"not_picked":["Forethought","Chrysalis","Impatience"],"picked":"Singing Bowl","floor":45},{"not_picked":["PanicButton","Mind Blast"],"picked":"Trip","floor":45},{"not_picked":["Dual Wield","Barricade","Seeing Red+1"],"picked":"Singing Bowl","floor":47},{"not_picked":["Evolve","Warcry","Burning Pact"],"picked":"Singing Bowl","floor":48}],"player_experience":92583,"relics_obtained":[{"floor":9,"key":"Charon\u0027s Ashes"},{"floor":11,"key":"Mummified Hand"},{"floor":13,"key":"Calipers"},{"floor":23,"key":"Dodecahedron"},{"floor":25,"key":"Singing Bowl"},{"floor":26,"key":"Smiling Mask"},{"floor":40,"key":"Bird Faced Urn"},{"floor":43,"key":"Bag of Marbles"},{"floor":44,"key":"Regal Pillow"},{"floor":47,"key":"Magic Flower"}],"event_choices":[{"damage_healed":0,"gold_gain":0,"player_choice":"Trade","damage_taken":0,"relics_obtained":["CultistMask"],"max_hp_gain":0,"max_hp_loss":0,"event_name":"FaceTrader","floor":2,"gold_loss":0},{"damage_healed":0,"gold_gain":0,"player_choice":"Opened","damage_taken":0,"relics_obtained":["Incense Burner"],"max_hp_gain":0,"max_hp_loss":0,"event_name":"The Mausoleum","floor":20,"gold_loss":0,"cards_obtained":["Writhe"]},{"damage_healed":0,"gold_gain":0,"player_choice":"Copied","damage_taken":0,"max_hp_gain":0,"max_hp_loss":0,"event_name":"Duplicator","floor":21,"gold_loss":0,"cards_obtained":["Limit Break"]},{"damage_healed":0,"gold_gain":0,"player_choice":"Memory 3","damage_taken":10,"max_hp_gain":0,"max_hp_loss":0,"event_name":"SensoryStone","floor":45,"gold_loss":0},{"damage_healed":0,"gold_gain":0,"player_choice":"Got Potions","damage_taken":0,"max_hp_gain":0,"max_hp_loss":0,"event_name":"Lab","floor":46,"gold_loss":0}],"is_beta":false,"boss_relics":[{"not_picked":["Philosopher\u0027s Stone","Snecko Eye"],"picked":"Sozu"},{"not_picked":["Astrolabe","Black Blood"],"picked":"Empty Cage"}],"items_purged_floors":[3,14,30,36,41],"is_endless":false,"potions_floor_spawned":[1,7,11,12,13,18,23,28,29,33,35,38,40,44],"ascension_level":6}