{"gold_per_floor":[117,192,204,224,243,243,260,260,260,12,47,59,59,73,73,169,169,188,207,207,219,95,130,130,149,149,248,50,50,50,64,64,162,162,181,181,31,44,44,44,74,0,25,25,44,44,44,62,62,62],"floor_reached":50,"playtime":1804,"items_purged":["Strike_B","Defend_B","Strike_B","Biased Cognition+1"],"score":787,"play_id":"3c5ed3b6-00d4-479f-ad06-b8f7cc062797","local_time":"20190510211057","is_ascension_mode":true,"campfire_choices":[{"data":"Zap","floor":6.0,"key":"SMITH"},{"data":"Dualcast","floor":8.0,"key":"SMITH"},{"data":"Coolheaded","floor":13.0,"key":"SMITH"},{"data":"Biased Cognition","floor":15.0,"key":"SMITH"},{"floor":24.0,"key":"REST"},{"floor":29.0,"key":"REST"},{"floor":32.0,"key":"REST"},{"data":"Capacitor","floor":40.0,"key":"SMITH"},{"floor":44.0,"key":"REST"},{"floor":47.0,"key":"REST"},{"floor":49.0,"key":"REST"}],"neow_cost":"TEN_PERCENT_HP_LOSS","seed_source_timestamp":2592563419479806,"circlet_count":0,"master_deck":["AscendersBane","Strike_B","Strike_B","Defend_B","Defend_B+1","Defend_B+1","Zap+1","Dualcast+1","Coolheaded+1","BootSequence","Sweeping Beam","Gash","Gash","Glacier","Streamline","Capacitor+1","Gash","Capacitor","Electrodynamics","Consume+1","Madness","Madness"],"special_seed":0,"relics":["Cracked Core","Shuriken","War Paint","Mummified Hand","Sozu","Symbiotic Virus","Vajra","Busted Crown","DataDisk","Red Mask","Lantern"],"potions_floor_usage":[],"damage_taken":[{"damage":1.0,"enemies":"Cultist","floor":1.0,"turns":4.0},{"damage":2.0,"enemies":"Jaw Worm","floor":3.0,"turns":3.0},{"damage":0.0,"enemies":"Small Slimes","floor":4.0,"turns":3.0},{"damage":2.0,"enemies":"Exordium Wildlife","floor":5.0,"turns":2.0},{"damage":12.0,"enemies":"Large Slime","floor":7.0,"turns":7.0},{"damage":4.0,"enemies":"Lagavulin","floor":11.0,"turns":6.0},{"damage":12.0,"enemies":"Exordium Thugs","floor":12.0,"turns":4.0},{"damage":4.0,"enemies":"Red Slaver","floor":14.0,"turns":3.0},{"damage":16.0,"enemies":"Hexaghost","floor":16.0,"turns":13.0},{"damage":0.0,"enemies":"Spheric Guardian","floor":18.0,"turns":4.0},{"damage":2.0,"enemies":"3 Byrds","floor":19.0,"turns":5.0},{"damage":5.0,"enemies":"Centurion and Healer","floor":21.0,"turns":9.0},{"damage":44.0,"enemies":"Gremlin Leader","floor":23.0,"turns":7.0},{"damage":4.0,"enemies":"Snecko","floor":25.0,"turns":6.0},{"damage":16.0,"enemies":"Shelled Parasite and Fungi","floor":31.0,"turns":5.0},{"damage":18.0,"enemies":"Collector","floor":33.0,"turns":9.0},{"damage":1.0,"enemies":"3 Shapes","floor":35.0,"turns":3.0},{"damage":9.0,"enemies":"Orb Walker","floor":38.0,"turns":4.0},{"damage":19.0,"enemies":"Giant Head","floor":41.0,"turns":11.0},{"damage":4.0,"enemies":"Maw","floor":45.0,"turns":7.0},{"damage":39.0,"enemies":"3 Darklings","floor":48.0,"turns":4.0},{"damage":39,"enemies":"Donu and Deca","floor":50,"turns":2}],"seed_played":"6192383583157441110","potions_obtained":[{"floor":1.0,"key":"Dexterity Potion"},{"floor":12.0,"key":"Fire Potion"},{"floor":14.0,"key":"Block Potion"},{"floor":16.0,"key":"Poison Potion"}],"is_trial":false,"path_per_floor":["M","?","M","M","M","R","M","R","T","$","E","M","R","M","R","B",null,"M","M","?","M","$","E","R","M","T","?","$","R","?","M","R","B",null,"M","?","$","M","?","R","E","?","T","R","M","$","R","M","R","B"],"character_chosen":"DEFECT","items_purchased":["Gash","War Paint","Gash","Capacitor"],"campfire_rested":6,"item_purchase_floors":[10,10,22,28],"current_hp_per_floor":[67,61,59,59,57,57,45,45,45,45,41,29,29,25,25,9,53,53,51,51,46,46,2,22,18,18,18,18,38,38,22,42,24,57,56,56,56,47,38,38,19,19,19,39,35,35,55,16,36,0],"gold":62,"neow_bonus":"THREE_RARE_CARDS","is_prod":false,"is_daily":false,"chose_seed":false,"campfire_upgraded":5,"win_rate":0,"timestamp":1557515457,"path_taken":["M","?","M","M","M","R","?","R","T","$","E","M","R","M","R","BOSS","M","M","?","M","$","E","R","M","T","?","?","R","?","?","R","BOSS","M","?","$","?","?","R","E","?","T","R","M","?","R","?","R","BOSS"],"build_version":"2019-01-23","purchased_purges":4,"victory":false,"max_hp_per_floor":[68,68,68,68,68,68,68,68,68,68,68,68,68,68,68,68,68,68,68,68,68,68,68,68,68,68,68,68,68,68,68,68,68,68,68,68,68,68,68,68,68,68,68,68,68,68,68,68,68,68],"card_choices":[{"not_picked":["Seek","Buffer"],"picked":"Biased Cognition","floor":0.0},{"not_picked":["Darkness","Beam Cell"],"picked":"Coolheaded","floor":1.0},{"not_picked":["Steam","Double Energy"],"picked":"BootSequence","floor":3.0},{"not_picked":["Steam","Hyperbeam"],"picked":"Sweeping Beam","floor":4.0},{"not_picked":["White Noise","Recycle","Turbo"],"picked":"SKIP","floor":5.0},{"not_picked":["Chill","Steam Power","Go for the Eyes"],"picked":"SKIP","floor":7.0},{"not_picked":["Leap","Chaos"],"picked":"Gash","floor":11.0},{"not_picked":["Double Energy","Lockon","Conserve Battery"],"picked":"SKIP","floor":12.0},{"not_picked":["Ball Lightning","Hello World"],"picked":"Glacier","floor":14.0},{"not_picked":["Cold Snap","Compile Driver","Sunder"],"picked":"SKIP","floor":18.0},{"not_picked":["Stack","Sweeping Beam+1"],"picked":"Streamline","floor":19.0},{"not_picked":["Stack","Blizzard","Genetic Algorithm"],"picked":"SKIP","floor":21.0},{"not_picked":["Heatsinks+1","Blizzard","Chill"],"picked":"SKIP","floor":23.0},{"not_picked":["Skim","Chill+1","Cold Snap"],"picked":"SKIP","floor":25.0},{"not_picked":["Go for the Eyes","Doom and Gloom","Skim"],"picked":"SKIP","floor":31.0},{"not_picked":["Amplify","Biased Cognition"],"picked":"Electrodynamics","floor":33.0},{"not_picked":[],"picked":"Consume","floor":35.0},{"not_picked":["Steam"],"picked":"SKIP","floor":38.0},{"not_picked":["Hologram"],"picked":"SKIP","floor":41.0},{"not_picked":["Steam"],"picked":"SKIP","floor":45.0},{"not_picked":["Ball Lightning"],"picked":"SKIP","floor":48.0}],"player_experience":205219,"relics_obtained":[{"floor":9.0,"key":"Shuriken"},{"floor":11.0,"key":"Mummified Hand"},{"floor":23.0,"key":"Symbiotic Virus"},{"floor":26.0,"key":"Vajra"},{"floor":41.0,"key":"DataDisk"},{"floor":43.0,"key":"Lantern"}],"event_choices":[{"damage_healed":0.0,"max_hp_gain":0.0,"max_hp_loss":0.0,"gold_gain":75.0,"event_name":"FaceTrader","player_choice":"Touch","floor":2.0,"gold_loss":0.0,"damage_taken":6.0},{"damage_healed":0.0,"max_hp_gain":0.0,"max_hp_loss":0.0,"gold_gain":0.0,"event_name":"The Library","player_choice":"Read","floor":20.0,"gold_loss":0.0,"damage_taken":0.0,"cards_obtained":["Capacitor"]},{"damage_healed":0.0,"max_hp_gain":0.0,"max_hp_loss":0.0,"gold_gain":99.0,"event_name":"Nest","player_choice":"Stole From Cult","floor":27.0,"gold_loss":0.0,"damage_taken":0.0},{"damage_healed":0.0,"max_hp_gain":0.0,"max_hp_loss":0.0,"gold_gain":0.0,"event_name":"Vampires","player_choice":"Ignored","floor":30.0,"gold_loss":0.0,"damage_taken":0.0},{"damage_healed":0.0,"max_hp_gain":0.0,"max_hp_loss":0.0,"gold_gain":0.0,"event_name":"Upgrade Shrine","player_choice":"Upgraded","floor":36.0,"gold_loss":0.0,"damage_taken":0.0,"cards_upgraded":["Consume"]},{"damage_healed":0.0,"max_hp_gain":0.0,"max_hp_loss":0.0,"gold_gain":0.0,"event_name":"Winding Halls","player_choice":"Embrace Madness","floor":39.0,"gold_loss":0.0,"damage_taken":9.0,"cards_obtained":["Madness","Madness"]},{"damage_healed":0.0,"max_hp_gain":0.0,"max_hp_loss":0.0,"gold_gain":0.0,"event_name":"Tomb of Lord Red Mask","player_choice":"Paid","floor":42.0,"gold_loss":74.0,"damage_taken":0.0,"relics_obtained":["Red Mask"]}],"is_beta":false,"boss_relics":[{"not_picked":["Cursed Key","FrozenCore"],"picked":"Sozu"},{"not_picked":["Runic Dome","Pandora\u0027s Box"],"picked":"Busted Crown"}],"items_purged_floors":[10,22,28,37],"is_endless":false,"potions_floor_spawned":[1,12,14,16,18,19,33,35,38,48],"killed_by":"Donu and Deca","ascension_level":12}