{"gold_per_floor":[368,35,35,110,127,127,146,146,169,187,214,214,214],"floor_reached":13,"playtime":447,"items_purged":["Strike_B"],"score":149,"play_id":"43dfffe0-1c7d-48c4-ab7a-534f6fb5531e","local_time":"20190526000838","is_ascension_mode":true,"campfire_choices":[{"data":"Zap","floor":6,"key":"SMITH"},{"data":"Consume","floor":8,"key":"SMITH"}],"neow_cost":"TEN_PERCENT_HP_LOSS","seed_source_timestamp":586835988408484,"circlet_count":0,"master_deck":["AscendersBane","Strike_B","Strike_B","Strike_B","Defend_B","Defend_B","Defend_B","Defend_B","Zap+1","Dualcast","Consume+1","Self Repair","Finesse","Gash","Turbo","Genetic Algorithm","Coolheaded","Gash","Chill"],"relics":["Cracked Core","Orichalcum","StoneCalendar"],"potions_floor_usage":[11],"damage_taken":[{"damage":0,"enemies":"2 Louse","floor":1,"turns":4},{"damage":9,"enemies":"Jaw Worm","floor":5,"turns":4},{"damage":11,"enemies":"Small Slimes","floor":7,"turns":4},{"damage":0,"enemies":"3 Louse","floor":10,"turns":3},{"damage":16,"enemies":"3 Sentries","floor":11,"turns":6},{"damage":65,"enemies":"Gremlin Nob","floor":13,"turns":4}],"seed_played":"-4024369283675953380","potions_obtained":[{"floor":1,"key":"AttackPotion"},{"floor":10,"key":"Ancient Potion"}],"is_trial":false,"path_per_floor":["?","?","?"],"character_chosen":"DEFECT","items_purchased":["Self Repair","Finesse","Gash","Turbo"],"campfire_rested":0,"item_purchase_floors":[2,2,2,2],"current_hp_per_floor":[64,64,64,53,51,51,47,47,47,47,38,43,0],"gold":214,"neow_bonus":"TWO_FIFTY_GOLD","is_prod":false,"is_daily":false,"chose_seed":false,"campfire_upgraded":2,"win_rate":0,"timestamp":1558843718,"path_taken":["M","$","?","?","M","R","M","R","T","M","E","?","E"],"build_version":"2019-01-23","purchased_purges":1,"victory":false,"max_hp_per_floor":[64,64,64,64,64,64,64,64,64,64,64,69,69],"card_choices":[{"not_picked":["Lockon","BootSequence"],"picked":"Consume","floor":1},{"not_picked":["Beam Cell","Stack"],"picked":"Genetic Algorithm","floor":5},{"not_picked":["Leap","Conserve Battery"],"picked":"Coolheaded","floor":7},{"not_picked":["Chaos","Redo"],"picked":"Gash","floor":10},{"not_picked":["Tempest","Streamline"],"picked":"Chill","floor":11}],"player_experience":705778,"relics_obtained":[{"floor":9,"key":"Orichalcum"},{"floor":11,"key":"StoneCalendar"}],"event_choices":[{"damage_healed":0,"gold_gain":0,"player_choice":"Ignored","damage_taken":0,"max_hp_gain":0,"max_hp_loss":0,"event_name":"Liars Game","floor":3,"gold_loss":0},{"damage_healed":0,"gold_gain":75,"player_choice":"Gather Gold","damage_taken":11,"max_hp_gain":0,"max_hp_loss":0,"event_name":"World of Goop","floor":4,"gold_loss":0},{"damage_healed":0,"gold_gain":0,"player_choice":"Donut","damage_taken":0,"max_hp_gain":5,"max_hp_loss":0,"event_name":"Big Fish","floor":12,"gold_loss":0}],"is_beta":false,"boss_relics":[],"items_purged_floors":[2],"is_endless":false,"potions_floor_spawned":[1,10],"killed_by":"Gremlin Nob","ascension_level":16}