{"gold_per_floor":[116,44,44,44,56,83,83,102,102,177,188,188,222,235,235,339,339,356,356,265,265,279,279],"floor_reached":23,"playtime":2100,"items_purged":[],"score":304,"play_id":"e0f04ad5-047d-4ce2-8b3d-f65e3ae0f74e","local_time":"20190509012506","is_ascension_mode":true,"campfire_choices":[{"floor":7,"key":"REST"},{"floor":12,"key":"REST"},{"floor":15,"key":"REST"}],"neow_cost":"NONE","seed_source_timestamp":4358489875571505,"circlet_count":0,"master_deck":["Defend_R","Defend_R","Defend_R","Defend_R","Bash","Headbutt","Spot Weakness","Metallicize","Shrug It Off","Fiend Fire","True Grit","Infernal Blade","Juggernaut","Evolve","Bite","Bite","Bite","Bite","Bite","Burning Pact","Havoc","Necronomicurse"],"relics":["Burning Blood","WingedGreaves","Juzu Bracelet","Peace Pipe","Dream Catcher","Sozu","Necronomicon"],"potions_floor_usage":[13,16],"damage_taken":[{"damage":6,"enemies":"Cultist","floor":1,"turns":4},{"damage":10,"enemies":"2 Louse","floor":5,"turns":4},{"damage":55,"enemies":"Gremlin Nob","floor":6,"turns":5},{"damage":9,"enemies":"Jaw Worm","floor":8,"turns":3},{"damage":9,"enemies":"3 Louse","floor":11,"turns":5},{"damage":39,"enemies":"Lagavulin","floor":13,"turns":8},{"damage":3,"enemies":"Blue Slaver","floor":14,"turns":6},{"damage":12,"enemies":"The Guardian","floor":16,"turns":16},{"damage":13,"enemies":"Chosen","floor":18,"turns":6},{"damage":16,"enemies":"Shell Parasite","floor":22,"turns":5},{"damage":49,"enemies":"Book of Stabbing","floor":23,"turns":4}],"seed_played":"5946819553335500932","potions_obtained":[{"floor":1,"key":"BloodPotion"},{"floor":11,"key":"EssenceOfSteel"},{"floor":16,"key":"PowerPotion"}],"is_trial":false,"path_per_floor":["$","?","$","?","?","?"],"character_chosen":"IRONCLAD","items_purchased":["Spot Weakness","Burning Pact","Havoc"],"campfire_rested":3,"item_purchase_floors":[2,20,20],"current_hp_per_floor":[80,80,68,68,64,15,41,38,38,27,24,50,25,28,54,48,78,71,61,61,45,43,0],"gold":279,"neow_bonus":"TEN_PERCENT_HP_BONUS","is_prod":false,"is_daily":false,"chose_seed":false,"campfire_upgraded":0,"win_rate":0,"timestamp":1557379506,"path_taken":["M","?","?","?","M","E","R","M","T","?","M","R","E","M","R","BOSS","M","?","$","?","M","E"],"build_version":"2019-01-23","purchased_purges":0,"victory":false,"max_hp_per_floor":[88,88,88,88,88,88,88,88,88,88,88,88,88,88,88,88,88,88,61,61,61,61,61],"card_choices":[{"not_picked":["Bloodletting","Pommel Strike"],"picked":"Headbutt","floor":1},{"not_picked":["Clash","Anger","Perfected Strike"],"picked":"SKIP","floor":5},{"not_picked":["Cleave","Disarm"],"picked":"Metallicize","floor":6},{"not_picked":["Evolve","Entrench"],"picked":"Shrug It Off","floor":8},{"not_picked":["Second Wind","Rupture"],"picked":"Fiend Fire","floor":11},{"not_picked":["Flex","Blood for Blood","Headbutt"],"picked":"SKIP","floor":13},{"not_picked":["Havoc","Seeing Red"],"picked":"True Grit","floor":14},{"not_picked":["Anger","Flex"],"picked":"Infernal Blade","floor":15},{"not_picked":["Exhume","Fiend Fire"],"picked":"Juggernaut","floor":16},{"not_picked":["Iron Wave","Warcry"],"picked":"Evolve","floor":18},{"not_picked":["Perfected Strike","Iron Wave","Clash+1"],"picked":"SKIP","floor":22}],"player_experience":330041,"relics_obtained":[{"floor":6,"key":"Juzu Bracelet"},{"floor":9,"key":"Peace Pipe"},{"floor":13,"key":"Dream Catcher"},{"floor":21,"key":"Necronomicon"}],"event_choices":[{"damage_healed":0,"gold_gain":0,"player_choice":"Success","damage_taken":12,"relics_obtained":["WingedGreaves"],"max_hp_gain":0,"max_hp_loss":0,"event_name":"Scrap Ooze","floor":3,"gold_loss":0},{"damage_healed":0,"gold_gain":75,"player_choice":"Gather Gold","damage_taken":11,"max_hp_gain":0,"max_hp_loss":0,"event_name":"World of Goop","floor":10,"gold_loss":0},{"damage_healed":0,"gold_gain":0,"player_choice":"Became a vampire","damage_taken":0,"max_hp_gain":0,"max_hp_loss":27,"event_name":"Vampires","floor":19,"gold_loss":0,"cards_obtained":["Bite","Bite","Bite","Bite","Bite"]},{"damage_healed":0,"gold_gain":0,"player_choice":"Obtained Book","damage_taken":16,"max_hp_gain":0,"max_hp_loss":0,"event_name":"Cursed Tome","floor":21,"gold_loss":0}],"is_beta":false,"boss_relics":[{"not_picked":["White Beast Statue","Eternal Feather"],"picked":"Sozu"}],"items_purged_floors":[],"is_endless":false,"potions_floor_spawned":[1,11,16,22],"killed_by":"Book of Stabbing","ascension_level":8}