{"gold_per_floor":[109,124,199,299,45,45,77,77,104,137,153,153,170,270,270,366,366,376,178,178,31,43,43,73,73,73,101,101,121,121],"floor_reached":30,"playtime":1294,"items_purged":["Strike_B","Strike_B"],"score":292,"play_id":"b25184d2-78eb-4f13-bc30-c9185452c505","local_time":"20180708185444","is_ascension_mode":true,"campfire_choices":[{"data":"Coolheaded","floor":6,"key":"SMITH"},{"data":"Conserve Battery","floor":8,"key":"SMITH"},{"data":"Hologram","floor":12,"key":"SMITH"},{"floor":15,"key":"REST"},{"data":"Beam Cell","floor":23,"key":"SMITH"},{"data":"Leap","floor":25,"key":"SMITH"},{"data":"Go for the Eyes","floor":28,"key":"SMITH"}],"neow_cost":"NONE","seed_source_timestamp":111803154503470,"circlet_count":0,"master_deck":["Strike_B","Strike_B","Defend_B","Defend_B","Defend_B","Defend_B","Zap+1","Dualcast","Gash","Coolheaded+1","All For One","Leap+1","Conserve Battery+1","Hologram+1","All For One","Beam Cell+1","Meteor Strike","FTL+1","Redo+1","Go for the Eyes+1","Auto Shields"],"special_seed":17720,"relics":["Cracked Core","Smiling Mask","Bag of Marbles","Omamori","Runic Dome","Lantern","Oddly Smooth Stone","Tiny Chest","Mango","Orichalcum"],"potions_floor_usage":[16,16,27,27],"damage_taken":[{"damage":0,"enemies":"2 Louse","floor":1,"turns":1},{"damage":0,"enemies":"Cultist","floor":2,"turns":3},{"damage":14,"enemies":"Lagavulin","floor":7,"turns":9},{"damage":24,"enemies":"Gremlin Nob","floor":10,"turns":4},{"damage":0,"enemies":"Small Slimes","floor":11,"turns":3},{"damage":0,"enemies":"Looter","floor":13,"turns":2},{"damage":13,"enemies":"Slime Boss","floor":16,"turns":13},{"damage":30,"enemies":"2 Thieves","floor":18,"turns":4},{"damage":6,"enemies":"Chosen","floor":22,"turns":2},{"damage":13,"enemies":"Gremlin Leader","floor":27,"turns":8},{"damage":24,"enemies":"Slaver and Parasite","floor":29,"turns":6},{"damage":16,"enemies":"Sentry and Sphere","floor":30,"turns":3}],"seed_played":"5952392564398475268","potions_obtained":[{"floor":2,"key":"LiquidBronze"},{"floor":11,"key":"EssenceOfSteel"},{"floor":13,"key":"SkillPotion"},{"floor":22,"key":"Weak Potion"},{"floor":27,"key":"Ancient Potion"},{"floor":29,"key":"Energy Potion"}],"is_trial":false,"path_per_floor":["M","M","?","?","$","R","E","R","T","E","M","R","M","?","R","B",null,"M","$","?","$","M","R","?","R","T","E","R","M"],"character_chosen":"DEFECT","items_purchased":["All For One","Leap","Lantern","Oddly Smooth Stone"],"campfire_rested":1,"item_purchase_floors":[5,5,19,21],"current_hp_per_floor":[75,75,64,64,64,64,50,50,50,26,26,26,26,26,48,35,75,45,45,45,45,39,39,39,39,53,40,40,16,0],"gold":121,"neow_bonus":"UPGRADE_CARD","is_prod":false,"is_daily":false,"chose_seed":false,"campfire_upgraded":6,"win_rate":0,"timestamp":1531068884,"path_taken":["M","M","?","?","$","R","E","R","T","E","M","R","?","?","R","BOSS","M","$","?","?","M","R","?","R","T","E","R","M","?"],"build_version":"2018-07-05","purchased_purges":2,"victory":false,"max_hp_per_floor":[75,75,75,75,75,75,75,75,75,75,75,75,75,75,75,75,75,75,75,75,75,75,75,75,75,89,89,89,89,89],"card_choices":[{"not_picked":["Streamline","Rip and Tear"],"picked":"Gash","floor":1},{"not_picked":["Cold Snap","Compile Driver"],"picked":"Coolheaded","floor":2},{"not_picked":["Coolheaded","Turbo"],"picked":"Conserve Battery","floor":7},{"not_picked":["BootSequence","Barrage"],"picked":"Hologram","floor":10},{"not_picked":["Defragment","Ball Lightning"],"picked":"All For One","floor":11},{"not_picked":["Rip and Tear","Barrage"],"picked":"Beam Cell","floor":13},{"not_picked":["Reboot","Multi-Cast"],"picked":"Meteor Strike","floor":16},{"not_picked":["Tempest","Force Field"],"picked":"FTL+1","floor":18},{"not_picked":["Compile Driver+1","Tempest+1"],"picked":"Redo+1","floor":22},{"not_picked":["Steam","Beam Cell+1"],"picked":"Go for the Eyes","floor":27},{"not_picked":["Recycle","Streamline"],"picked":"Auto Shields","floor":29}],"player_experience":764145,"relics_obtained":[{"floor":7,"key":"Smiling Mask"},{"floor":9,"key":"Bag of Marbles"},{"floor":10,"key":"Omamori"},{"floor":26,"key":"Mango"},{"floor":27,"key":"Orichalcum"}],"event_choices":[{"event_name":"World of Goop","player_choice":"Gather Gold","floor":3,"damage_taken":0},{"event_name":"Golden Shrine","player_choice":"Pray","floor":4,"damage_taken":0},{"event_name":"Wheel of Change","player_choice":"Gold","floor":14,"damage_taken":0},{"event_name":"Drug Dealer","player_choice":"Ignored","floor":20,"damage_taken":0},{"event_name":"The Mausoleum","player_choice":"Yes","floor":24,"damage_taken":0}],"boss_relics":[{"not_picked":["Tiny House","Inserter"],"picked":"Runic Dome"}],"items_purged_floors":[5,19],"is_endless":false,"potions_floor_spawned":[2,11,13,22,27,29],"killed_by":"Sentry and Sphere","ascension_level":3}