{"gold_per_floor":[361,56,72,92,92,92,92,126,207,207,241,252,272,284,284,363,363,283,283,293,159,193,193,26,26,72,72,85,115,115,149,149,226,226,241,241,78,78,90,90,90,90,90,90,115,131,131,150,150,150],"floor_reached":51,"playtime":1956,"items_purged":["Strike_B"],"score":1380,"play_id":"02ff9957-923d-4e8f-8911-4386ce95768f","local_time":"20190526123847","is_ascension_mode":true,"campfire_choices":[{"data":"Zap","floor":6.0,"key":"SMITH"},{"data":"Dualcast","floor":10.0,"key":"SMITH"},{"data":"Capacitor","floor":15.0,"key":"SMITH"},{"floor":23.0,"key":"REST"},{"data":"Seek","floor":25.0,"key":"SMITH"},{"floor":27.0,"key":"REST"},{"data":"Buffer","floor":30.0,"key":"SMITH"},{"floor":32.0,"key":"REST"},{"data":"Coolheaded","floor":40.0,"key":"SMITH"},{"data":"Enlightenment","floor":42.0,"key":"SMITH"},{"data":"Trip","floor":44.0,"key":"SMITH"},{"floor":47.0,"key":"REST"},{"data":"Coolheaded","floor":49.0,"key":"SMITH"}],"neow_cost":"TEN_PERCENT_HP_LOSS","seed_source_timestamp":507774644072342,"circlet_count":0,"master_deck":["AscendersBane","Strike_B","Strike_B","Defend_B","Defend_B","Zap+1","Dualcast+1","Go for the Eyes","Streamline+1","FTL","Skim","Glacier","Seek+1","Coolheaded+1","Capacitor+1","Buffer+1","Consume+1","Gash","Coolheaded+1","Capacitor+1","Enlightenment+1","Trip+1","Barrage"],"special_seed":0,"relics":["Cracked Core","Pantograph","PreservedInsect","Tiny Chest","Juzu Bracelet","Sozu","Mummified Hand","Red Mask","DataDisk","Pen Nib","Boot","Vajra","Empty Cage","Bag of Preparation","The Courier","Meat on the Bone"],"potions_floor_usage":[],"damage_taken":[{"damage":5.0,"enemies":"2 Louse","floor":1.0,"turns":3.0},{"damage":1.0,"enemies":"Small Slimes","floor":3.0,"turns":3.0},{"damage":0.0,"enemies":"Cultist","floor":4.0,"turns":3.0},{"damage":16.0,"enemies":"Gremlin Nob","floor":8.0,"turns":3.0},{"damage":30.0,"enemies":"Lagavulin","floor":11.0,"turns":4.0},{"damage":0.0,"enemies":"3 Louse","floor":12.0,"turns":3.0},{"damage":1.0,"enemies":"Exordium Wildlife","floor":13.0,"turns":4.0},{"damage":2.0,"enemies":"Looter","floor":14.0,"turns":3.0},{"damage":6.0,"enemies":"The Guardian","floor":16.0,"turns":11.0},{"damage":6.0,"enemies":"2 Thieves","floor":18.0,"turns":4.0},{"damage":0.0,"enemies":"Shell Parasite","floor":20.0,"turns":7.0},{"damage":42.0,"enemies":"Masked Bandits","floor":22.0,"turns":6.0},{"damage":0.0,"enemies":"Sentry and Sphere","floor":28.0,"turns":6.0},{"damage":10.0,"enemies":"Book of Stabbing","floor":29.0,"turns":7.0},{"damage":18.0,"enemies":"Slavers","floor":31.0,"turns":7.0},{"damage":0.0,"enemies":"Automaton","floor":33.0,"turns":14.0},{"damage":6.0,"enemies":"3 Darklings","floor":35.0,"turns":6.0},{"damage":0.0,"enemies":"Orb Walker","floor":39.0,"turns":6.0},{"damage":41.0,"enemies":"Reptomancer","floor":45.0,"turns":6.0},{"damage":0.0,"enemies":"Maw","floor":46.0,"turns":9.0},{"damage":0.0,"enemies":"4 Shapes","floor":48.0,"turns":4.0},{"damage":55,"enemies":"Awakened One","floor":50,"turns":19}],"seed_played":"636755859796173973","potions_obtained":[{"floor":3.0,"key":"SteroidPotion"},{"floor":4.0,"key":"FocusPotion"},{"floor":14.0,"key":"LiquidBronze"}],"is_trial":false,"path_per_floor":["M","$","M","M","?","R","?","E","T","R","E","M","M","M","R","B",null,"M","T","M","$","?","R","$","R","T","R","M","E","R","E","R","B",null,"M","?","$","?","M","R","?","R","T","R","E","M","R","M","R","B",null],"character_chosen":"DEFECT","items_purchased":["Pantograph","Streamline","Gash","DataDisk","Bag of Preparation"],"campfire_rested":4,"item_purchase_floors":[2,2,21,24,37],"current_hp_per_floor":[59,59,58,58,51,51,51,35,35,35,5,5,4,2,2,21,53,47,47,47,47,5,24,24,24,24,43,43,33,33,15,34,59,63,57,57,57,57,57,57,52,52,52,52,11,23,41,41,41,18],"gold":150,"neow_bonus":"TWO_FIFTY_GOLD","is_prod":false,"is_daily":false,"chose_seed":false,"campfire_upgraded":9,"win_rate":0,"timestamp":1558867127,"path_taken":["M","$","M","M","?","R","?","E","T","R","E","M","M","M","R","BOSS","M","?","M","$","?","R","$","R","T","R","M","E","R","E","R","BOSS","M","?","$","?","M","R","?","R","T","R","E","M","R","M","R","BOSS"],"build_version":"2019-01-23","purchased_purges":1,"victory":true,"max_hp_per_floor":[64,64,64,64,64,64,64,64,64,64,64,64,64,64,64,64,64,64,64,64,64,64,64,64,64,64,64,64,64,64,64,64,64,64,64,61,61,61,61,61,61,61,61,61,61,61,61,61,61,61],"card_choices":[{"not_picked":["Sunder","Leap"],"picked":"Go for the Eyes","floor":1.0},{"not_picked":["Go for the Eyes","Stack"],"picked":"Gash","floor":3.0},{"not_picked":["Stack","Turbo"],"picked":"FTL","floor":4.0},{"not_picked":["Steam","Barrage"],"picked":"Skim","floor":8.0},{"not_picked":["Conserve Battery","Redo"],"picked":"Glacier","floor":11.0},{"not_picked":["Tempest","Barrage"],"picked":"Seek","floor":12.0},{"not_picked":["Genetic Algorithm","Leap"],"picked":"Coolheaded","floor":13.0},{"not_picked":["Compile Driver","Auto Shields"],"picked":"Capacitor","floor":14.0},{"not_picked":["Amplify","Hyperbeam"],"picked":"Buffer","floor":16.0},{"not_picked":["Doom and Gloom","Capacitor"],"picked":"Consume+1","floor":18.0},{"not_picked":["Go for the Eyes","FTL","Auto Shields"],"picked":"SKIP","floor":20.0},{"not_picked":["Hologram","Sweeping Beam"],"picked":"Coolheaded","floor":22.0},{"not_picked":["FTL","Static Discharge","Consume"],"picked":"SKIP","floor":28.0},{"not_picked":["Rainbow","Lockon","Reprogram"],"picked":"SKIP","floor":29.0},{"not_picked":["Auto Shields","Fusion+1"],"picked":"Capacitor+1","floor":31.0},{"not_picked":["Beam Cell","Double Energy+1","Blizzard"],"picked":"SKIP","floor":35.0},{"not_picked":["Double Energy+1","Self Repair","Scrape"],"picked":"SKIP","floor":39.0},{"not_picked":["Violence","Swift Strike"],"picked":"Enlightenment","floor":41.0},{"not_picked":["Sadistic Nature","Madness"],"picked":"Trip","floor":41.0},{"not_picked":["FTL","Conserve Battery+1","Aggregate"],"picked":"SKIP","floor":45.0},{"not_picked":["Rebound","Sweeping Beam+1"],"picked":"Barrage","floor":46.0},{"not_picked":["Steam","Rainbow","Turbo"],"picked":"SKIP","floor":48.0}],"player_experience":254024,"relics_obtained":[{"floor":8.0,"key":"PreservedInsect"},{"floor":9.0,"key":"Tiny Chest"},{"floor":11.0,"key":"Juzu Bracelet"},{"floor":19.0,"key":"Mummified Hand"},{"floor":22.0,"key":"Red Mask"},{"floor":26.0,"key":"Pen Nib"},{"floor":29.0,"key":"Boot"},{"floor":31.0,"key":"Vajra"},{"floor":43.0,"key":"The Courier"},{"floor":45.0,"key":"Meat on the Bone"}],"event_choices":[{"cards_removed":["Strike_B"],"damage_healed":0.0,"max_hp_gain":0.0,"max_hp_loss":0.0,"gold_gain":0.0,"event_name":"Golden Wing","player_choice":"Card Removal","floor":5.0,"gold_loss":0.0,"damage_taken":7.0},{"damage_healed":0.0,"max_hp_gain":0.0,"max_hp_loss":0.0,"gold_gain":0.0,"event_name":"Upgrade Shrine","player_choice":"Upgraded","floor":7.0,"gold_loss":0.0,"damage_taken":0.0,"cards_upgraded":["Streamline"]},{"damage_healed":0.0,"max_hp_gain":0.0,"max_hp_loss":0.0,"gold_gain":0.0,"event_name":"Masked Bandits","player_choice":"Fought Bandits","floor":22.0,"gold_loss":0.0,"damage_taken":0.0},{"damage_healed":0.0,"max_hp_gain":0.0,"max_hp_loss":3.0,"gold_gain":0.0,"event_name":"Winding Halls","player_choice":"Max HP","floor":36.0,"gold_loss":0.0,"damage_taken":0.0},{"cards_removed":["Gash"],"damage_healed":0.0,"max_hp_gain":0.0,"max_hp_loss":0.0,"gold_gain":0.0,"event_name":"Falling","player_choice":"Removed Attack","floor":38.0,"gold_loss":0.0,"damage_taken":0.0},{"damage_healed":0.0,"max_hp_gain":0.0,"max_hp_loss":0.0,"gold_gain":0.0,"event_name":"SensoryStone","player_choice":"Memory 2","floor":41.0,"gold_loss":0.0,"damage_taken":5.0}],"is_beta":false,"boss_relics":[{"not_picked":["Tiny House","Lizard Tail"],"picked":"Sozu"},{"not_picked":["Inserter","Calling Bell"],"picked":"Empty Cage"}],"items_purged_floors":[21],"is_endless":false,"potions_floor_spawned":[3,4,14,20,28,31,35,48],"ascension_level":17}