{"gold_per_floor":[118,132,132,61,72,91,91,91,91,166,91,91,120,138,138,239,239,249,249,231,131,145,145,20,20,44,58,58,72,72,72,72,72],"floor_reached":33,"playtime":753,"items_purged":["Strike_R","Strike_R","Bash"],"score":270,"play_id":"4ce9bc46-f0b4-4faf-96f5-f04ccddba086","local_time":"20190415145900","is_ascension_mode":false,"campfire_choices":[{"data":"Searing Blow","floor":7.0,"key":"SMITH"},{"data":"Searing Blow+1","floor":12.0,"key":"SMITH"},{"data":"Searing Blow+2","floor":15.0,"key":"SMITH"},{"floor":23,"key":"REST"},{"floor":28,"key":"REST"},{"data":"Searing Blow+3","floor":30,"key":"SMITH"},{"data":"Defend_R","floor":32,"key":"SMITH"}],"neow_cost":"NONE","seed_source_timestamp":411283022664665,"circlet_count":0,"master_deck":["Strike_R","Defend_R+1","Defend_R","Defend_R","Defend_R","Searing Blow+4"],"special_seed":0,"relics":["Burning Blood","Singing Bowl","Incense Burner","Eternal Feather","Nloth\u0027s Gift","Regal Pillow"],"potions_floor_usage":[27,33],"damage_taken":[{"damage":1.0,"enemies":"2 Louse","floor":1.0,"turns":4.0},{"damage":13.0,"enemies":"Jaw Worm","floor":2.0,"turns":3.0},{"damage":2.0,"enemies":"Small Slimes","floor":5.0,"turns":3.0},{"damage":13.0,"enemies":"Blue Slaver","floor":6.0,"turns":5.0},{"damage":26.0,"enemies":"Lagavulin","floor":13.0,"turns":7.0},{"damage":0.0,"enemies":"3 Louse","floor":14.0,"turns":3.0},{"damage":36.0,"enemies":"Slime Boss","floor":16.0,"turns":14.0},{"damage":45.0,"enemies":"3 Byrds","floor":18.0,"turns":9.0},{"damage":20,"enemies":"2 Thieves","floor":20,"turns":4},{"damage":32,"enemies":"Chosen and Byrds","floor":22,"turns":6},{"damage":22,"enemies":"Cultist and Chosen","floor":27,"turns":7},{"damage":20,"enemies":"Centurion and Healer","floor":29,"turns":6},{"damage":82,"enemies":"Collector","floor":33,"turns":10}],"seed_played":"-4794363897547911294","potions_obtained":[{"floor":2.0,"key":"Block Potion"},{"floor":5.0,"key":"SpeedPotion"},{"floor":13.0,"key":"EssenceOfSteel"},{"floor":14.0,"key":"EssenceOfSteel"},{"floor":22,"key":"EssenceOfSteel"},{"floor":27,"key":"Ancient Potion"}],"is_trial":false,"path_per_floor":["M","M","?","$","M","M","R","T","T","?","$","R","E","M","R","B",null,"M","?","M","$","M","R","$","?","T","M","R","M","R","?","R","B"],"character_chosen":"IRONCLAD","items_purchased":["Searing Blow"],"campfire_rested":2,"item_purchase_floors":[4],"current_hp_per_floor":[80,73,66,66,70,63,63,63,63,52,52,52,34,42,42,14,86,49,49,37,37,13,43,43,43,43,29,75,63,66,66,69,0],"gold":72,"neow_bonus":"REMOVE_CARD","is_prod":false,"is_daily":false,"chose_seed":false,"campfire_upgraded":5,"win_rate":0,"timestamp":1555333140,"path_taken":["M","M","?","$","M","M","R","?","T","?","?","R","E","M","R","BOSS","M","?","?","$","M","R","$","?","T","M","R","M","R","?","R","BOSS"],"build_version":"2019-01-23","purchased_purges":3,"victory":false,"max_hp_per_floor":[80,80,80,80,80,80,80,80,80,80,80,80,82,84,84,86,86,88,88,90,90,92,92,92,92,92,94,94,96,96,96,96,96],"card_choices":[{"not_picked":["Body Slam","Rupture","Reckless Charge"],"picked":"SKIP","floor":1.0},{"not_picked":["Reckless Charge","Spot Weakness","Clothesline"],"picked":"SKIP","floor":2.0},{"not_picked":["Clash","Heavy Blade","Headbutt"],"picked":"SKIP","floor":5.0},{"not_picked":["Wild Strike","Hemokinesis","Anger"],"picked":"SKIP","floor":6.0},{"not_picked":["Metallicize","Whirlwind","Havoc"],"picked":"Singing Bowl","floor":13.0},{"not_picked":["Clothesline","Twin Strike","Limit Break"],"picked":"Singing Bowl","floor":14.0},{"not_picked":["Berserk","Feed","Juggernaut"],"picked":"Singing Bowl","floor":16.0},{"not_picked":["Havoc","Shockwave","Dropkick"],"picked":"Singing Bowl","floor":18.0},{"not_picked":["Pommel Strike+1","True Grit+1","Sword Boomerang+1"],"picked":"Singing Bowl","floor":20},{"not_picked":["Heavy Blade","Sentinel","True Grit"],"picked":"Singing Bowl","floor":22},{"not_picked":["Reaper","Body Slam","Havoc"],"picked":"Singing Bowl","floor":27},{"not_picked":["Perfected Strike+1","Evolve","Pommel Strike"],"picked":"Singing Bowl","floor":29}],"player_experience":175608,"relics_obtained":[{"floor":8.0,"key":"Ornamental Fan"},{"floor":9.0,"key":"Singing Bowl"},{"floor":13.0,"key":"Incense Burner"},{"floor":26,"key":"Regal Pillow"}],"event_choices":[{"cards_removed":["Strike_R"],"damage_healed":0.0,"max_hp_gain":0.0,"max_hp_loss":0.0,"gold_gain":0.0,"event_name":"Golden Wing","player_choice":"Card Removal","floor":3.0,"gold_loss":0.0,"damage_taken":7.0},{"damage_healed":0.0,"max_hp_gain":0.0,"max_hp_loss":0.0,"gold_gain":75.0,"event_name":"World of Goop","player_choice":"Gather Gold","floor":10.0,"gold_loss":0.0,"damage_taken":11.0},{"damage_healed":0.0,"max_hp_gain":0.0,"max_hp_loss":0.0,"gold_gain":0.0,"event_name":"N\u0027loth","player_choice":"Traded Relic","floor":19.0,"relics_lost":["Ornamental Fan"],"gold_loss":0.0,"damage_taken":0.0,"relics_obtained":["Nloth\u0027s Gift"]},{"damage_healed":0,"gold_gain":0,"player_choice":"Ignored","damage_taken":0,"max_hp_gain":0,"max_hp_loss":0,"event_name":"Cursed Tome","floor":25,"gold_loss":0}],"is_beta":false,"boss_relics":[{"not_picked":["Ectoplasm","Runic Dome"],"picked":"Eternal Feather"}],"items_purged_floors":[11,21,24],"is_endless":false,"potions_floor_spawned":[2,5,13,14,22,27],"killed_by":"Collector","ascension_level":0}