{"gold_per_floor":[110,35,35,35,52,86,86,86,138,138,170,44,44,60,60,137,137,154,102,122,137,137,166,166,184,210,210,210,210,33,50,50,50],"floor_reached":33,"playtime":873,"items_purged":["Strike_R","Defend_R","Defend_R"],"score":474,"play_id":"ebca5051-01f0-4068-b0ce-b2136f196017","local_time":"20190529005455","is_ascension_mode":true,"campfire_choices":[{"data":"Immolate","floor":7.0,"key":"SMITH"},{"data":"Evolve","floor":10.0,"key":"SMITH"},{"data":"Bash","floor":15.0,"key":"SMITH"},{"data":"True Grit","floor":24.0,"key":"SMITH"},{"data":"True Grit","floor":29.0,"key":"SMITH"},{"data":"True Grit","floor":32.0,"key":"SMITH"}],"neow_cost":"NONE","seed_source_timestamp":135521648914454,"circlet_count":0,"master_deck":["AscendersBane","Strike_R+1","Strike_R","Defend_R","Defend_R","Bash+1","Immolate+1","Evolve+1","Headbutt+1","Flame Barrier+1","Shrug It Off","Dark Embrace","Bloodletting+1","True Grit+1","Decay","True Grit+1","True Grit+1"],"special_seed":0,"relics":["Burning Blood","Matryoshka","Art of War","Orichalcum","Gremlin Horn","Sozu","Mummified Hand","PreservedInsect","Whetstone"],"potions_floor_usage":[33],"damage_taken":[{"damage":7.0,"enemies":"Small Slimes","floor":1.0,"turns":2.0},{"damage":2.0,"enemies":"Jaw Worm","floor":5.0,"turns":3.0},{"damage":20.0,"enemies":"Gremlin Nob","floor":6.0,"turns":4.0},{"damage":28.0,"enemies":"Lagavulin","floor":11.0,"turns":6.0},{"damage":0.0,"enemies":"Cultist","floor":14.0,"turns":4.0},{"damage":16.0,"enemies":"Hexaghost","floor":16.0,"turns":8.0},{"damage":12.0,"enemies":"Shell Parasite","floor":18.0,"turns":4.0},{"damage":0.0,"enemies":"3 Byrds","floor":20.0,"turns":4.0},{"damage":14.0,"enemies":"3 Cultists","floor":21.0,"turns":5.0},{"damage":13.0,"enemies":"Gremlin Leader","floor":23.0,"turns":7.0},{"damage":0.0,"enemies":"Centurion and Healer","floor":25.0,"turns":4.0},{"damage":18.0,"enemies":"Snake Plant","floor":31.0,"turns":4.0},{"damage":85,"enemies":"Champ","floor":33,"turns":17}],"seed_played":"2972117285880835264","potions_obtained":[{"floor":1.0,"key":"PowerPotion"},{"floor":5.0,"key":"SpeedPotion"},{"floor":6.0,"key":"BloodPotion"},{"floor":16.0,"key":"FairyPotion"}],"is_trial":false,"path_per_floor":["M","$","?","?","M","E","R","$","T","R","E","$","?","M","R","B",null,"M","$","M","M","?","E","R","M","T","?","?","R","$","M","R","B"],"character_chosen":"IRONCLAD","items_purchased":["Shrug It Off","True Grit","True Grit"],"campfire_rested":0,"item_purchase_floors":[12,19,30],"current_hp_per_floor":[67,67,67,60,64,50,50,50,50,50,28,28,28,34,34,24,62,56,56,62,54,54,47,47,53,53,53,53,53,53,41,41,0],"gold":50,"neow_bonus":"ONE_RANDOM_RARE_CARD","is_prod":false,"is_daily":false,"chose_seed":false,"campfire_upgraded":6,"win_rate":0,"timestamp":1559084095,"path_taken":["M","$","?","?","M","E","R","$","T","R","E","$","?","M","R","BOSS","M","$","M","M","?","E","R","M","T","?","?","R","$","M","R","BOSS"],"build_version":"2019-01-23","purchased_purges":3,"victory":false,"max_hp_per_floor":[75,75,75,75,75,75,75,75,75,75,75,75,75,75,75,75,75,75,75,75,75,75,75,75,75,75,75,75,75,75,75,75,75],"card_choices":[{"not_picked":["Sword Boomerang","Fire Breathing"],"picked":"Evolve","floor":1.0},{"not_picked":["Combust","Armaments"],"picked":"Headbutt","floor":5.0},{"not_picked":["Combust","Cleave","Pummel"],"picked":"SKIP","floor":6.0},{"not_picked":["Bloodletting","Armaments"],"picked":"Flame Barrier","floor":11.0},{"not_picked":["Flex","Sword Boomerang","Perfected Strike"],"picked":"SKIP","floor":14.0},{"not_picked":["Double Tap","Juggernaut"],"picked":"Dark Embrace","floor":16.0},{"not_picked":["Heavy Blade+1","Perfected Strike+1"],"picked":"Bloodletting+1","floor":18.0},{"not_picked":["Sword Boomerang","Infernal Blade","Pommel Strike"],"picked":"SKIP","floor":20.0},{"not_picked":["Brutality","Intimidate","Heavy Blade"],"picked":"SKIP","floor":21.0},{"not_picked":["Hemokinesis","Wild Strike","Pummel"],"picked":"SKIP","floor":23.0},{"not_picked":["Clash","Pummel"],"picked":"True Grit","floor":25.0},{"not_picked":["Flex","Hemokinesis","Warcry"],"picked":"SKIP","floor":31.0}],"player_experience":263343,"relics_obtained":[{"floor":6.0,"key":"Matryoshka"},{"floor":9.0,"key":"Art of War"},{"floor":9.0,"key":"Orichalcum"},{"floor":11.0,"key":"Gremlin Horn"},{"floor":23.0,"key":"Mummified Hand"},{"floor":26.0,"key":"PreservedInsect"},{"floor":26.0,"key":"Whetstone"}],"event_choices":[{"cards_removed":["Strike_R"],"damage_healed":0.0,"max_hp_gain":0.0,"max_hp_loss":0.0,"gold_gain":0.0,"event_name":"Living Wall","player_choice":"Forget","floor":3.0,"gold_loss":0.0,"damage_taken":0.0},{"cards_removed":["Strike_R"],"damage_healed":0.0,"max_hp_gain":0.0,"max_hp_loss":0.0,"gold_gain":0.0,"event_name":"Golden Wing","player_choice":"Card Removal","floor":4.0,"gold_loss":0.0,"damage_taken":7.0},{"damage_healed":0.0,"max_hp_gain":0.0,"max_hp_loss":0.0,"gold_gain":0.0,"event_name":"Accursed Blacksmith","player_choice":"Forge","floor":13.0,"gold_loss":0.0,"damage_taken":0.0,"cards_upgraded":["Flame Barrier"]},{"damage_healed":0.0,"max_hp_gain":0.0,"max_hp_loss":0.0,"gold_gain":0.0,"event_name":"Forgotten Altar","player_choice":"Smashed Altar","floor":22.0,"gold_loss":0.0,"damage_taken":0.0,"cards_obtained":["Decay"]},{"damage_healed":0.0,"max_hp_gain":0.0,"max_hp_loss":0.0,"gold_gain":0.0,"event_name":"The Mausoleum","player_choice":"Ignored","floor":27.0,"gold_loss":0.0,"damage_taken":0.0},{"damage_healed":0.0,"max_hp_gain":0.0,"max_hp_loss":0.0,"gold_gain":0.0,"event_name":"Ghosts","player_choice":"Ignored","floor":28.0,"gold_loss":0.0,"damage_taken":0.0}],"is_beta":false,"boss_relics":[{"not_picked":["Tiny House","Runic Pyramid"],"picked":"Sozu"}],"items_purged_floors":[2,12,30],"is_endless":false,"potions_floor_spawned":[1,5,6,16,25,31],"killed_by":"Champ","ascension_level":15}