{"gold_per_floor":[117,117,42,58,74,99,120,132,132,148,161,161,161,187,187,283,283,296,310,310,20,32,32,32],"floor_reached":24,"playtime":3926,"items_purged":["Strike_R","Pain"],"score":208,"play_id":"3acbc3a8-cd67-4e15-99b8-1c67634735ca","local_time":"20190103121610","is_ascension_mode":false,"campfire_choices":[{"floor":13,"key":"REST"},{"floor":15,"key":"REST"},{"floor":23,"key":"REST"}],"neow_cost":"TEN_PERCENT_HP_LOSS","seed_source_timestamp":0,"circlet_count":0,"master_deck":["Strike_R","Strike_R","Defend_R","Defend_R","Defend_R","Bash","Infernal Blade","Reckless Charge","True Grit","Body Slam","Shockwave","Pummel","Flex","Clash","Warcry","Ghostly Armor","Seeing Red","Brutality","Intimidate","The Bomb","Dark Embrace"],"special_seed":0,"relics":["Burning Blood","Ancient Tea Set","Odd Mushroom","Happy Flower","Sundial","Strawberry","Black Star","WarpedTongs"],"potions_floor_usage":[10,16,24],"damage_taken":[{"damage":0.0,"enemies":"2 Louse","floor":1.0,"turns":3.0},{"damage":6.0,"enemies":"Jaw Worm","floor":4.0,"turns":3.0},{"damage":0.0,"enemies":"Small Slimes","floor":5.0,"turns":3.0},{"damage":25.0,"enemies":"Gremlin Nob","floor":6.0,"turns":5.0},{"damage":17.0,"enemies":"The Mushroom Lair","floor":7.0,"turns":4.0},{"damage":8.0,"enemies":"Exordium Wildlife","floor":8.0,"turns":5.0},{"damage":4,"enemies":"3 Sentries","floor":10,"turns":4},{"damage":1,"enemies":"Exordium Wildlife","floor":11,"turns":3},{"damage":21,"enemies":"Lagavulin","floor":14,"turns":6},{"damage":52,"enemies":"Hexaghost","floor":16,"turns":9},{"damage":8,"enemies":"Shell Parasite","floor":18,"turns":5},{"damage":47,"enemies":"Spheric Guardian","floor":19,"turns":6},{"damage":35,"enemies":"Centurion and Healer","floor":22,"turns":6},{"damage":31,"enemies":"Slavers","floor":24,"turns":4}],"seed_played":"2993727653759647660","potions_obtained":[{"floor":5.0,"key":"EssenceOfSteel"},{"floor":7.0,"key":"Explosive Potion"},{"floor":8,"key":"Dexterity Potion"},{"floor":16,"key":"Explosive Potion"},{"floor":19,"key":"Weak Potion"},{"floor":22,"key":"Poison Potion"}],"is_trial":false,"path_per_floor":["M","?","$","M","M","E","?","M","T","T","E","M","?","R","E","R","B",null,"M","M","?","$","M","R","E"],"character_chosen":"IRONCLAD","items_purchased":["The Bomb"],"campfire_rested":3,"item_purchase_floors":[21],"current_hp_per_floor":[72,72,72,72,72,53,42,40,40,42,47,35,56,48,71,25,79,77,36,36,36,7,30,0],"gold":32,"neow_bonus":"TRANSFORM_TWO_CARDS","is_prod":false,"is_daily":false,"chose_seed":false,"campfire_upgraded":0,"win_rate":0,"timestamp":1546514170,"path_taken":["M","?","?","M","M","E","?","?","T","E","M","?","R","E","R","BOSS","M","M","?","$","M","R","E"],"build_version":"2018-12-20","purchased_purges":2,"victory":false,"max_hp_per_floor":[72,72,72,72,72,72,72,72,72,72,72,72,72,79,79,79,79,79,79,79,79,79,79,79],"card_choices":[{"not_picked":["Sword Boomerang","Twin Strike"],"picked":"True Grit","floor":1.0},{"not_picked":["Thunderclap","Armaments"],"picked":"Shockwave","floor":4.0},{"not_picked":["Twin Strike","Perfected Strike"],"picked":"Pummel","floor":5.0},{"not_picked":["Shockwave","Heavy Blade"],"picked":"Flex","floor":6.0},{"not_picked":["Sever Soul","Juggernaut"],"picked":"Clash","floor":7.0},{"not_picked":["Sever Soul","Fiend Fire"],"picked":"Warcry","floor":10},{"not_picked":["Warcry","Armaments"],"picked":"Ghostly Armor","floor":11},{"not_picked":["Juggernaut","Heavy Blade"],"picked":"Seeing Red","floor":14},{"not_picked":["Double Tap","Barricade"],"picked":"Brutality","floor":16},{"not_picked":["Pommel Strike+1","Heavy Blade+1"],"picked":"Intimidate","floor":18},{"not_picked":["Hemokinesis","Twin Strike","Pommel Strike+1"],"picked":"SKIP","floor":19},{"not_picked":["Warcry","Flex"],"picked":"Dark Embrace","floor":22}],"player_experience":51094,"relics_obtained":[{"floor":6.0,"key":"Ancient Tea Set"},{"floor":7.0,"key":"Odd Mushroom"},{"floor":9,"key":"Happy Flower"},{"floor":14,"key":"Strawberry"}],"event_choices":[{"damage_healed":0.0,"max_hp_gain":0.0,"max_hp_loss":0.0,"gold_gain":0.0,"cards_transformed":["Strike_R"],"event_name":"Living Wall","player_choice":"Change","floor":2.0,"gold_loss":0.0,"damage_taken":0.0,"cards_obtained":["Body Slam"]},{"damage_healed":0.0,"max_hp_gain":0.0,"max_hp_loss":0.0,"gold_gain":0.0,"event_name":"Mushrooms","player_choice":"Fought Mushrooms","floor":7.0,"gold_loss":0.0,"damage_taken":0.0},{"damage_healed":0,"gold_gain":0,"player_choice":"Success","damage_taken":12,"relics_obtained":["Sundial"],"max_hp_gain":0,"max_hp_loss":0,"event_name":"Scrap Ooze","floor":12,"gold_loss":0},{"damage_healed":0,"gold_gain":0,"player_choice":"Rummage","damage_taken":0,"relics_obtained":["WarpedTongs"],"max_hp_gain":0,"max_hp_loss":0,"event_name":"Accursed Blacksmith","floor":20,"gold_loss":0,"cards_obtained":["Pain"]}],"is_beta":false,"boss_relics":[{"not_picked":["Astrolabe","Philosopher\u0027s Stone"],"picked":"Black Star"}],"items_purged_floors":[3,21],"is_endless":false,"potions_floor_spawned":[5,7,8,16,19,22],"killed_by":"Slavers","ascension_level":0}