{"gold_per_floor":[116,131,144,144,144,179,179,205,205,205,222,22,38,52,52,124,124,124,124,124,124],"floor_reached":21,"playtime":1368,"items_purged":["Strike_R"],"score":372,"play_id":"be27fe35-a3d3-457d-ab61-f3f2f8d15b81","local_time":"20181112142518","is_ascension_mode":true,"campfire_choices":[{"data":"Carnage","floor":7.0,"key":"SMITH"},{"data":"True Grit","floor":10.0,"key":"SMITH"},{"data":"True Grit","floor":15.0,"key":"SMITH"}],"neow_cost":"NONE","seed_source_timestamp":280144771289288,"circlet_count":0,"master_deck":["AscendersBane","Strike_R","Strike_R","Strike_R","Strike_R","Defend_R","Defend_R","Defend_R","Defend_R","Bash","Impatience","Carnage+1","True Grit+1","Barricade","Inflame","True Grit+1","Rampage","Battle Trance","Shrug It Off"],"special_seed":0,"relics":["Burning Blood","Mummified Hand","Vajra","Sundial","Ectoplasm","Nilry\u0027s Codex"],"potions_floor_usage":[16,18],"damage_taken":[{"damage":11.0,"enemies":"Jaw Worm","floor":1.0,"turns":5.0},{"damage":6.0,"enemies":"2 Louse","floor":2.0,"turns":3.0},{"damage":0.0,"enemies":"Cultist","floor":3.0,"turns":2.0},{"damage":33.0,"enemies":"Lagavulin","floor":6.0,"turns":6.0},{"damage":33.0,"enemies":"Gremlin Nob","floor":8.0,"turns":4.0},{"damage":7.0,"enemies":"3 Louse","floor":11.0,"turns":5.0},{"damage":2.0,"enemies":"Looter","floor":13.0,"turns":3.0},{"damage":0.0,"enemies":"Large Slime","floor":14.0,"turns":4.0},{"damage":24,"enemies":"Hexaghost","floor":16,"turns":11},{"damage":29,"enemies":"3 Byrds","floor":18,"turns":6},{"damage":3,"enemies":"Chosen","floor":20,"turns":6},{"damage":23,"enemies":"Sentry and Sphere","floor":21,"turns":5}],"seed_played":"-4709493936865780472","potions_obtained":[{"floor":2.0,"key":"Explosive Potion"},{"floor":3.0,"key":"GamblersBrew"},{"floor":11.0,"key":"Energy Potion"},{"floor":13.0,"key":"Explosive Potion"}],"is_trial":false,"path_per_floor":["M","M","M","?","?","E","R","E","T","R","M","$","M","M","R","B",null,"M","?","M","M"],"character_chosen":"IRONCLAD","items_purchased":["Rampage","Battle Trance"],"campfire_rested":0,"item_purchase_floors":[12,12],"current_hp_per_floor":[63,63,69,69,74,47,47,20,20,20,19,19,23,29,29,11,63,40,19,22,0],"gold":124,"neow_bonus":"RANDOM_COLORLESS","is_prod":false,"is_daily":false,"chose_seed":false,"campfire_upgraded":3,"win_rate":0,"timestamp":1542029118,"path_taken":["M","M","M","?","?","E","R","E","T","R","M","$","M","M","R","BOSS","M","?","M","M"],"build_version":"2018-11-08","purchased_purges":1,"victory":false,"max_hp_per_floor":[75,75,75,75,80,80,80,80,80,80,80,80,80,80,80,80,80,80,80,80,80],"card_choices":[{"not_picked":["Armaments","True Grit"],"picked":"Carnage","floor":1.0},{"not_picked":["Clash","Intimidate"],"picked":"True Grit","floor":2.0},{"not_picked":["Impervious","Clash"],"picked":"Barricade","floor":6.0},{"not_picked":["Cleave","Wild Strike"],"picked":"Inflame","floor":8.0},{"not_picked":["Headbutt","Warcry"],"picked":"True Grit","floor":11.0},{"not_picked":["Thunderclap","Second Wind"],"picked":"Shrug It Off","floor":13.0}],"player_experience":1282657,"relics_obtained":[{"floor":6.0,"key":"Mummified Hand"},{"floor":8.0,"key":"Vajra"},{"floor":9.0,"key":"Sundial"},{"floor":19,"key":"Nilry\u0027s Codex"}],"event_choices":[{"damage_healed":0.0,"max_hp_gain":0.0,"max_hp_loss":0.0,"gold_gain":0.0,"event_name":"Liars Game","player_choice":"Ignored","floor":4.0,"gold_loss":0.0,"damage_taken":0.0},{"damage_healed":0.0,"max_hp_gain":5.0,"max_hp_loss":0.0,"gold_gain":0.0,"event_name":"Big Fish","player_choice":"Donut","floor":5.0,"gold_loss":0.0,"damage_taken":0.0},{"damage_healed":0,"gold_gain":0,"player_choice":"Obtained Book","damage_taken":21,"max_hp_gain":0,"max_hp_loss":0,"event_name":"Cursed Tome","floor":19,"gold_loss":0}],"is_beta":false,"boss_relics":[{"not_picked":["Coffee Dripper","Black Star"],"picked":"Ectoplasm"}],"items_purged_floors":[12],"is_endless":false,"potions_floor_spawned":[2,3,11,13],"killed_by":"Sentry and Sphere","ascension_level":19}