{"gold_per_floor":[113,129,145,70,70,83,127,151,151,151,172,172,172,216,216,216],"floor_reached":16,"playtime":499,"items_purged":["Strike_R"],"score":190,"play_id":"d62f2eaf-4585-4676-9920-a3df91c69540","local_time":"20190519204713","is_ascension_mode":true,"campfire_choices":[{"data":"Whirlwind","floor":10.0,"key":"SMITH"},{"data":"Rampage","floor":13.0,"key":"SMITH"},{"data":"Metallicize","floor":15.0,"key":"SMITH"}],"neow_cost":"PERCENT_DAMAGE","seed_source_timestamp":12735781374110,"circlet_count":0,"master_deck":["AscendersBane","Strike_R","Strike_R","Strike_R","Strike_R","Defend_R","Defend_R","Defend_R","Defend_R","Bash","Reaper","Rampage+1","Shrug It Off","Whirlwind+1","Metallicize+1"],"special_seed":0,"relics":["Burning Blood","Golden Idol","Boot","Bottled Flame","Meat on the Bone","Darkstone Periapt"],"potions_floor_usage":[],"damage_taken":[{"damage":6.0,"enemies":"Cultist","floor":1.0,"turns":4.0},{"damage":10.0,"enemies":"2 Louse","floor":2.0,"turns":3.0},{"damage":7.0,"enemies":"Jaw Worm","floor":3.0,"turns":4.0},{"damage":14.0,"enemies":"Red Slaver","floor":6.0,"turns":4.0},{"damage":39.0,"enemies":"3 Sentries","floor":7.0,"turns":8.0},{"damage":0.0,"enemies":"3 Louse","floor":8.0,"turns":2.0},{"damage":0.0,"enemies":"Large Slime","floor":11.0,"turns":4.0},{"damage":37.0,"enemies":"Lagavulin","floor":14.0,"turns":8.0},{"damage":53,"enemies":"The Guardian","floor":16,"turns":14}],"seed_played":"7103195990912218919","potions_obtained":[{"floor":1.0,"key":"Ancient Potion"},{"floor":7.0,"key":"BloodPotion"},{"floor":8.0,"key":"Regen Potion"}],"is_trial":false,"path_per_floor":["M","M","M","$","?","M","E","M","T","R","M","T","R","E","R","B"],"character_chosen":"IRONCLAD","items_purchased":[],"campfire_rested":0,"item_purchase_floors":[],"current_hp_per_floor":[50,54,57,57,57,49,28,40,40,40,63,63,63,44,44,0],"gold":216,"neow_bonus":"THREE_RARE_CARDS","is_prod":false,"is_daily":false,"chose_seed":false,"campfire_upgraded":3,"win_rate":0,"timestamp":1558291633,"path_taken":["M","?","?","$","?","M","E","M","T","R","M","?","R","E","R","BOSS"],"build_version":"2019-01-23","purchased_purges":1,"victory":false,"max_hp_per_floor":[75,75,75,75,69,69,69,69,69,69,69,69,69,69,69,69],"card_choices":[{"not_picked":["Fiend Fire","Bludgeon"],"picked":"Reaper","floor":0.0},{"not_picked":["Heavy Blade","Wild Strike"],"picked":"Rampage","floor":1.0},{"not_picked":["Thunderclap","Flex"],"picked":"Shrug It Off","floor":2.0},{"not_picked":["Havoc","Flex","Sword Boomerang"],"picked":"SKIP","floor":3.0},{"not_picked":["Clash","Shockwave"],"picked":"Whirlwind","floor":6.0},{"not_picked":["Seeing Red","Body Slam","Iron Wave"],"picked":"SKIP","floor":7.0},{"not_picked":["Havoc","Perfected Strike"],"picked":"Metallicize","floor":8.0},{"not_picked":["Armaments","Wild Strike","Bloodletting"],"picked":"SKIP","floor":11.0},{"not_picked":["Demon Form","Wild Strike","Iron Wave"],"picked":"SKIP","floor":14.0}],"player_experience":224451,"relics_obtained":[{"floor":7.0,"key":"Boot"},{"floor":9.0,"key":"Bottled Flame"},{"floor":12.0,"key":"Meat on the Bone"},{"floor":14.0,"key":"Darkstone Periapt"}],"event_choices":[{"damage_healed":0.0,"max_hp_gain":0.0,"max_hp_loss":6.0,"gold_gain":0.0,"event_name":"Golden Idol","player_choice":"Lose Max HP","floor":5.0,"gold_loss":0.0,"damage_taken":0.0,"relics_obtained":["Golden Idol"]}],"is_beta":false,"boss_relics":[],"items_purged_floors":[4],"is_endless":false,"potions_floor_spawned":[1,7,8],"killed_by":"The Guardian","ascension_level":14}