{"gold_per_floor":[114,124,14,30,48,48,76,76,122,151,151,184,203,213,213,287,287,304,316,334,348,348,348,374,389,443,454,485,485,516,96,96,172,172,190,207,207,257,271,271,299,171,171,202,202,202,219,10,10,10],"floor_reached":51,"playtime":21938,"items_purged":["Strike_R","Strike_R","Shame"],"score":1570,"play_id":"8d344737-23ed-4365-a385-89f796ca4243","local_time":"20181003135623","is_ascension_mode":true,"campfire_choices":[{"data":"Wild Strike","floor":6,"key":"SMITH"},{"data":"Bash","floor":8,"key":"SMITH"},{"data":"Metallicize","floor":11,"key":"SMITH"},{"data":"Body Slam","floor":15,"key":"SMITH"},{"data":"Flame Barrier","floor":23,"key":"SMITH"},{"data":"Uppercut","floor":29,"key":"SMITH"},{"data":"Disarm","floor":32,"key":"SMITH"},{"floor":40,"key":"REST"},{"data":"True Grit","floor":45,"key":"SMITH"},{"data":"True Grit","floor":49,"key":"SMITH"}],"neow_cost":"NONE","seed_source_timestamp":1728861210396655,"circlet_count":0,"master_deck":["Strike_R","Strike_R","Strike_R","Defend_R","Defend_R","Defend_R","Defend_R","Bash+1","AscendersBane","Cleave","Wild Strike+1","Feel No Pain","Second Wind","Metallicize+1","Feel No Pain","Disarm+1","Body Slam+1","Uppercut+1","Barricade","Flame Barrier+1","Shockwave","Metallicize","Metallicize","Feel No Pain","Entrench","Dark Embrace","Feel No Pain","Shrug It Off","Juggernaut","Body Slam+1","Metallicize","Anger","Dark Shackles","Discovery","Mind Blast","Ghostly Armor","True Grit+1","Madness","Madness","Battle Trance","True Grit+1","Shockwave"],"relics":["Burning Blood","Happy Flower","Mummified Hand","PreservedInsect","Orichalcum","Strawberry","Question Card","Snecko Eye","Regal Pillow","Potion Belt","Prayer Wheel","Kunai","Unceasing Top","Cursed Key","Bag of Preparation","Meat on the Bone","Bottled Lightning"],"potions_floor_usage":[7,10,19,24,28,30,50,50],"damage_taken":[{"damage":20,"enemies":"Small Slimes","floor":1,"turns":5},{"damage":7,"enemies":"Cultist","floor":2,"turns":4},{"damage":8,"enemies":"2 Louse","floor":4,"turns":2},{"damage":0,"enemies":"Lots of Slimes","floor":5,"turns":2},{"damage":25,"enemies":"Gremlin Nob","floor":7,"turns":4},{"damage":1,"enemies":"3 Sentries","floor":10,"turns":7},{"damage":23,"enemies":"Gremlin Nob","floor":12,"turns":4},{"damage":12,"enemies":"Exordium Thugs","floor":13,"turns":5},{"damage":0,"enemies":"Large Slime","floor":14,"turns":6},{"damage":24,"enemies":"Hexaghost","floor":16,"turns":11},{"damage":15,"enemies":"Spheric Guardian","floor":18,"turns":7},{"damage":13,"enemies":"2 Thieves","floor":19,"turns":5},{"damage":13,"enemies":"Snake Plant","floor":20,"turns":5},{"damage":0,"enemies":"Sentry and Sphere","floor":21,"turns":8},{"damage":15,"enemies":"Book of Stabbing","floor":24,"turns":5},{"damage":0,"enemies":"Cultist and Chosen","floor":25,"turns":6},{"damage":6,"enemies":"Snake Plant","floor":27,"turns":6},{"damage":13,"enemies":"Gremlin Leader","floor":28,"turns":5},{"damage":15,"enemies":"Book of Stabbing","floor":30,"turns":5},{"damage":12,"enemies":"Automaton","floor":33,"turns":13},{"damage":11,"enemies":"3 Darklings","floor":35,"turns":8},{"damage":4,"enemies":"3 Shapes","floor":36,"turns":4},{"damage":28,"enemies":"Spire Growth","floor":39,"turns":6},{"damage":15,"enemies":"Giant Head","floor":41,"turns":7},{"damage":0,"enemies":"2 Orb Walkers","floor":44,"turns":3},{"damage":1,"enemies":"3 Darklings","floor":47,"turns":4},{"damage":29,"enemies":"Awakened One","floor":50,"turns":13}],"seed_played":"2517247783948112047","potions_obtained":[{"floor":2,"key":"PowerPotion"},{"floor":4,"key":"Energy Potion"},{"floor":7,"key":"Regen Potion"},{"floor":12,"key":"Energy Potion"},{"floor":13,"key":"Regen Potion"},{"floor":25,"key":"Regen Potion"},{"floor":27,"key":"LiquidBronze"},{"floor":28,"key":"Fruit Juice"},{"floor":30,"key":"SteroidPotion"},{"floor":33,"key":"FearPotion"},{"floor":39,"key":"Explosive Potion"},{"floor":44,"key":"SkillPotion"}],"is_trial":false,"path_per_floor":["M","M","?","M","M","R","E","R","T","E","R","E","M","M","R","B",null,"M","M","M","M","?","R","E","M","T","M","E","R","E","$","R","B",null,"M","M","?","?","M","R","E","$","T","E","R","?","M","$","R","B"],"character_chosen":"IRONCLAD","items_purchased":["Unceasing Top","True Grit","Shockwave"],"campfire_rested":1,"item_purchase_floors":[31,42,48],"current_hp_per_floor":[54,53,53,51,57,57,38,38,38,65,65,48,42,48,48,30,69,60,53,46,52,28,28,33,39,39,39,46,46,42,42,42,36,78,73,75,65,56,34,76,67,67,67,73,73,56,61,61,61,50],"gold":10,"neow_bonus":"RANDOM_COMMON_RELIC","is_prod":false,"is_daily":false,"chose_seed":false,"campfire_upgraded":9,"win_rate":0,"timestamp":1538567783,"path_taken":["M","M","?","M","M","R","E","R","T","E","R","E","M","M","R","BOSS","M","M","M","?","?","R","E","?","T","M","E","R","E","?","R","BOSS","M","M","?","?","M","R","E","?","T","E","R","?","?","$","R","BOSS"],"build_version":"2018-09-27","purchased_purges":3,"victory":true,"max_hp_per_floor":[75,75,75,75,75,75,75,75,75,82,82,82,82,82,82,82,82,82,82,82,82,87,87,87,87,87,87,87,87,92,92,92,92,92,92,92,92,92,92,92,92,92,92,92,92,92,92,92,92,92],"card_choices":[{"not_picked":["Reckless Charge","Rage"],"picked":"Cleave","floor":1},{"not_picked":["Corruption","Flex"],"picked":"Wild Strike","floor":2},{"not_picked":["Wild Strike","Infernal Blade"],"picked":"Feel No Pain","floor":4},{"not_picked":["Clash","Wild Strike"],"picked":"Second Wind","floor":5},{"not_picked":["Anger","Flex"],"picked":"Metallicize","floor":7},{"not_picked":["Twin Strike","Impervious"],"picked":"Feel No Pain","floor":10},{"not_picked":["Anger","Second Wind"],"picked":"Disarm","floor":12},{"not_picked":["Uppercut","Cleave","True Grit"],"picked":"Body Slam","floor":13},{"not_picked":["Fire Breathing","Wild Strike","Intimidate"],"picked":"Uppercut","floor":14},{"not_picked":["Dark Embrace","Bludgeon","Offering"],"picked":"Barricade","floor":16},{"not_picked":["Shockwave","Wild Strike","True Grit"],"picked":"Flame Barrier","floor":18},{"not_picked":["Inflame","Anger","Hemokinesis"],"picked":"Shockwave","floor":19},{"not_picked":["Pommel Strike","Armaments","Heavy Blade"],"picked":"Metallicize","floor":20},{"not_picked":["Whirlwind","Armaments","Havoc"],"picked":"Metallicize","floor":21},{"not_picked":["Havoc+1","Warcry","Clothesline"],"picked":"Feel No Pain","floor":24},{"not_picked":["Bloodletting","Clash+1","Rupture"],"picked":"Entrench","floor":25},{"not_picked":["Body Slam","Flame Barrier","Hemokinesis+1"],"picked":"Dark Embrace","floor":27},{"not_picked":["Heavy Blade","Flex","Pommel Strike"],"picked":"Feel No Pain","floor":28},{"not_picked":["Thunderclap","Corruption","Headbutt"],"picked":"Shrug It Off","floor":30},{"not_picked":["Bludgeon","Reaper","Immolate"],"picked":"Juggernaut","floor":33},{"not_picked":["Thunderclap+1","Headbutt","Havoc+1"],"picked":"Body Slam+1","floor":35},{"not_picked":["Sever Soul+1","Sword Boomerang","Twin Strike+1"],"picked":"Metallicize","floor":35},{"not_picked":["Seeing Red","Offering","Whirlwind"],"picked":"Anger","floor":36},{"not_picked":["Master of Strategy","Secret Weapon","Deep Breath"],"picked":"Dark Shackles","floor":37},{"not_picked":["Panacea","Mind Blast","Mayhem"],"picked":"Discovery","floor":37},{"not_picked":["Dark Shackles","Thinking Ahead","Blind"],"picked":"Mind Blast","floor":37},{"not_picked":["Rupture","Armaments","Dropkick"],"picked":"Ghostly Armor","floor":41},{"not_picked":["Sword Boomerang","Evolve","Corruption"],"picked":"Battle Trance","floor":47},{"not_picked":["Havoc","Intimidate+1","Whirlwind"],"picked":"True Grit","floor":47}],"player_experience":1101254,"relics_obtained":[{"floor":7,"key":"PreservedInsect"},{"floor":9,"key":"Orichalcum"},{"floor":10,"key":"Strawberry"},{"floor":12,"key":"Question Card"},{"floor":24,"key":"Regal Pillow"},{"floor":26,"key":"Potion Belt"},{"floor":28,"key":"Prayer Wheel"},{"floor":30,"key":"Kunai"},{"floor":41,"key":"Bag of Preparation"},{"floor":43,"key":"Meat on the Bone"},{"floor":44,"key":"Bottled Lightning"}],"event_choices":[{"event_name":"WeMeetAgain","player_choice":"Gold","floor":3,"damage_taken":0},{"event_name":"Forgotten Altar","player_choice":"Shed Blood","floor":22,"damage_taken":0},{"event_name":"SensoryStone","player_choice":"Memory 3","floor":37,"damage_taken":0},{"event_name":"FaceTrader","player_choice":"Touch","floor":38,"damage_taken":0},{"event_name":"Winding Halls","player_choice":"Embrace Madness","floor":46,"damage_taken":0}],"is_beta":false,"boss_relics":[{"not_picked":["Tiny House","Orrery"],"picked":"Snecko Eye"},{"not_picked":["Runic Pyramid","Black Blood"],"picked":"Cursed Key"}],"items_purged_floors":[31,42,48],"is_endless":false,"potions_floor_spawned":[2,4,7,12,13,18,25,27,28,30,33,39,44,47],"ascension_level":18}