{"gold_per_floor":[115,125,125,144,144,144,144,169,245,245,142,142,157,192,192,285,285,304,67,67,86,109,109,149,24,97,117,117,36,36,86,86,184,184,207,1,126,126,126,141,141,141,141,194,124,0,25,39,39,39],"floor_reached":51,"playtime":1580,"items_purged":["Strike_R","Strike_R","Shame","Strike_R"],"score":1252,"play_id":"f7300e7b-1770-4c42-99a5-71d41a3cded8","local_time":"20190531185612","is_ascension_mode":true,"campfire_choices":[{"floor":6.0,"key":"REST"},{"data":"Ghostly Armor","floor":10.0,"key":"SMITH"},{"data":"True Grit","floor":12.0,"key":"SMITH"},{"data":"Body Slam","floor":15.0,"key":"SMITH"},{"data":"True Grit","floor":23.0,"key":"SMITH"},{"floor":32.0,"key":"REST"},{"data":"Barricade","floor":42,"key":"SMITH"},{"floor":49,"key":"REST"}],"neow_cost":"TEN_PERCENT_HP_LOSS","seed_source_timestamp":372574048197911,"circlet_count":0,"master_deck":["AscendersBane","Defend_R","Defend_R","Defend_R","Defend_R","Ghostly Armor+1","Feel No Pain+1","Body Slam+1","Shrug It Off","Battle Trance","True Grit+1","Body Slam+1","Metallicize","Juggernaut","True Grit+1","Feel No Pain","Power Through+1","Feel No Pain","Barricade+1","Armaments+1","Evolve","Flame Barrier+1","Shrug It Off+1"],"special_seed":0,"relics":["Black Blood","Golden Idol","Blood Vial","Bottled Lightning","Girya","Dodecahedron","Gremlin Horn","Toxic Egg 2","Bottled Flame","Philosopher\u0027s Stone","Torii","The Courier","Art of War","Red Mask"],"potions_floor_usage":[47,50],"damage_taken":[{"damage":9.0,"enemies":"Cultist","floor":1.0,"turns":4.0},{"damage":11.0,"enemies":"Small Slimes","floor":2.0,"turns":5.0},{"damage":2.0,"enemies":"2 Louse","floor":4.0,"turns":4.0},{"damage":15.0,"enemies":"Red Slaver","floor":8.0,"turns":4.0},{"damage":2.0,"enemies":"Lots of Slimes","floor":13.0,"turns":7.0},{"damage":19.0,"enemies":"Lagavulin","floor":14.0,"turns":11.0},{"damage":34.0,"enemies":"Slime Boss","floor":16.0,"turns":21.0},{"damage":13.0,"enemies":"Shell Parasite","floor":18.0,"turns":5.0},{"damage":0.0,"enemies":"Chosen","floor":21.0,"turns":6.0},{"damage":35.0,"enemies":"Centurion and Healer","floor":22.0,"turns":10.0},{"damage":30.0,"enemies":"Book of Stabbing","floor":24.0,"turns":7.0},{"damage":11.0,"enemies":"Chosen and Byrds","floor":27.0,"turns":7.0},{"damage":3.0,"enemies":"Automaton","floor":33.0,"turns":9.0},{"damage":19.0,"enemies":"3 Shapes","floor":35.0,"turns":5.0},{"damage":0.0,"enemies":"Mind Bloom Boss Battle","floor":37.0,"turns":7.0},{"damage":1,"enemies":"3 Darklings","floor":40,"turns":5},{"damage":31,"enemies":"Jaw Worm Horde","floor":47,"turns":6},{"damage":7,"enemies":"Maw","floor":48,"turns":7},{"damage":15,"enemies":"Donu and Deca","floor":50,"turns":7}],"seed_played":"964002127386798420","potions_obtained":[{"floor":1.0,"key":"EssenceOfSteel"},{"floor":4.0,"key":"FairyPotion"},{"floor":18.0,"key":"Poison Potion"},{"floor":24.0,"key":"BloodPotion"},{"floor":27.0,"key":"LiquidBronze"},{"floor":35.0,"key":"Energy Potion"}],"is_trial":false,"path_per_floor":["M","M","?","M","?","R","?","M","T","R","$","R","M","E","R","B",null,"M","$","?","M","M","R","E","$","T","M","?","$","T","?","R","B",null,"M","$","?","?","?","M","$","R","T","T","$","?","M","M","R","B",null],"character_chosen":"IRONCLAD","items_purchased":["True Grit","True Grit","Feel No Pain","Feel No Pain","Armaments+1","Flame Barrier+1"],"campfire_rested":3,"item_purchase_floors":[11,19,19,29,36,45],"current_hp_per_floor":[65,60,37,41,21,41,41,34,34,34,34,34,40,29,29,9,53,52,52,52,64,41,41,23,23,23,30,30,30,30,30,50,59,66,59,59,68,68,68,68,68,68,68,68,68,68,47,52,68,63],"gold":39,"neow_bonus":"TRANSFORM_TWO_CARDS","is_prod":false,"is_daily":false,"chose_seed":false,"campfire_upgraded":5,"win_rate":0,"timestamp":1559321772,"path_taken":["M","?","?","M","?","R","?","?","T","R","?","R","M","E","R","BOSS","M","$","?","M","M","R","E","$","T","M","?","$","?","?","R","BOSS","M","$","?","?","?","M","$","R","T","?","$","?","M","M","R","BOSS"],"build_version":"2019-01-23","purchased_purges":4,"victory":true,"max_hp_per_floor":[68,68,68,68,68,68,68,68,68,68,68,68,68,68,68,68,68,68,68,68,68,68,68,68,68,68,68,68,68,68,68,68,68,68,68,68,68,68,68,68,68,68,68,68,68,68,68,68,68,68],"card_choices":[{"not_picked":["Headbutt","True Grit"],"picked":"Body Slam","floor":1.0},{"not_picked":["Carnage","True Grit"],"picked":"Shrug It Off","floor":2.0},{"not_picked":["Flex","Perfected Strike","Armaments"],"picked":"SKIP","floor":4.0},{"not_picked":["Pommel Strike","Warcry"],"picked":"Battle Trance","floor":8.0},{"not_picked":["Sword Boomerang","Entrench"],"picked":"Body Slam","floor":13.0},{"not_picked":["Rupture","Twin Strike"],"picked":"Metallicize","floor":14.0},{"not_picked":["Dark Embrace","Reaper"],"picked":"Juggernaut","floor":16.0},{"not_picked":["Perfected Strike","Armaments","Sword Boomerang"],"picked":"SKIP","floor":18.0},{"not_picked":["Sever Soul","Second Wind","Whirlwind"],"picked":"SKIP","floor":21.0},{"not_picked":["Combust+1","Clash"],"picked":"Power Through+1","floor":22.0},{"not_picked":["Disarm","Perfected Strike","Rupture"],"picked":"SKIP","floor":24.0},{"not_picked":["Iron Wave","Sword Boomerang","Havoc+1"],"picked":"SKIP","floor":27.0},{"not_picked":["Impervious+1","Exhume+1"],"picked":"Barricade","floor":33.0},{"not_picked":["Sword Boomerang","Anger","Heavy Blade+1"],"picked":"SKIP","floor":35.0},{"not_picked":["Armaments+1","Warcry+1"],"picked":"Evolve","floor":40},{"not_picked":["Fire Breathing","Wild Strike"],"picked":"Shrug It Off+1","floor":47},{"not_picked":["Flex+1","Flame Barrier+1","Pommel Strike+1"],"picked":"SKIP","floor":48}],"player_experience":281250,"relics_obtained":[{"floor":9.0,"key":"Bottled Lightning"},{"floor":14.0,"key":"Girya"},{"floor":24.0,"key":"Gremlin Horn"},{"floor":26.0,"key":"Toxic Egg 2"},{"floor":30.0,"key":"Bottled Flame"},{"floor":37.0,"key":"Torii"},{"floor":43,"key":"The Courier"},{"floor":44,"key":"Art of War"}],"event_choices":[{"damage_healed":0.0,"max_hp_gain":0.0,"max_hp_loss":0.0,"gold_gain":0.0,"event_name":"Golden Idol","player_choice":"Take Damage","floor":3.0,"gold_loss":0.0,"damage_taken":23.0,"relics_obtained":["Golden Idol"]},{"damage_healed":0.0,"max_hp_gain":0.0,"max_hp_loss":0.0,"gold_gain":0.0,"event_name":"Shining Light","player_choice":"Entered Light","floor":5.0,"gold_loss":0.0,"damage_taken":20.0,"cards_upgraded":["Body Slam","Feel No Pain"]},{"damage_healed":0.0,"max_hp_gain":0.0,"max_hp_loss":0.0,"gold_gain":0.0,"event_name":"WeMeetAgain","player_choice":"Gave Potion","floor":7.0,"gold_loss":0.0,"damage_taken":0.0,"relics_obtained":["Blood Vial"]},{"damage_healed":0.0,"max_hp_gain":0.0,"max_hp_loss":0.0,"gold_gain":0.0,"event_name":"Addict","player_choice":"Stole Relic","floor":20.0,"gold_loss":0.0,"damage_taken":0.0,"relics_obtained":["Dodecahedron"],"cards_obtained":["Shame"]},{"damage_healed":0.0,"max_hp_gain":0.0,"max_hp_loss":0.0,"gold_gain":0.0,"event_name":"Vampires","player_choice":"Ignored","floor":28.0,"gold_loss":0.0,"damage_taken":0.0},{"damage_healed":0.0,"max_hp_gain":0.0,"max_hp_loss":0.0,"gold_gain":50.0,"event_name":"Nest","player_choice":"Stole From Cult","floor":31.0,"gold_loss":0.0,"damage_taken":0.0},{"damage_healed":0.0,"max_hp_gain":0.0,"max_hp_loss":0.0,"gold_gain":0.0,"event_name":"MindBloom","player_choice":"Fight","floor":37.0,"gold_loss":0.0,"damage_taken":0.0},{"cards_removed":["Bash"],"damage_healed":0.0,"max_hp_gain":0.0,"max_hp_loss":0.0,"gold_gain":0.0,"event_name":"Falling","player_choice":"Removed Attack","floor":38.0,"gold_loss":0.0,"damage_taken":0.0},{"damage_healed":0,"gold_gain":0,"player_choice":"Ignored","damage_taken":0,"max_hp_gain":0,"max_hp_loss":0,"event_name":"Mysterious Sphere","floor":39,"gold_loss":0},{"damage_healed":0,"gold_gain":0,"player_choice":"Paid","damage_taken":0,"relics_obtained":["Red Mask"],"max_hp_gain":0,"max_hp_loss":0,"event_name":"Tomb of Lord Red Mask","floor":46,"gold_loss":124}],"is_beta":false,"boss_relics":[{"not_picked":["White Beast Statue","Pandora\u0027s Box"],"picked":"Black Blood"},{"not_picked":["Lizard Tail","Runic Dome"],"picked":"Philosopher\u0027s Stone"}],"items_purged_floors":[11,19,25,36],"is_endless":false,"potions_floor_spawned":[1,4,18,24,27,35,37],"ascension_level":17}