{"gold_per_floor":[109,109,34,34,45,45,72,91,91,91,108,108,127,27,27,132,132,149,166,241,259,259,259,279,2,2,2,19,19,19,39,39,136,136,155,255,209,222,322,322,338,349,374,17,0,19,19,19,19,19],"floor_reached":51,"playtime":3675,"items_purged":["Defend_R","Defend_R","Bite","Anger+1"],"score":672,"play_id":"79eaa7d0-3a8d-4c16-a0bb-1559cef58c04","local_time":"20190217175017","is_ascension_mode":false,"campfire_choices":[{"data":"Anger","floor":6,"key":"SMITH"},{"data":"Armaments","floor":12,"key":"SMITH"},{"data":"Searing Blow","floor":15,"key":"SMITH"},{"data":"Searing Blow+1","floor":23,"key":"SMITH"},{"data":"Juggernaut","floor":27,"key":"SMITH"},{"data":"Searing Blow+2","floor":32,"key":"SMITH"},{"data":"Searing Blow+3","floor":40,"key":"SMITH"},{"data":"Searing Blow+4","floor":47,"key":"SMITH"},{"floor":49,"key":"REST"}],"neow_cost":"NONE","seed_source_timestamp":203650722765255,"circlet_count":0,"master_deck":["Defend_R+1","Defend_R+1","Armaments+1","Armaments+1","Searing Blow+5","Juggernaut+1","Shrug It Off","Thunderclap+1","Bite","Bite","Bite","Bite","Double Tap","Offering","Flex+1","Iron Wave","Shrug It Off","Spot Weakness+1"],"relics":["Burning Blood","NeowsBlessing","Sundial","War Paint","Bag of Marbles","Busted Crown","Incense Burner","Runic Cube","Thread and Needle","Happy Flower","HandDrill","Red Mask"],"potions_floor_usage":[16,33,33,36,50,50,50,50,50,50,50],"damage_taken":[{"damage":0,"enemies":"2 Louse","floor":1,"turns":1},{"damage":0,"enemies":"Jaw Worm","floor":5,"turns":1},{"damage":0,"enemies":"Gremlin Nob","floor":7,"turns":1},{"damage":0,"enemies":"Cultist","floor":8,"turns":3},{"damage":0,"enemies":"3 Louse","floor":11,"turns":4},{"damage":11,"enemies":"Exordium Thugs","floor":13,"turns":5},{"damage":54,"enemies":"Hexaghost","floor":16,"turns":11},{"damage":5,"enemies":"Chosen","floor":18,"turns":4},{"damage":26,"enemies":"3 Byrds","floor":19,"turns":6},{"damage":2,"enemies":"3 Cultists","floor":21,"turns":5},{"damage":3,"enemies":"Snecko","floor":24,"turns":4},{"damage":5,"enemies":"Cultist and Chosen","floor":28,"turns":4},{"damage":7,"enemies":"Shelled Parasite and Fungi","floor":31,"turns":5},{"damage":71,"enemies":"Automaton","floor":33,"turns":10},{"damage":10,"enemies":"3 Darklings","floor":35,"turns":4},{"damage":25,"enemies":"Mind Bloom Boss Battle","floor":36,"turns":4},{"damage":9,"enemies":"3 Shapes","floor":38,"turns":2},{"damage":2,"enemies":"Transient","floor":41,"turns":5},{"damage":30,"enemies":"4 Shapes","floor":42,"turns":5},{"damage":16,"enemies":"Spire Growth","floor":46,"turns":3},{"damage":28,"enemies":"Time Eater","floor":50,"turns":7}],"seed_played":"-4340644126308286713","potions_obtained":[{"floor":7,"key":"Dexterity Potion"},{"floor":16,"key":"Energy Potion"},{"floor":21,"key":"Energy Potion"},{"floor":24,"key":"BloodPotion"},{"floor":28,"key":"SkillPotion"},{"floor":31,"key":"Swift Potion"},{"floor":41,"key":"EntropicBrew"}],"is_trial":false,"path_per_floor":["M","?","$","?","M","R","E","M","T","?","M","R","M","$","R","B",null,"M","M","?","M","?","R","M","$","T","R","M","?","$","M","R","B",null,"M","?","$","M","?","R","M","M","T","$","?","M","R","$","R","B",null],"character_chosen":"IRONCLAD","items_purchased":["Double Tap","Iron Wave","HandDrill"],"campfire_rested":1,"item_purchase_floors":[25,37,44],"current_hp_per_floor":[80,68,68,68,74,74,80,80,80,80,80,80,75,75,75,27,80,80,60,52,56,56,56,56,56,56,56,56,47,47,53,53,23,61,61,60,60,60,60,60,61,52,52,52,52,49,49,49,61,60],"gold":19,"neow_bonus":"THREE_ENEMY_KILL","is_prod":false,"is_daily":false,"chose_seed":false,"campfire_upgraded":8,"win_rate":0.0,"timestamp":1550454617,"path_taken":["M","?","$","?","?","R","E","M","T","?","?","R","M","$","R","BOSS","M","M","?","?","?","R","M","$","T","R","M","?","$","M","R","BOSS","M","?","$","M","?","R","M","?","T","?","?","M","R","$","R","BOSS"],"build_version":"2019-01-23","purchased_purges":4,"victory":true,"max_hp_per_floor":[80,80,80,80,80,80,80,80,80,80,80,80,80,80,80,80,80,80,80,80,80,56,56,56,56,56,56,56,61,61,61,61,61,61,61,61,61,61,61,61,61,61,61,61,61,61,61,61,61,61],"card_choices":[{"not_picked":["Havoc","Seeing Red"],"picked":"Armaments","floor":1},{"not_picked":["Inflame","Havoc"],"picked":"Anger","floor":5},{"not_picked":["Havoc","Fire Breathing"],"picked":"Armaments","floor":7},{"not_picked":["Sever Soul","Impervious","Intimidate"],"picked":"SKIP","floor":8},{"not_picked":["Anger","Rupture","Havoc"],"picked":"SKIP","floor":11},{"not_picked":["Dropkick","Combust"],"picked":"Searing Blow","floor":13},{"not_picked":["Impervious","Dark Embrace"],"picked":"Juggernaut","floor":16},{"not_picked":[],"picked":"Shrug It Off","floor":18},{"not_picked":["Second Wind"],"picked":"SKIP","floor":19},{"not_picked":[],"picked":"Thunderclap+1","floor":21},{"not_picked":["Shockwave"],"picked":"SKIP","floor":24},{"not_picked":["Corruption"],"picked":"SKIP","floor":28},{"not_picked":["Sever Soul"],"picked":"SKIP","floor":31},{"not_picked":[],"picked":"Offering","floor":33},{"not_picked":[],"picked":"Flex+1","floor":35},{"not_picked":[],"picked":"Shrug It Off","floor":38},{"not_picked":[],"picked":"Spot Weakness+1","floor":41},{"not_picked":["Iron Wave"],"picked":"SKIP","floor":42},{"not_picked":["Clothesline+1"],"picked":"SKIP","floor":46}],"player_experience":59199,"relics_obtained":[{"floor":7,"key":"War Paint"},{"floor":9,"key":"Bag of Marbles"},{"floor":26,"key":"Incense Burner"},{"floor":36,"key":"Thread and Needle"},{"floor":43,"key":"Happy Flower"}],"event_choices":[{"damage_healed":0,"gold_gain":0,"player_choice":"Success","damage_taken":12,"relics_obtained":["Sundial"],"max_hp_gain":0,"max_hp_loss":0,"event_name":"Scrap Ooze","floor":2,"gold_loss":0},{"damage_healed":0,"gold_gain":0,"player_choice":"Forge","damage_taken":0,"max_hp_gain":0,"max_hp_loss":0,"event_name":"Accursed Blacksmith","floor":4,"gold_loss":0,"cards_upgraded":["Armaments"]},{"cards_removed":["Bash"],"damage_healed":0,"gold_gain":0,"player_choice":"Offered Basic","damage_taken":0,"max_hp_gain":0,"max_hp_loss":0,"event_name":"Bonfire Elementals","floor":10,"gold_loss":0},{"damage_healed":0,"gold_gain":75,"player_choice":"Touch","damage_taken":8,"max_hp_gain":0,"max_hp_loss":0,"event_name":"FaceTrader","floor":20,"gold_loss":0},{"damage_healed":0,"gold_gain":0,"player_choice":"Became a vampire","damage_taken":0,"max_hp_gain":0,"max_hp_loss":24,"event_name":"Vampires","floor":22,"gold_loss":0,"cards_obtained":["Bite","Bite","Bite","Bite","Bite"]},{"damage_healed":0,"gold_gain":0,"player_choice":"Shed Blood","damage_taken":14,"max_hp_gain":5,"max_hp_loss":0,"event_name":"Forgotten Altar","floor":29,"gold_loss":0},{"damage_healed":0,"gold_gain":0,"player_choice":"Fight","damage_taken":0,"max_hp_gain":0,"max_hp_loss":0,"event_name":"MindBloom","floor":36,"gold_loss":0},{"damage_healed":0,"gold_gain":100,"player_choice":"Pray","damage_taken":0,"max_hp_gain":0,"max_hp_loss":0,"event_name":"Golden Shrine","floor":39,"gold_loss":0},{"damage_healed":0,"gold_gain":0,"player_choice":"Paid","damage_taken":0,"relics_obtained":["Red Mask"],"max_hp_gain":0,"max_hp_loss":0,"event_name":"Tomb of Lord Red Mask","floor":45,"gold_loss":17}],"is_beta":false,"boss_relics":[{"not_picked":["Philosopher\u0027s Stone","Tiny House"],"picked":"Busted Crown"},{"not_picked":["Mark of Pain","Snecko Eye"],"picked":"Runic Cube"}],"items_purged_floors":[3,14,25,44],"is_endless":false,"potions_floor_spawned":[7,16,21,24,28,31,41],"ascension_level":0}