{"gold_per_floor":[115,21,34,34,53,53,53,53,53,53,86,86,113,126,126,201,201,212,212,230,230,248,248,283,310,394,420,357,369,381,393],"floor_reached":31,"playtime":1318,"items_purged":[],"score":642,"play_id":"9462ef2f-652e-4987-bafa-42f9304b83b8","local_time":"20181002211104","is_ascension_mode":true,"campfire_choices":[{"data":"Body Slam","floor":6.0,"key":"SMITH"},{"data":"Body Slam","floor":8.0,"key":"SMITH"},{"data":"Uppercut","floor":10.0,"key":"SMITH"},{"data":"Reckless Charge","floor":12.0,"key":"SMITH"},{"data":"Bash","floor":15.0,"key":"SMITH"},{"floor":23.0,"key":"REST"},{"floor":29.0,"key":"REST"}],"neow_cost":"","seed_source_timestamp":1689103553004140,"circlet_count":0,"master_deck":["Strike_R","Strike_R","Strike_R","Strike_R","Defend_R","Defend_R","Defend_R","Defend_R","Bash+1","AscendersBane","Body Slam+1","Battle Trance","Uppercut+1","Body Slam+1","Reckless Charge+1","Metallicize","Ghostly Armor","Demon Form","Heavy Blade","Shrug It Off"],"special_seed":0,"relics":["Burning Blood","Pen Nib","Red Skull","Bag of Preparation","Oddly Smooth Stone","Black Star","MutagenicStrength","MawBank","Bronze Scales","Dodecahedron"],"potions_floor_usage":[],"damage_taken":[{"damage":13.0,"enemies":"Cultist","floor":1.0,"turns":5.0},{"damage":19.0,"enemies":"Small Slimes","floor":3.0,"turns":4.0},{"damage":0.0,"enemies":"2 Louse","floor":5.0,"turns":3.0},{"damage":30.0,"enemies":"3 Sentries","floor":11.0,"turns":6.0},{"damage":0.0,"enemies":"Gremlin Nob","floor":13.0,"turns":2.0},{"damage":0.0,"enemies":"Exordium Thugs","floor":14.0,"turns":3.0},{"damage":0.0,"enemies":"Slime Boss","floor":16.0,"turns":7.0},{"damage":14.0,"enemies":"Shell Parasite","floor":18.0,"turns":6.0},{"damage":12.0,"enemies":"3 Byrds","floor":20.0,"turns":7.0},{"damage":18.0,"enemies":"Colosseum Slavers","floor":21.0,"turns":4.0},{"damage":25.0,"enemies":"Sentry and Sphere","floor":22.0,"turns":4.0},{"damage":42.0,"enemies":"Gremlin Leader","floor":24.0,"turns":8.0},{"damage":0.0,"enemies":"3 Cultists","floor":25.0,"turns":2.0},{"damage":10.0,"enemies":"Centurion and Healer","floor":27.0,"turns":5.0},{"damage":37,"enemies":"Book of Stabbing","floor":31,"turns":3}],"seed_played":"6739535216006056533","potions_obtained":[{"floor":3.0,"key":"Weak Potion"},{"floor":13.0,"key":"Strength Potion"},{"floor":16.0,"key":"AttackPotion"},{"floor":22.0,"key":"AttackPotion"},{"floor":24.0,"key":"AttackPotion"}],"is_trial":false,"path_per_floor":["M","$","M","$","M","R","?","R","T","R","E","R","E","M","R","B",null,"M","?","M","?","M","R","E","M","T","M","?","R","$"],"character_chosen":"IRONCLAD","items_purchased":["Battle Trance"],"campfire_rested":2,"item_purchase_floors":[2],"current_hp_per_floor":[61,61,48,48,54,54,54,54,54,54,30,30,36,42,42,48,68,60,60,54,42,23,45,9,15,15,11,11,33,33,0],"gold":393,"neow_bonus":"","is_prod":false,"is_daily":false,"chose_seed":false,"campfire_upgraded":5,"win_rate":0,"timestamp":1538507464,"path_taken":["M","?","M","$","M","R","?","R","T","R","E","R","E","M","R","BOSS","M","?","M","?","M","R","E","?","T","M","?","R","$","E"],"build_version":"2018-09-27","purchased_purges":0,"victory":false,"max_hp_per_floor":[75,75,75,75,75,75,75,75,75,75,75,75,75,75,75,75,75,75,75,75,75,75,75,75,75,75,75,75,75,75,75],"card_choices":[{"not_picked":["Clash","Warcry"],"picked":"Body Slam","floor":1.0},{"not_picked":["Pommel Strike","True Grit"],"picked":"Uppercut","floor":3.0},{"not_picked":["Anger","Thunderclap"],"picked":"Body Slam","floor":5.0},{"not_picked":["Battle Trance","Body Slam"],"picked":"Reckless Charge","floor":11.0},{"not_picked":["Thunderclap","Dropkick"],"picked":"Metallicize","floor":13.0},{"not_picked":["Sword Boomerang","Thunderclap"],"picked":"Ghostly Armor","floor":14.0},{"not_picked":["Impervious","Berserk"],"picked":"Demon Form","floor":16.0},{"not_picked":["Havoc","Headbutt"],"picked":"Heavy Blade","floor":20.0},{"not_picked":["Clash","Havoc"],"picked":"Shrug It Off","floor":25.0}],"player_experience":1099936,"relics_obtained":[{"floor":7.0,"key":"Pen Nib"},{"floor":9.0,"key":"Red Skull"},{"floor":11.0,"key":"Bag of Preparation"},{"floor":13.0,"key":"Oddly Smooth Stone"},{"floor":24.0,"key":"MawBank"},{"floor":24.0,"key":"Bronze Scales"},{"floor":26.0,"key":"Dodecahedron"}],"event_choices":[{"event_name":"Wheel of Change","player_choice":"Relic","floor":7.0,"damage_taken":0.0},{"event_name":"Drug Dealer","player_choice":"Inject Mutagens","floor":19.0,"damage_taken":0.0},{"event_name":"Colosseum","player_choice":"Fight","floor":21.0,"damage_taken":0.0},{"event_name":"Colosseum","player_choice":"Fled From Nobs","floor":21.0,"damage_taken":0.0},{"event_name":"Beggar","player_choice":"Gave Gold","floor":28.0,"damage_taken":0.0}],"is_beta":false,"boss_relics":[{"not_picked":["Calling Bell","Runic Dome"],"picked":"Black Star"}],"items_purged_floors":[],"is_endless":false,"potions_floor_spawned":[3,13,16,21,22,24],"killed_by":"Book of Stabbing","ascension_level":18}