{"gold_per_floor":[115,126,301,301,251,276,291,305,331,331,358,16,26,41,41,146,146,157,257,274,306,326,326,344,344,344,344,357,367,402,415,415,513,513,529,35,55,55,74,74,86,86,86,86,3,103,113,143,143,143],"floor_reached":51,"playtime":3434,"items_purged":["Defend_G"],"score":736,"play_id":"63c53362-d352-4aef-bbc1-d7436dc641a2","local_time":"20190531162353","is_ascension_mode":false,"campfire_choices":[{"data":"Catalyst","floor":10,"key":"SMITH"},{"data":"Noxious Fumes","floor":15,"key":"SMITH"},{"data":"Noxious Fumes","floor":23,"key":"SMITH"},{"floor":25,"key":"REST"},{"data":"Burst","floor":27,"key":"SMITH"},{"floor":32,"key":"REST"},{"data":"Apotheosis","floor":40,"key":"SMITH"},{"data":"Mayhem","floor":42,"key":"SMITH"},{"data":"Dodge and Roll","floor":44,"key":"SMITH"},{"data":"After Image","floor":49,"key":"SMITH"}],"neow_cost":"NONE","seed_source_timestamp":1561590180140,"circlet_count":0,"master_deck":["Defend_G","Defend_G","Defend_G","Defend_G","Strike_G","Strike_G","Strike_G","Strike_G","Strike_G","Survivor","Neutralize","Noxious Fumes+1","Dodge and Roll+1","Noxious Fumes+1","PiercingWail","Catalyst+1","Backflip","Blind","Panache","Backflip","Backflip","Burst+1","Infinite Blades+1","Flying Knee","Footwork+1","Prepared","Prepared","Tactician","Corpse Explosion","Noxious Fumes","Apotheosis+1","Mayhem+1","Purity","After Image+1"],"relics":["Ring of the Snake","Centennial Puzzle","Vajra","Oddly Smooth Stone","Paper Crane","Black Star","Red Mask","The Specimen","Calipers","PreservedInsect","Sozu","Bird Faced Urn","Shuriken","Ice Cream","Gremlin Horn","Bag of Marbles"],"potions_floor_usage":[1,6,8,16,30,31,41],"damage_taken":[{"damage":0,"enemies":"Jaw Worm","floor":1,"turns":5},{"damage":0,"enemies":"Small Slimes","floor":2,"turns":4},{"damage":16,"enemies":"Gremlin Nob","floor":6,"turns":4},{"damage":0,"enemies":"2 Louse","floor":7,"turns":3},{"damage":0,"enemies":"Red Slaver","floor":8,"turns":6},{"damage":7,"enemies":"Lagavulin","floor":11,"turns":6},{"damage":1,"enemies":"Exordium Wildlife","floor":13,"turns":3},{"damage":0,"enemies":"Looter","floor":14,"turns":5},{"damage":19,"enemies":"The Guardian","floor":16,"turns":9},{"damage":7,"enemies":"3 Byrds","floor":18,"turns":4},{"damage":0,"enemies":"Chosen","floor":20,"turns":5},{"damage":34,"enemies":"Masked Bandits","floor":21,"turns":6},{"damage":4,"enemies":"Shelled Parasite and Fungi","floor":22,"turns":6},{"damage":5,"enemies":"Centurion and Healer","floor":24,"turns":6},{"damage":4,"enemies":"Snake Plant","floor":28,"turns":5},{"damage":1,"enemies":"3 Cultists","floor":29,"turns":5},{"damage":31,"enemies":"Slavers","floor":30,"turns":6},{"damage":7,"enemies":"Chosen and Byrds","floor":31,"turns":6},{"damage":20,"enemies":"Champ","floor":33,"turns":14},{"damage":0,"enemies":"3 Shapes","floor":35,"turns":5},{"damage":7,"enemies":"Orb Walker","floor":37,"turns":4},{"damage":2,"enemies":"Writhing Mass","floor":39,"turns":6},{"damage":0,"enemies":"3 Darklings","floor":41,"turns":4},{"damage":9,"enemies":"Mind Bloom Boss Battle","floor":46,"turns":6},{"damage":3,"enemies":"Maw","floor":47,"turns":5},{"damage":14,"enemies":"Nemesis","floor":48,"turns":5},{"damage":41,"enemies":"Time Eater","floor":50,"turns":7}],"seed_played":"-6768100506919591728","potions_obtained":[{"floor":0,"key":"Swift Potion"},{"floor":0,"key":"FairyPotion"},{"floor":0,"key":"Block Potion"},{"floor":2,"key":"Poison Potion"},{"floor":7,"key":"Ancient Potion"},{"floor":11,"key":"Regen Potion"},{"floor":24,"key":"Weak Potion"},{"floor":29,"key":"AttackPotion"},{"floor":33,"key":"GhostInAJar"}],"is_trial":false,"path_per_floor":["M","M","?","?","?","E","M","M","T","R","E","$","M","M","R","B",null,"M","?","M","?","M","R","M","R","T","R","M","M","E","M","R","B",null,"M","$","M","?","M","R","M","R","T","R","$","?","M","E","R","B",null],"character_chosen":"THE_SILENT","items_purchased":["Blind","Panache","Apotheosis","Bird Faced Urn","Purity"],"campfire_rested":2,"item_purchase_floors":[12,12,36,36,45],"current_hp_per_floor":[70,70,70,67,67,51,51,51,51,51,44,44,43,43,43,39,70,63,63,63,29,25,25,20,41,41,41,37,36,5,7,28,8,70,70,70,67,67,70,70,70,70,70,70,70,67,70,62,62,35],"gold":143,"neow_bonus":"THREE_SMALL_POTIONS","is_prod":false,"is_daily":false,"chose_seed":false,"campfire_upgraded":8,"win_rate":0,"timestamp":1559316233,"path_taken":["M","M","?","?","?","E","M","M","T","R","E","$","M","M","R","BOSS","M","?","?","?","M","R","M","R","T","R","M","M","E","M","R","BOSS","M","$","M","?","M","R","M","R","T","R","$","?","M","E","R","BOSS"],"build_version":"2019-01-23","purchased_purges":1,"victory":true,"max_hp_per_floor":[70,70,70,70,70,70,70,70,70,70,70,70,70,70,70,70,70,70,70,70,70,70,70,70,70,70,70,70,70,70,70,70,70,70,70,70,70,70,70,70,70,70,70,70,70,70,70,70,70,70],"card_choices":[{"not_picked":["Terror","Poisoned Stab"],"picked":"Noxious Fumes","floor":1},{"not_picked":["Dagger Throw","Heel Hook"],"picked":"Dodge and Roll","floor":2},{"not_picked":["Dodge and Roll","Bane"],"picked":"Noxious Fumes","floor":6},{"not_picked":["Sucker Punch","Poisoned Stab"],"picked":"PiercingWail","floor":7},{"not_picked":["Distraction","Bane"],"picked":"Catalyst","floor":8},{"not_picked":["Infinite Blades","Setup"],"picked":"Backflip","floor":11},{"not_picked":["Quick Slash","Caltrops"],"picked":"Backflip","floor":13},{"not_picked":["Terror","Eviscerate"],"picked":"Backflip","floor":14},{"not_picked":["Corpse Explosion","Venomology"],"picked":"Burst","floor":16},{"not_picked":["PiercingWail+1","Dagger Spray","Terror"],"picked":"SKIP","floor":18},{"not_picked":["Backflip","Dagger Spray+1"],"picked":"Infinite Blades+1","floor":20},{"not_picked":["Endless Agony","Dagger Throw+1"],"picked":"Flying Knee","floor":21},{"not_picked":["Terror","Quick Slash","Masterful Stab+1"],"picked":"SKIP","floor":22},{"not_picked":["Dagger Spray","Dodge and Roll+1"],"picked":"Footwork+1","floor":24},{"not_picked":["Masterful Stab","Dagger Spray"],"picked":"Prepared","floor":28},{"not_picked":["Deflect","Die Die Die"],"picked":"Prepared","floor":29},{"not_picked":["Dagger Spray","PiercingWail","Skewer"],"picked":"SKIP","floor":30},{"not_picked":["Dagger Spray","Poisoned Stab"],"picked":"Tactician","floor":31},{"not_picked":["Phantasmal Killer","Glass Knife"],"picked":"Corpse Explosion","floor":33},{"not_picked":["Well Laid Plans+1","Prepared+1"],"picked":"Noxious Fumes","floor":35},{"not_picked":["Underhanded Strike+1","Cloak And Dagger+1","Quick Slash"],"picked":"SKIP","floor":37},{"not_picked":["Trip","Enlightenment"],"picked":"Mayhem","floor":38},{"not_picked":["Poisoned Stab+1","Eviscerate","Calculated Gamble+1"],"picked":"SKIP","floor":39},{"not_picked":["Masterful Stab+1","Underhanded Strike","Flying Knee+1"],"picked":"SKIP","floor":41},{"not_picked":["Cloak And Dagger","Dagger Throw+1"],"picked":"After Image","floor":47},{"not_picked":["Cloak And Dagger+1","Flechettes+1","Heel Hook+1"],"picked":"SKIP","floor":48}],"player_experience":742037,"relics_obtained":[{"floor":6,"key":"Vajra"},{"floor":9,"key":"Oddly Smooth Stone"},{"floor":11,"key":"Paper Crane"},{"floor":21,"key":"Red Mask"},{"floor":26,"key":"The Specimen"},{"floor":30,"key":"Calipers"},{"floor":30,"key":"PreservedInsect"},{"floor":43,"key":"Shuriken"},{"floor":46,"key":"Ice Cream"},{"floor":48,"key":"Gremlin Horn"},{"floor":48,"key":"Bag of Marbles"}],"event_choices":[{"damage_healed":0,"gold_gain":175,"player_choice":"AGREE","damage_taken":0,"max_hp_gain":0,"max_hp_loss":0,"event_name":"Liars Game","floor":3,"gold_loss":0,"cards_obtained":["Doubt"]},{"damage_healed":0,"gold_gain":0,"player_choice":"Success","damage_taken":3,"relics_obtained":["Centennial Puzzle"],"max_hp_gain":0,"max_hp_loss":0,"event_name":"Scrap Ooze","floor":4,"gold_loss":0},{"cards_removed":["Doubt"],"damage_healed":0,"gold_gain":0,"player_choice":"Card Removal","damage_taken":0,"max_hp_gain":0,"max_hp_loss":0,"event_name":"The Cleric","floor":5,"gold_loss":50},{"damage_healed":0,"gold_gain":100,"player_choice":"Pray","damage_taken":0,"max_hp_gain":0,"max_hp_loss":0,"event_name":"Golden Shrine","floor":19,"gold_loss":0},{"damage_healed":0,"gold_gain":0,"player_choice":"Fought Bandits","damage_taken":0,"max_hp_gain":0,"max_hp_loss":0,"event_name":"Masked Bandits","floor":21,"gold_loss":0},{"damage_healed":0,"gold_gain":0,"player_choice":"Memory 1","damage_taken":0,"max_hp_gain":0,"max_hp_loss":0,"event_name":"SensoryStone","floor":38,"gold_loss":0},{"damage_healed":0,"gold_gain":0,"player_choice":"Fight","damage_taken":0,"max_hp_gain":0,"max_hp_loss":0,"event_name":"MindBloom","floor":46,"gold_loss":0}],"is_beta":false,"boss_relics":[{"not_picked":["Calling Bell","WristBlade"],"picked":"Black Star"},{"not_picked":["Coffee Dripper","Orrery"],"picked":"Sozu"}],"items_purged_floors":[12],"is_endless":false,"potions_floor_spawned":[2,7,11,13,14,24,29,33,41,46,47,48],"ascension_level":0}