{"gold_per_floor":[109,122,122,138,138,138,171,171,171,171,185,203,216,71,71,149,149,163,175,25,25,37,37,70,70,117,136,156,169,169,44,44,115,115,133,133,133,83,103,137,137,74,74,146,26,26,43,60,60,60],"floor_reached":50,"playtime":1695,"items_purged":["Strike_G","Strike_G","Strike_G+1","Survivor"],"score":836,"play_id":"06191327-eecf-43ee-b4f7-63fd24c8087d","local_time":"20190523105259","is_ascension_mode":true,"campfire_choices":[{"data":"Neutralize","floor":6.0,"key":"SMITH"},{"data":"Crippling Poison","floor":8.0,"key":"SMITH"},{"floor":10.0,"key":"REST"},{"data":"Sucker Punch","floor":15.0,"key":"SMITH"},{"data":"A Thousand Cuts","floor":23.0,"key":"SMITH"},{"data":"Dodge and Roll","floor":25.0,"key":"SMITH"},{"floor":32.0,"key":"REST"},{"floor":41.0,"key":"REST"},{"floor":46.0,"key":"REST"},{"data":"Trip","floor":49.0,"key":"SMITH"}],"neow_cost":"PERCENT_DAMAGE","seed_source_timestamp":242425887765367,"circlet_count":0,"master_deck":["AscendersBane","Defend_G+1","Defend_G+1","Defend_G+1","Defend_G+1","Neutralize+1","Poisoned Stab","Crippling Poison+1","A Thousand Cuts+1","Sucker Punch+1","Heel Hook","Envenom","Deadly Poison","Dodge and Roll+1","Dagger Spray","Leg Sweep","Adrenaline","Unload+1","A Thousand Cuts+1","Sadistic Nature","Panacea","Trip+1","PiercingWail","Heel Hook"],"special_seed":0,"relics":["Ring of the Snake","Meat on the Bone","Art of War","Sozu","Bottled Lightning","Vajra","Astrolabe","The Courier","Molten Egg 2","Letter Opener"],"potions_floor_usage":[],"damage_taken":[{"damage":4.0,"enemies":"Jaw Worm","floor":1.0,"turns":5.0},{"damage":0.0,"enemies":"Cultist","floor":2.0,"turns":4.0},{"damage":1.0,"enemies":"Small Slimes","floor":4.0,"turns":4.0},{"damage":31.0,"enemies":"3 Sentries","floor":7.0,"turns":9.0},{"damage":1.0,"enemies":"Exordium Wildlife","floor":11.0,"turns":4.0},{"damage":1.0,"enemies":"Blue Slaver","floor":12.0,"turns":4.0},{"damage":6.0,"enemies":"2 Fungi Beasts","floor":13.0,"turns":3.0},{"damage":7.0,"enemies":"The Guardian","floor":16.0,"turns":14.0},{"damage":5.0,"enemies":"3 Byrds","floor":18.0,"turns":4.0},{"damage":2.0,"enemies":"Shell Parasite","floor":19.0,"turns":7.0},{"damage":27.0,"enemies":"Snecko","floor":22.0,"turns":8.0},{"damage":38.0,"enemies":"Book of Stabbing","floor":24.0,"turns":6.0},{"damage":12.0,"enemies":"Snake Plant","floor":27.0,"turns":4.0},{"damage":18.0,"enemies":"Shelled Parasite and Fungi","floor":28.0,"turns":5.0},{"damage":4.0,"enemies":"Chosen and Byrds","floor":29.0,"turns":6.0},{"damage":32.0,"enemies":"Collector","floor":33.0,"turns":12.0},{"damage":0.0,"enemies":"Orb Walker","floor":35.0,"turns":5.0},{"damage":7.0,"enemies":"3 Darklings","floor":39.0,"turns":4.0},{"damage":39.0,"enemies":"Reptomancer","floor":40.0,"turns":6.0},{"damage":3.0,"enemies":"Spire Growth","floor":47.0,"turns":5.0},{"damage":10.0,"enemies":"Jaw Worm Horde","floor":48.0,"turns":3.0},{"damage":68,"enemies":"Donu and Deca","floor":50,"turns":5}],"seed_played":"-822013762662190565","potions_obtained":[{"floor":1.0,"key":"Fire Potion"},{"floor":12.0,"key":"EssenceOfSteel"},{"floor":13.0,"key":"EssenceOfSteel"}],"is_trial":false,"path_per_floor":["M","M","?","M","?","R","E","R","T","R","M","M","M","$","R","B",null,"M","M","$","?","M","R","E","R","T","M","M","M","?","$","R","B",null,"M","?","?","$","M","E","R","$","T","T","$","R","M","M","R","B"],"character_chosen":"THE_SILENT","items_purchased":["Heel Hook","Dodge and Roll","PiercingWail","Heel Hook"],"campfire_rested":4,"item_purchase_floors":[14,20,38,42],"current_hp_per_floor":[52,52,52,51,51,51,20,20,20,43,42,41,47,47,47,40,69,64,62,62,62,47,47,21,21,21,21,15,23,23,23,46,26,65,65,55,55,55,48,21,44,44,44,44,44,67,64,54,54,0],"gold":60,"neow_bonus":"TWENTY_PERCENT_HP_BONUS","is_prod":false,"is_daily":false,"chose_seed":false,"campfire_upgraded":6,"win_rate":0,"timestamp":1558601579,"path_taken":["M","M","?","?","?","R","E","R","T","R","M","?","M","$","R","BOSS","M","M","$","?","M","R","E","R","T","M","M","M","?","?","R","BOSS","M","?","?","$","M","E","R","?","T","?","$","R","M","M","R","BOSS"],"build_version":"2019-01-23","purchased_purges":4,"victory":false,"max_hp_per_floor":[78,78,78,78,78,78,78,78,78,78,78,78,78,78,78,78,78,78,78,78,78,78,78,78,78,78,78,78,78,78,78,78,78,78,78,78,78,78,78,78,78,78,78,78,78,78,78,78,78,78],"card_choices":[{"not_picked":["Concentrate","Setup","Expertise"],"picked":"SKIP","floor":1.0},{"not_picked":["Acrobatics","Tactician"],"picked":"Poisoned Stab","floor":2.0},{"not_picked":["Backflip","Dodge and Roll"],"picked":"Sucker Punch","floor":4.0},{"not_picked":["Predator","Quick Slash"],"picked":"Crippling Poison","floor":7.0},{"not_picked":["Dodge and Roll","Prepared","Quick Slash"],"picked":"SKIP","floor":11.0},{"not_picked":["Dagger Throw","Underhanded Strike"],"picked":"A Thousand Cuts","floor":12.0},{"not_picked":["Endless Agony","Concentrate"],"picked":"Sucker Punch","floor":13.0},{"not_picked":["Burst","Unload"],"picked":"Envenom","floor":16.0},{"not_picked":["Accuracy","Calculated Gamble","Slice"],"picked":"SKIP","floor":18.0},{"not_picked":["Quick Slash","Sucker Punch"],"picked":"Deadly Poison","floor":19.0},{"not_picked":["Crippling Poison","Predator+1","Dagger Throw"],"picked":"SKIP","floor":22.0},{"not_picked":["Endless Agony","Masterful Stab","Sucker Punch"],"picked":"SKIP","floor":24.0},{"not_picked":["Prepared","Underhanded Strike"],"picked":"Dagger Spray","floor":27.0},{"not_picked":["Setup","Flying Knee","Poisoned Stab"],"picked":"SKIP","floor":28.0},{"not_picked":["Reflex+1","Well Laid Plans"],"picked":"Leg Sweep","floor":29.0},{"not_picked":["Die Die Die","Bullet Time"],"picked":"Adrenaline","floor":33.0},{"not_picked":["Dagger Spray","Sucker Punch","Outmaneuver+1"],"picked":"SKIP","floor":35.0},{"not_picked":["Enlightenment","Good Instincts"],"picked":"Sadistic Nature","floor":36.0},{"not_picked":["Chrysalis","Flash of Steel"],"picked":"Panacea","floor":36.0},{"not_picked":["Discovery","Jack Of All Trades"],"picked":"Trip","floor":36.0},{"not_picked":["Dagger Throw+1","Underhanded Strike","Expertise+1"],"picked":"SKIP","floor":39.0},{"not_picked":["Quick Slash","Setup","Sucker Punch+1"],"picked":"SKIP","floor":40.0},{"not_picked":["Concentrate","Flechettes+1","Slice+1"],"picked":"SKIP","floor":47.0},{"not_picked":["Acrobatics","Dodge and Roll","Outmaneuver"],"picked":"SKIP","floor":48.0}],"player_experience":232815,"relics_obtained":[{"floor":7.0,"key":"Meat on the Bone"},{"floor":9.0,"key":"Art of War"},{"floor":24.0,"key":"Bottled Lightning"},{"floor":26.0,"key":"Vajra"},{"floor":40.0,"key":"The Courier"},{"floor":43.0,"key":"Molten Egg 2"},{"floor":44.0,"key":"Letter Opener"}],"event_choices":[{"damage_healed":0.0,"max_hp_gain":0.0,"max_hp_loss":0.0,"gold_gain":0.0,"event_name":"The Woman in Blue","player_choice":"Bought 0 Potions","floor":3.0,"gold_loss":0.0,"damage_taken":0.0},{"cards_removed":["Strike_G"],"damage_healed":0.0,"max_hp_gain":0.0,"max_hp_loss":0.0,"gold_gain":0.0,"event_name":"Bonfire Elementals","player_choice":"Offered Basic","floor":5.0,"gold_loss":0.0,"damage_taken":0.0},{"damage_healed":0.0,"max_hp_gain":0.0,"max_hp_loss":0.0,"gold_gain":0.0,"event_name":"Vampires","player_choice":"Ignored","floor":21.0,"gold_loss":0.0,"damage_taken":0.0},{"damage_healed":0.0,"max_hp_gain":0.0,"max_hp_loss":0.0,"gold_gain":0.0,"event_name":"Back to Basics","player_choice":"Simplicity","floor":30.0,"gold_loss":0.0,"damage_taken":0.0,"cards_upgraded":["Defend_G","Defend_G","Defend_G","Defend_G","Defend_G","Strike_G","Strike_G"]},{"damage_healed":0.0,"max_hp_gain":0.0,"max_hp_loss":0.0,"gold_gain":0.0,"event_name":"SensoryStone","player_choice":"Memory 3","floor":36.0,"gold_loss":0.0,"damage_taken":10.0},{"cards_removed":["Night Terror"],"damage_healed":0.0,"max_hp_gain":0.0,"max_hp_loss":0.0,"gold_gain":0.0,"event_name":"Falling","player_choice":"Removed Skill","floor":37.0,"gold_loss":0.0,"damage_taken":0.0}],"is_beta":false,"boss_relics":[{"not_picked":["Orrery","Snecko Eye"],"picked":"Sozu"},{"not_picked":["White Beast Statue","Lizard Tail"],"picked":"Astrolabe"}],"items_purged_floors":[14,20,31,45],"is_endless":false,"potions_floor_spawned":[1,12,13,22,24,29,33,35],"killed_by":"Donu and Deca","ascension_level":14}