{"gold_per_floor":[119,139,149,169,94,94,122,132,132,159,159,177,188,90,90,168,168,186,9,25,25],"floor_reached":21,"playtime":656,"items_purged":["Strike_R","Strike_R","Strike_R"],"score":338,"play_id":"29493052-635d-4b02-bcaf-726e6b0d9e61","local_time":"20190529210138","is_ascension_mode":true,"campfire_choices":[{"data":"True Grit","floor":6,"key":"SMITH"},{"data":"Cleave","floor":11,"key":"SMITH"},{"data":"Bash","floor":15,"key":"SMITH"}],"neow_cost":"NONE","seed_source_timestamp":208270355607568,"circlet_count":0,"master_deck":["AscendersBane","Strike_R+1","Strike_R+1","Defend_R","Defend_R","Defend_R","Defend_R","Bash+1","True Grit+1","Pommel Strike","Cleave+1","Cleave","Shrug It Off","Barricade","Entrench","Shrug It Off","Shrug It Off"],"relics":["Burning Blood","Whetstone","The Courier","Matryoshka","Bottled Flame","Cursed Key"],"potions_floor_usage":[7,7,16,20],"damage_taken":[{"damage":6,"enemies":"Cultist","floor":1,"turns":3},{"damage":12,"enemies":"Jaw Worm","floor":2,"turns":3},{"damage":0,"enemies":"Small Slimes","floor":3,"turns":3},{"damage":16,"enemies":"Gremlin Gang","floor":4,"turns":4},{"damage":31,"enemies":"Lagavulin","floor":7,"turns":6},{"damage":7,"enemies":"Lots of Slimes","floor":8,"turns":3},{"damage":16,"enemies":"3 Sentries","floor":10,"turns":6},{"damage":6,"enemies":"Blue Slaver","floor":12,"turns":4},{"damage":1,"enemies":"3 Louse","floor":13,"turns":2},{"damage":27,"enemies":"The Guardian","floor":16,"turns":15},{"damage":27,"enemies":"2 Thieves","floor":18,"turns":5},{"damage":7,"enemies":"Spheric Guardian","floor":20,"turns":10},{"damage":43,"enemies":"Chosen and Byrds","floor":21,"turns":4}],"seed_played":"1947282642339164114","potions_obtained":[{"floor":2,"key":"BloodPotion"},{"floor":4,"key":"AttackPotion"},{"floor":7,"key":"Weak Potion"},{"floor":10,"key":"Ancient Potion"}],"is_trial":false,"path_per_floor":["M","M","M","M","$","R","E","M","T","E","R","M","M","$","R","B",null,"M","$","M","M"],"character_chosen":"IRONCLAD","items_purchased":["Shrug It Off","Shrug It Off","Shrug It Off"],"campfire_rested":0,"item_purchase_floors":[14,19,19],"current_hp_per_floor":[68,62,68,58,58,58,40,39,39,29,29,29,34,34,34,13,60,39,39,38,0],"gold":25,"neow_bonus":"RANDOM_COMMON_RELIC","is_prod":false,"is_daily":false,"chose_seed":false,"campfire_upgraded":3,"win_rate":0,"timestamp":1559156498,"path_taken":["M","?","M","M","$","R","E","M","T","E","R","M","M","$","R","BOSS","M","$","?","M"],"build_version":"2019-01-23","purchased_purges":3,"victory":false,"max_hp_per_floor":[75,75,75,75,75,75,75,75,75,75,75,75,75,75,75,75,75,75,75,75,75],"card_choices":[{"not_picked":["Havoc","Bloodletting"],"picked":"True Grit","floor":1},{"not_picked":["Warcry","Havoc"],"picked":"Pommel Strike","floor":2},{"not_picked":["Feel No Pain","Shockwave"],"picked":"Cleave","floor":3},{"not_picked":["Heavy Blade","Pommel Strike","Body Slam"],"picked":"SKIP","floor":4},{"not_picked":["Carnage","Exhume","Pommel Strike"],"picked":"SKIP","floor":7},{"not_picked":["Wild Strike","Anger"],"picked":"Cleave","floor":8},{"not_picked":["Second Wind","Intimidate","Reckless Charge"],"picked":"SKIP","floor":10},{"not_picked":["Warcry","Intimidate","Carnage"],"picked":"SKIP","floor":12},{"not_picked":["Searing Blow","Carnage","Seeing Red"],"picked":"SKIP","floor":13},{"not_picked":["Fiend Fire","Feed"],"picked":"Barricade","floor":16},{"not_picked":["Warcry","Rage"],"picked":"Entrench","floor":18},{"not_picked":["Twin Strike","Second Wind","Clash"],"picked":"SKIP","floor":20}],"player_experience":273137,"relics_obtained":[{"floor":7,"key":"The Courier"},{"floor":9,"key":"Matryoshka"},{"floor":10,"key":"Bottled Flame"}],"event_choices":[],"is_beta":false,"boss_relics":[{"not_picked":["Calling Bell","Velvet Choker"],"picked":"Cursed Key"}],"items_purged_floors":[5,14,19],"is_endless":false,"potions_floor_spawned":[2,4,7,10],"killed_by":"Chosen and Byrds","ascension_level":15}