{"gold_per_floor":[114,114,39,59,69,69,80,80,152,178,178,198,231,231,231,305,305,319,319,21,35,51,51,80,98,151,0,33,46,46,46,46,123,123,133,8,20,20,38,38,138,150,150,150,150,166,166,183,183,183],"floor_reached":51,"playtime":1804,"items_purged":["Strike_R","Demon Form+1","Strike_R"],"score":1327,"play_id":"599ea86a-322e-4876-8da0-7db8de397a9c","local_time":"20190523221958","is_ascension_mode":true,"campfire_choices":[{"data":"Armaments","floor":6.0,"key":"SMITH"},{"data":"Bash","floor":8.0,"key":"SMITH"},{"data":"Iron Wave","floor":11.0,"key":"SMITH"},{"data":"Demon Form","floor":15,"key":"SMITH"},{"data":"Barricade","floor":23,"key":"SMITH"},{"floor":32,"key":"REST"},{"data":"Offering","floor":40,"key":"SMITH"},{"data":"Clothesline","floor":45,"key":"SMITH"},{"data":"Iron Wave","floor":47,"key":"SMITH"},{"floor":49,"key":"REST"}],"neow_cost":"NONE","seed_source_timestamp":283664415090992,"circlet_count":0,"master_deck":["AscendersBane","Strike_R+1","Defend_R","Defend_R","Defend_R","Bash+1","Iron Wave+1","Iron Wave+1","Armaments+1","Shrug It Off","Clothesline+1","Barricade+1","Body Slam+1","Headbutt","Iron Wave+1","Iron Wave+1","Offering+1","Burning Pact+1","Rage+1","Injury","Dual Wield+1"],"special_seed":0,"relics":["Burning Blood","NeowsBlessing","FaceOfCleric","Matryoshka","Centennial Puzzle","Potion Belt","Sozu","Bag of Preparation","Darkstone Periapt","Bronze Scales","Whetstone","Ancient Tea Set","Cursed Key","Du-Vu Doll","Strawberry","Mercury Hourglass"],"potions_floor_usage":[13,22],"damage_taken":[{"damage":0.0,"enemies":"2 Louse","floor":1.0,"turns":1.0},{"damage":0.0,"enemies":"Cultist","floor":4.0,"turns":1.0},{"damage":0.0,"enemies":"Jaw Worm","floor":5.0,"turns":1.0},{"damage":10.0,"enemies":"Gremlin Gang","floor":7.0,"turns":7.0},{"damage":29.0,"enemies":"3 Sentries","floor":10.0,"turns":12.0},{"damage":0.0,"enemies":"Blue Slaver","floor":12.0,"turns":5.0},{"damage":9,"enemies":"Lagavulin","floor":13,"turns":7},{"damage":33,"enemies":"The Guardian","floor":16,"turns":10},{"damage":5,"enemies":"Spheric Guardian","floor":18,"turns":6},{"damage":14,"enemies":"Shell Parasite","floor":21,"turns":8},{"damage":11,"enemies":"Snake Plant","floor":22,"turns":6},{"damage":24,"enemies":"Slavers","floor":24,"turns":7},{"damage":3,"enemies":"Centurion and Healer","floor":25,"turns":8},{"damage":4,"enemies":"Gremlin Leader","floor":28,"turns":8},{"damage":5,"enemies":"Cultist and Chosen","floor":29,"turns":5},{"damage":64,"enemies":"Collector","floor":33,"turns":14},{"damage":10,"enemies":"3 Darklings","floor":35,"turns":6},{"damage":5,"enemies":"3 Shapes","floor":37,"turns":8},{"damage":6,"enemies":"Maw","floor":39,"turns":6},{"damage":6,"enemies":"Mind Bloom Boss Battle","floor":41,"turns":5},{"damage":9,"enemies":"Sphere and 2 Shapes","floor":42,"turns":4},{"damage":6,"enemies":"Spire Growth","floor":46,"turns":3},{"damage":6,"enemies":"Transient","floor":48,"turns":5},{"damage":6,"enemies":"Time Eater","floor":50,"turns":8}],"seed_played":"-7438545409533974903","potions_obtained":[{"floor":4.0,"key":"Dexterity Potion"},{"floor":5.0,"key":"SkillPotion"},{"floor":10.0,"key":"GamblersBrew"}],"is_trial":false,"path_per_floor":["M","?","$","M","M","R","M","R","T","E","R","M","E","?","R","B",null,"M","?","$","M","M","R","E","M","T","?","E","M","$","?","R","B",null,"M","$","M","?","M","R","?","M","T","?","R","M","R","M","R","B",null],"character_chosen":"IRONCLAD","items_purchased":["Bag of Preparation","Headbutt"],"campfire_rested":2,"item_purchase_floors":[20,20],"current_hp_per_floor":[74,74,74,76,77,77,74,74,74,52,52,59,57,50,50,24,68,70,70,70,63,59,59,42,46,46,46,49,51,51,43,69,12,71,68,68,70,70,71,71,72,70,83,83,83,84,84,85,105,106],"gold":183,"neow_bonus":"THREE_ENEMY_KILL","is_prod":false,"is_daily":false,"chose_seed":false,"campfire_upgraded":8,"win_rate":0,"timestamp":1558642798,"path_taken":["M","?","$","M","M","R","?","R","T","E","R","M","E","?","R","BOSS","M","?","$","M","M","R","E","?","T","?","E","M","?","?","R","BOSS","M","$","?","?","M","R","?","M","T","?","R","M","R","?","R","BOSS"],"build_version":"2019-01-23","purchased_purges":3,"victory":true,"max_hp_per_floor":[75,75,75,76,77,77,78,78,78,79,79,80,81,81,81,82,82,83,83,83,84,85,85,86,87,87,87,88,89,89,89,89,90,90,91,91,92,92,93,93,94,95,108,103,103,104,104,105,105,106],"card_choices":[{"not_picked":["Heavy Blade","Twin Strike"],"picked":"Iron Wave","floor":1.0},{"not_picked":["Pommel Strike","Rampage"],"picked":"Iron Wave","floor":4.0},{"not_picked":["Bloodletting","Thunderclap"],"picked":"Armaments","floor":5.0},{"not_picked":["Thunderclap","Armaments","Heavy Blade"],"picked":"SKIP","floor":7.0},{"not_picked":["Warcry","Shockwave"],"picked":"Shrug It Off","floor":10.0},{"not_picked":["Sentinel","Sword Boomerang"],"picked":"Demon Form","floor":12.0},{"not_picked":["Feel No Pain","Flame Barrier"],"picked":"Clothesline","floor":13},{"not_picked":["Demon Form","Double Tap"],"picked":"Barricade","floor":16},{"not_picked":["Headbutt","Seeing Red"],"picked":"Body Slam+1","floor":18},{"not_picked":["Disarm","Rampage"],"picked":"Iron Wave+1","floor":21},{"not_picked":["Corruption","Heavy Blade"],"picked":"Iron Wave+1","floor":22},{"not_picked":["Dual Wield","Armaments","Havoc"],"picked":"SKIP","floor":24},{"not_picked":["Rampage+1","Warcry","Heavy Blade"],"picked":"SKIP","floor":25},{"not_picked":["Feel No Pain","Heavy Blade","Carnage"],"picked":"SKIP","floor":28},{"not_picked":["Pommel Strike","Clothesline","Thunderclap"],"picked":"SKIP","floor":29},{"not_picked":["Reaper","Fiend Fire"],"picked":"Offering","floor":33},{"not_picked":["Flex","Perfected Strike","Infernal Blade+1"],"picked":"SKIP","floor":35},{"not_picked":["Armaments","Clash"],"picked":"Burning Pact+1","floor":37},{"not_picked":["Pommel Strike+1","Uppercut","Iron Wave"],"picked":"SKIP","floor":39},{"not_picked":["Shockwave","Armaments+1"],"picked":"Rage+1","floor":41},{"not_picked":["Sword Boomerang","Ghostly Armor","Dual Wield"],"picked":"SKIP","floor":42},{"not_picked":["Seeing Red","Fire Breathing"],"picked":"Dual Wield+1","floor":46},{"not_picked":["Headbutt","Disarm+1","Dual Wield"],"picked":"SKIP","floor":48}],"player_experience":239542,"relics_obtained":[{"floor":9.0,"key":"Matryoshka"},{"floor":10.0,"key":"Centennial Puzzle"},{"floor":13,"key":"Potion Belt"},{"floor":24,"key":"Darkstone Periapt"},{"floor":26,"key":"Bronze Scales"},{"floor":26,"key":"Whetstone"},{"floor":28,"key":"Ancient Tea Set"},{"floor":41,"key":"Du-Vu Doll"},{"floor":43,"key":"Strawberry"},{"floor":43,"key":"Mercury Hourglass"}],"event_choices":[{"damage_healed":0.0,"max_hp_gain":0.0,"max_hp_loss":0.0,"gold_gain":0.0,"event_name":"FaceTrader","player_choice":"Trade","floor":2.0,"gold_loss":0.0,"damage_taken":0.0,"relics_obtained":["FaceOfCleric"]},{"cards_removed":["Defend_R"],"damage_healed":0,"gold_gain":0,"player_choice":"Card Removal","damage_taken":7,"max_hp_gain":0,"max_hp_loss":0,"event_name":"Golden Wing","floor":14,"gold_loss":0},{"cards_removed":["Strike_R"],"damage_healed":0,"gold_gain":0,"player_choice":"Offered Basic","damage_taken":0,"max_hp_gain":0,"max_hp_loss":0,"event_name":"Bonfire Elementals","floor":19,"gold_loss":0},{"damage_healed":0,"gold_gain":0,"player_choice":"Paid Fearfully","damage_taken":0,"max_hp_gain":0,"max_hp_loss":0,"event_name":"Masked Bandits","floor":27,"gold_loss":151},{"damage_healed":0,"gold_gain":0,"player_choice":"","damage_taken":8,"max_hp_gain":0,"max_hp_loss":0,"event_name":"Knowing Skull","floor":31,"potions_obtained":[],"gold_loss":0,"cards_obtained":[]},{"cards_removed":["Strike_R"],"damage_healed":0,"gold_gain":0,"player_choice":"Removed Attack","damage_taken":0,"max_hp_gain":0,"max_hp_loss":0,"event_name":"Falling","floor":38,"gold_loss":0},{"damage_healed":0,"gold_gain":0,"player_choice":"Fight","damage_taken":0,"max_hp_gain":0,"max_hp_loss":0,"event_name":"MindBloom","floor":41,"gold_loss":0},{"damage_healed":0,"gold_gain":0,"player_choice":"Max HP","damage_taken":0,"max_hp_gain":0,"max_hp_loss":5,"event_name":"Winding Halls","floor":44,"gold_loss":0}],"is_beta":false,"boss_relics":[{"not_picked":["Black Star","Mark of Pain"],"picked":"Sozu"},{"not_picked":["Fusion Hammer","Coffee Dripper"],"picked":"Cursed Key"}],"items_purged_floors":[3,20,36],"is_endless":false,"potions_floor_spawned":[4,5,10,18,21,22,29,33,35,39,48],"ascension_level":14}