{"gold_per_floor":[115,129,143,156,121,153,164,164,190,190,200,219,219,251,251,346,346,356,356,12,24,36,36,47,47,47,57,71,83,83],"floor_reached":30,"playtime":3293,"items_purged":["PiercingWail"],"score":248,"play_id":"7322761a-14f6-41be-86ec-43a7d76c4e12","local_time":"20190529194331","is_ascension_mode":false,"campfire_choices":[{"data":"Calculated Gamble","floor":13,"key":"SMITH"},{"floor":15,"key":"REST"},{"data":"Night Terror","floor":23,"key":"SMITH"},{"floor":25,"key":"REST"}],"neow_cost":"NONE","seed_source_timestamp":997320200419586,"circlet_count":0,"master_deck":["Defend_G","Defend_G","Defend_G","Defend_G","Defend_G","Strike_G","Strike_G","Strike_G","Strike_G","Survivor","Neutralize","Well Laid Plans","Deflect","Noxious Fumes+1","Prepared","Sucker Punch","Expertise","Calculated Gamble+1","Noxious Fumes","Night Terror+1","Footwork","Bane","After Image","Dodge and Roll","Dodge and Roll","Noxious Fumes","Outmaneuver+1","Dash+1","Burst","Infinite Blades"],"relics":["Ring of the Snake","Tough Bandages","Pen Nib","Anchor","Orrery","Orichalcum","Ninja Scroll"],"potions_floor_usage":[6,6,16,21,21,24,30],"damage_taken":[{"damage":0,"enemies":"Cultist","floor":1,"turns":5},{"damage":0,"enemies":"2 Louse","floor":2,"turns":3},{"damage":0,"enemies":"Small Slimes","floor":3,"turns":5},{"damage":4,"enemies":"Red Slaver","floor":4,"turns":4},{"damage":2,"enemies":"Lagavulin","floor":6,"turns":8},{"damage":0,"enemies":"3 Louse","floor":7,"turns":4},{"damage":0,"enemies":"Large Slime","floor":11,"turns":5},{"damage":2,"enemies":"Blue Slaver","floor":12,"turns":5},{"damage":35,"enemies":"Gremlin Nob","floor":14,"turns":6},{"damage":11,"enemies":"The Guardian","floor":16,"turns":11},{"damage":0,"enemies":"Shell Parasite","floor":18,"turns":6},{"damage":0,"enemies":"3 Byrds","floor":21,"turns":6},{"damage":11,"enemies":"Snake Plant","floor":22,"turns":7},{"damage":12,"enemies":"Centurion and Healer","floor":24,"turns":9},{"damage":48,"enemies":"3 Cultists","floor":27,"turns":6},{"damage":1,"enemies":"Sentry and Sphere","floor":28,"turns":7},{"damage":14,"enemies":"Chosen and Byrds","floor":29,"turns":7},{"damage":20,"enemies":"Colosseum Slavers","floor":30,"turns":4}],"seed_played":"-3964447461741696469","potions_obtained":[{"floor":1,"key":"Dexterity Potion"},{"floor":4,"key":"Poison Potion"},{"floor":6,"key":"GamblersBrew"},{"floor":7,"key":"Weak Potion"},{"floor":11,"key":"SneckoOil"},{"floor":12,"key":"Block Potion"},{"floor":18,"key":"Block Potion"},{"floor":19,"key":"PowerPotion"},{"floor":27,"key":"Fire Potion"}],"is_trial":false,"path_per_floor":["M","M","M","M","?","E","M","?","T","?","M","M","R","E","R","B",null,"M","?","$","M","M","R","M","R","T","M","M","M","?"],"character_chosen":"THE_SILENT","items_purchased":["Dodge and Roll","Noxious Fumes","Orichalcum"],"campfire_rested":2,"item_purchase_floors":[20,20,20],"current_hp_per_floor":[77,77,77,73,73,71,71,64,64,64,64,62,62,27,50,39,77,77,77,77,77,66,66,54,77,77,29,28,14,0],"gold":83,"neow_bonus":"TEN_PERCENT_HP_BONUS","is_prod":false,"is_daily":false,"chose_seed":false,"campfire_upgraded":2,"win_rate":0.0,"timestamp":1559180611,"path_taken":["M","M","M","M","?","E","M","?","T","?","M","M","R","E","R","BOSS","M","?","$","M","M","R","M","R","T","M","?","M","?"],"build_version":"2019-01-23","purchased_purges":1,"victory":false,"max_hp_per_floor":[77,77,77,77,77,77,77,77,77,77,77,77,77,77,77,77,77,77,77,77,77,77,77,77,77,77,77,77,77,77],"card_choices":[{"not_picked":["Underhanded Strike","Outmaneuver"],"picked":"Well Laid Plans","floor":1},{"not_picked":["Blur","Outmaneuver"],"picked":"Deflect","floor":2},{"not_picked":["Dodge and Roll","Riddle With Holes","Flechettes"],"picked":"SKIP","floor":3},{"not_picked":["Footwork","Masterful Stab"],"picked":"Noxious Fumes","floor":4},{"not_picked":["Dodge and Roll","Quick Slash"],"picked":"Prepared","floor":6},{"not_picked":["Backflip","Choke"],"picked":"Sucker Punch","floor":7},{"not_picked":["Distraction","Acrobatics"],"picked":"Expertise","floor":11},{"not_picked":["Terror","Skewer"],"picked":"Calculated Gamble","floor":12},{"not_picked":["Infinite Blades","Bane"],"picked":"Noxious Fumes","floor":14},{"not_picked":["Unload","Doppelganger"],"picked":"Night Terror","floor":16},{"not_picked":["Flying Knee","Slice"],"picked":"Footwork","floor":17},{"not_picked":["Poisoned Stab","Sucker Punch"],"picked":"Bane","floor":17},{"not_picked":["Outmaneuver","Expertise"],"picked":"PiercingWail","floor":17},{"not_picked":["Bane","Leg Sweep"],"picked":"After Image","floor":17},{"not_picked":["Dagger Throw","Flying Knee"],"picked":"Dodge and Roll","floor":17},{"not_picked":["Finisher","Flying Knee+1","Reflex+1"],"picked":"SKIP","floor":18},{"not_picked":["Predator","Calculated Gamble","PiercingWail"],"picked":"SKIP","floor":21},{"not_picked":["Terror","Flechettes"],"picked":"Outmaneuver+1","floor":22},{"not_picked":["Deadly Poison","Endless Agony"],"picked":"Dash+1","floor":24},{"not_picked":["Escape Plan","Bane"],"picked":"Burst","floor":27},{"not_picked":["Dodge and Roll","Acrobatics+1"],"picked":"Infinite Blades","floor":28},{"not_picked":["Well Laid Plans","Dagger Spray","Slice"],"picked":"SKIP","floor":29}],"player_experience":14679,"relics_obtained":[{"floor":6,"key":"Tough Bandages"},{"floor":9,"key":"Pen Nib"},{"floor":14,"key":"Anchor"},{"floor":26,"key":"Ninja Scroll"}],"event_choices":[{"damage_healed":0,"gold_gain":0,"player_choice":"Left Gold","damage_taken":0,"max_hp_gain":0,"max_hp_loss":0,"event_name":"World of Goop","floor":5,"gold_loss":35},{"cards_removed":["Strike_G"],"damage_healed":0,"gold_gain":0,"player_choice":"Card Removal","damage_taken":7,"max_hp_gain":0,"max_hp_loss":0,"event_name":"Golden Wing","floor":8,"gold_loss":0},{"damage_healed":0,"gold_gain":0,"player_choice":"Grow","damage_taken":0,"max_hp_gain":0,"max_hp_loss":0,"event_name":"Living Wall","floor":10,"gold_loss":0,"cards_upgraded":["Noxious Fumes"]},{"damage_healed":0,"gold_gain":0,"player_choice":"Got Potions","damage_taken":0,"max_hp_gain":0,"max_hp_loss":0,"event_name":"Lab","floor":19,"gold_loss":0},{"damage_healed":0,"gold_gain":0,"player_choice":"Fight","damage_taken":0,"max_hp_gain":0,"max_hp_loss":0,"event_name":"Colosseum","floor":30,"gold_loss":0}],"is_beta":false,"boss_relics":[{"not_picked":["White Beast Statue","Eternal Feather"],"picked":"Orrery"}],"items_purged_floors":[20],"is_endless":false,"potions_floor_spawned":[1,4,6,7,11,12,18,27],"killed_by":"Colosseum Slavers","ascension_level":0}