{"gold_per_floor":[114,114,133,133,133,133,144,144,144,144,162,162,173,173,173,275,275,285,266,11,23,23,23,35,35,58,58,58,58,58,58,58,156,156],"floor_reached":34,"playtime":748,"items_purged":[],"score":338,"play_id":"760d2942-94fb-40f0-b97c-98adb672e8aa","local_time":"20190201063149","is_ascension_mode":false,"campfire_choices":[{"data":"Zap","floor":6,"key":"SMITH"},{"data":"Dualcast","floor":8,"key":"SMITH"},{"data":"Conserve Battery","floor":10,"key":"SMITH"},{"data":"Cold Snap","floor":12,"key":"SMITH"},{"data":"Gash","floor":15,"key":"SMITH"},{"data":"Machine Learning","floor":23,"key":"SMITH"},{"floor":25,"key":"REST"},{"data":"Coolheaded","floor":28,"key":"SMITH"},{"data":"Skim","floor":32,"key":"SMITH"}],"neow_cost":"NONE","seed_source_timestamp":280498115459547,"circlet_count":0,"master_deck":["Strike_B","Strike_B","Defend_B","Defend_B","Defend_B","Defend_B","Zap+1","Dualcast+1","Consume+1","Conserve Battery+1","Gash+1","Cold Snap+1","Machine Learning+1","Conserve Battery+1","Ball Lightning+1","Gash+1","Coolheaded+1","Skim+1","Gash+1","Machine Learning"],"special_seed":0,"relics":["Runic Dome","DollysMirror","Cursed Key"],"potions_floor_usage":[13,19,19],"damage_taken":[{"damage":3.0,"enemies":"Small Slimes","floor":1.0,"turns":2.0},{"damage":6.0,"enemies":"2 Louse","floor":3.0,"turns":3.0},{"damage":1,"enemies":"Jaw Worm","floor":7,"turns":4},{"damage":14,"enemies":"Large Slime","floor":11,"turns":6},{"damage":5,"enemies":"Gremlin Gang","floor":13,"turns":6},{"damage":27,"enemies":"The Guardian","floor":16,"turns":12},{"damage":15,"enemies":"Spheric Guardian","floor":18,"turns":4},{"damage":19,"enemies":"2 Thieves","floor":19,"turns":4},{"damage":7,"enemies":"Sentry and Sphere","floor":21,"turns":6},{"damage":0,"enemies":"Centurion and Healer","floor":24,"turns":6},{"damage":46,"enemies":"Automaton","floor":33,"turns":7}],"seed_played":"6264425243880043163","potions_obtained":[{"floor":1.0,"key":"EssenceOfSteel"},{"floor":7,"key":"Regen Potion"},{"floor":16,"key":"Strength Potion"},{"floor":19,"key":"Poison Potion"},{"floor":24,"key":"SteroidPotion"}],"is_trial":false,"path_per_floor":["M","?","M","?","?","R","M","R","T","R","M","R","M","?","R","B",null,"M","M","$","M","?","R","M","R","T","$","R","?","?","?","R","B",null],"character_chosen":"DEFECT","items_purchased":["DollysMirror","Coolheaded"],"campfire_rested":1,"item_purchase_floors":[20,20],"current_hp_per_floor":[72,72,66,71,71,71,70,70,70,70,56,56,60,53,53,26,80,65,46,46,39,39,39,39,63,63,63,63,63,63,63,63,17,80],"gold":156,"neow_bonus":"BOSS_RELIC","is_prod":false,"is_daily":false,"chose_seed":false,"campfire_upgraded":8,"win_rate":0,"timestamp":1548999109,"path_taken":["M","?","M","?","?","R","M","R","T","R","M","R","M","?","R","BOSS","M","M","$","M","?","R","M","R","T","$","R","?","?","?","R","BOSS"],"build_version":"2019-01-23","purchased_purges":0,"victory":false,"max_hp_per_floor":[75,75,75,80,80,80,80,80,80,80,80,80,80,80,80,80,80,80,80,80,80,80,80,80,80,80,80,80,80,80,80,80,80,80],"card_choices":[{"not_picked":["BootSequence","Compile Driver"],"picked":"Consume","floor":1.0},{"not_picked":["Genetic Algorithm","Compile Driver"],"picked":"Conserve Battery","floor":3.0},{"not_picked":["Turbo","Sweeping Beam"],"picked":"Gash","floor":7},{"not_picked":["BootSequence","Compile Driver"],"picked":"Cold Snap","floor":11},{"not_picked":["Darkness","Conserve Battery","Hologram"],"picked":"SKIP","floor":13},{"not_picked":["Electrodynamics","Fission"],"picked":"Machine Learning","floor":16},{"not_picked":["Undo","White Noise"],"picked":"Conserve Battery+1","floor":18},{"not_picked":["Sunder+1","Conserve Battery"],"picked":"Ball Lightning+1","floor":19},{"not_picked":["Genetic Algorithm","Fusion"],"picked":"Skim","floor":21},{"not_picked":["BootSequence","Hologram","Tempest"],"picked":"SKIP","floor":24},{"not_picked":["Amplify","Seek"],"picked":"Machine Learning","floor":33}],"player_experience":49380,"relics_obtained":[],"event_choices":[{"damage_healed":0.0,"max_hp_gain":0.0,"max_hp_loss":0.0,"gold_gain":0.0,"event_name":"Living Wall","player_choice":"Grow","floor":2.0,"gold_loss":0.0,"damage_taken":0.0,"cards_upgraded":["Consume"]},{"damage_healed":0.0,"max_hp_gain":5.0,"max_hp_loss":0.0,"gold_gain":0.0,"event_name":"Big Fish","player_choice":"Donut","floor":4.0,"gold_loss":0.0,"damage_taken":0.0},{"damage_healed":0,"gold_gain":0,"player_choice":"Ignored","damage_taken":0,"max_hp_gain":0,"max_hp_loss":0,"event_name":"Golden Idol","floor":5,"gold_loss":0},{"cards_removed":["Strike_B"],"damage_healed":0,"gold_gain":0,"player_choice":"Card Removal","damage_taken":7,"max_hp_gain":0,"max_hp_loss":0,"event_name":"Golden Wing","floor":14,"gold_loss":0},{"damage_healed":0,"gold_gain":0,"player_choice":"Ignored","damage_taken":0,"max_hp_gain":0,"max_hp_loss":0,"event_name":"Cursed Tome","floor":22,"gold_loss":0},{"damage_healed":0,"gold_gain":0,"player_choice":"Ignored","damage_taken":0,"max_hp_gain":0,"max_hp_loss":0,"event_name":"Beggar","floor":29,"gold_loss":0},{"cards_removed":["Strike_B"],"damage_healed":0,"gold_gain":0,"player_choice":"Elegance","damage_taken":0,"max_hp_gain":0,"max_hp_loss":0,"event_name":"Back to Basics","floor":30,"gold_loss":0},{"damage_healed":0,"gold_gain":0,"player_choice":"Copied","damage_taken":0,"max_hp_gain":0,"max_hp_loss":0,"event_name":"Duplicator","floor":31,"gold_loss":0,"cards_obtained":["Gash"]}],"is_beta":false,"boss_relics":[{"not_picked":["Inserter","Calling Bell","Velvet Choker"]},{"not_picked":["Coffee Dripper","Astrolabe"],"picked":"Cursed Key"}],"items_purged_floors":[],"is_endless":false,"potions_floor_spawned":[1,7,16,19,24],"ascension_level":0}