{"gold_per_floor":[117,117,117,117,128,162,172,200,279,279,305,70,91,106,106,210,210,230,230,19,33,52,52,79,29,29,39,39,39,58,72,72,169,169,189,1,1,18,31,66,80,80,126,1,1],"floor_reached":45,"playtime":1929,"items_purged":["Strike_B","Defend_B","Defend_B"],"score":942,"play_id":"3c7087ae-02be-4f11-b87f-0197df1d4021","local_time":"20190509123306","is_ascension_mode":true,"campfire_choices":[{"data":"Zap","floor":10.0,"key":"SMITH"},{"data":"Dualcast","floor":15.0,"key":"SMITH"},{"data":"Defragment","floor":23.0,"key":"SMITH"},{"floor":32,"key":"REST"},{"floor":42,"key":"REST"}],"neow_cost":"NONE","seed_source_timestamp":0,"circlet_count":0,"master_deck":["AscendersBane","Strike_B+1","Strike_B+1","Defend_B","Zap+1","Dualcast+1","Coolheaded","Machine Learning","Dramatic Entrance+1","Zap","Cold Snap+1","Glacier","FTL+1","Streamline+1","Gash+1","Biased Cognition","Cold Snap+1","Coolheaded","Fusion","Defragment+1","Gash+1","Panacea","Madness","Madness","Defragment+1","Gash+1"],"special_seed":0,"relics":["FrozenCore","NeowsBlessing","Molten Egg 2","Ginger","Orichalcum","Du-Vu Doll","Gremlin Horn","Omamori","Tiny Chest","Odd Mushroom","DataDisk","Sundial","Whetstone","Fusion Hammer","Symbiotic Virus","Bronze Scales"],"potions_floor_usage":[33,38,41,41],"damage_taken":[{"damage":0.0,"enemies":"Cultist","floor":1.0,"turns":1.0},{"damage":0.0,"enemies":"Small Slimes","floor":5.0,"turns":1.0},{"damage":0.0,"enemies":"3 Sentries","floor":6.0,"turns":1.0},{"damage":6.0,"enemies":"Jaw Worm","floor":7.0,"turns":3.0},{"damage":18.0,"enemies":"Gremlin Nob","floor":8.0,"turns":4.0},{"damage":15.0,"enemies":"Lagavulin","floor":11.0,"turns":6.0},{"damage":0.0,"enemies":"The Mushroom Lair","floor":13.0,"turns":1.0},{"damage":0.0,"enemies":"Exordium Thugs","floor":14.0,"turns":3.0},{"damage":0.0,"enemies":"Hexaghost","floor":16.0,"turns":9.0},{"damage":12.0,"enemies":"2 Thieves","floor":18.0,"turns":3.0},{"damage":0.0,"enemies":"Chosen","floor":21.0,"turns":6.0},{"damage":9.0,"enemies":"Centurion and Healer","floor":22.0,"turns":11.0},{"damage":27.0,"enemies":"Gremlin Leader","floor":24.0,"turns":6.0},{"damage":2.0,"enemies":"Snecko","floor":27.0,"turns":6.0},{"damage":0.0,"enemies":"Shelled Parasite and Fungi","floor":30.0,"turns":5.0},{"damage":0,"enemies":"Snake Plant","floor":31,"turns":4},{"damage":0,"enemies":"Champ","floor":33,"turns":14},{"damage":2,"enemies":"Orb Walker","floor":35,"turns":6},{"damage":4,"enemies":"3 Darklings","floor":38,"turns":5},{"damage":0,"enemies":"Maw","floor":39,"turns":7},{"damage":29,"enemies":"Nemesis","floor":40,"turns":11},{"damage":17,"enemies":"Spire Growth","floor":41,"turns":5},{"damage":30,"enemies":"Giant Head","floor":45,"turns":8}],"seed_played":"-7783075515640444810","potions_obtained":[{"floor":6.0,"key":"Strength Potion"},{"floor":8.0,"key":"GamblersBrew"},{"floor":18.0,"key":"Energy Potion"},{"floor":24.0,"key":"SteroidPotion"},{"floor":27.0,"key":"FocusPotion"},{"floor":35,"key":"GamblersBrew"},{"floor":39,"key":"SneckoOil"}],"is_trial":false,"path_per_floor":["M","T","?","?","M","E","M","E","T","R","E","$","?","M","R","B",null,"M","?","$","M","M","R","E","?","T","M","?","$","M","M","R","B",null,"M","$","?","M","M","E","M","R","T","$","E"],"character_chosen":"DEFECT","items_purchased":["Streamline+1","Tiny Chest","DataDisk","Defragment","Panacea"],"campfire_rested":2,"item_purchase_floors":[12,12,20,20,36],"current_hp_per_floor":[68,68,56,56,56,56,50,32,32,32,17,17,17,17,17,17,61,49,49,49,49,40,40,13,13,13,11,11,11,11,11,33,33,65,63,63,54,50,50,21,4,26,26,26,0],"gold":1,"neow_bonus":"THREE_ENEMY_KILL","is_prod":false,"is_daily":false,"chose_seed":false,"campfire_upgraded":3,"win_rate":0,"timestamp":1557397986,"path_taken":["M","?","?","?","?","E","M","E","T","R","E","$","?","M","R","BOSS","M","?","$","M","M","R","E","?","T","?","?","$","M","M","R","BOSS","M","$","?","M","M","E","M","R","T","$","E"],"build_version":"2019-01-23","purchased_purges":3,"victory":false,"max_hp_per_floor":[75,75,75,75,75,75,75,75,75,75,75,75,75,75,75,75,75,75,75,75,75,75,75,75,75,75,75,75,75,75,75,75,75,75,75,75,75,75,75,75,75,75,75,75,75],"card_choices":[{"not_picked":["Rebound","Static Discharge"],"picked":"Coolheaded","floor":1.0},{"not_picked":["Compile Driver+1","Streamline+1"],"picked":"Cold Snap+1","floor":5.0},{"not_picked":["Barrage+1","Hologram","Sweeping Beam+1"],"picked":"SKIP","floor":6.0},{"not_picked":["Darkness","Beam Cell+1"],"picked":"Glacier","floor":7.0},{"not_picked":["Tempest","Genetic Algorithm","Redo"],"picked":"SKIP","floor":8.0},{"not_picked":["FTL+1","Darkness","Rainbow"],"picked":"SKIP","floor":11.0},{"not_picked":["Darkness","Rainbow"],"picked":"FTL+1","floor":11.0},{"not_picked":["Streamline+1","Loop"],"picked":"Gash+1","floor":13.0},{"not_picked":["Barrage+1","Loop","Turbo"],"picked":"SKIP","floor":14.0},{"not_picked":["Amplify","Meteor Strike+1"],"picked":"Biased Cognition","floor":16.0},{"not_picked":["Scrape+1","Ball Lightning+1"],"picked":"Cold Snap+1","floor":18.0},{"not_picked":["Turbo+1","Beam Cell+1","Ball Lightning+1"],"picked":"SKIP","floor":21.0},{"not_picked":["Go for the Eyes+1","Ball Lightning+1","Streamline+1"],"picked":"SKIP","floor":22.0},{"not_picked":["Static Discharge","Coolheaded","Cold Snap+1"],"picked":"SKIP","floor":24.0},{"not_picked":["Melter+1","Rainbow","Double Energy"],"picked":"SKIP","floor":27.0},{"not_picked":["Ball Lightning+1","Steam"],"picked":"Gash+1","floor":30.0},{"not_picked":["BootSequence","Stack+1","Leap"],"picked":"SKIP","floor":31},{"not_picked":["Sweeping Beam+1","Recycle+1","Rebound+1"],"picked":"SKIP","floor":35},{"not_picked":["Doom and Gloom+1","Undo+1"],"picked":"Defragment+1","floor":38},{"not_picked":["Turbo+1","Ball Lightning+1","BootSequence+1"],"picked":"SKIP","floor":39},{"not_picked":["Stack+1","Streamline+1"],"picked":"Gash+1","floor":40},{"not_picked":["Chill","Redo","Ball Lightning+1"],"picked":"SKIP","floor":41}],"player_experience":198652,"relics_obtained":[{"floor":2.0,"key":"Molten Egg 2"},{"floor":6.0,"key":"Orichalcum"},{"floor":8.0,"key":"Du-Vu Doll"},{"floor":9.0,"key":"Gremlin Horn"},{"floor":11.0,"key":"Omamori"},{"floor":13.0,"key":"Odd Mushroom"},{"floor":24.0,"key":"Sundial"},{"floor":26.0,"key":"Whetstone"},{"floor":40,"key":"Symbiotic Virus"},{"floor":43,"key":"Bronze Scales"}],"event_choices":[{"damage_healed":0.0,"max_hp_gain":0.0,"max_hp_loss":0.0,"gold_gain":0.0,"event_name":"Scrap Ooze","player_choice":"Success","floor":3.0,"gold_loss":0.0,"damage_taken":12.0,"relics_obtained":["Ginger"]},{"damage_healed":0.0,"max_hp_gain":0.0,"max_hp_loss":0.0,"gold_gain":0.0,"event_name":"Match and Keep!","player_choice":"3 cards matched","floor":4.0,"gold_loss":0.0,"damage_taken":0.0,"cards_obtained":["Machine Learning","Dramatic Entrance","Zap"]},{"damage_healed":0.0,"max_hp_gain":0.0,"max_hp_loss":0.0,"gold_gain":0.0,"event_name":"Mushrooms","player_choice":"Fought Mushrooms","floor":13.0,"gold_loss":0.0,"damage_taken":0.0},{"damage_healed":0.0,"max_hp_gain":0.0,"max_hp_loss":0.0,"gold_gain":0.0,"cards_transformed":["Strike_B","Defend_B"],"event_name":"Drug Dealer","player_choice":"Became Test Subject","floor":19.0,"gold_loss":0.0,"damage_taken":0.0,"cards_obtained":["Coolheaded","Fusion"]},{"damage_healed":0.0,"max_hp_gain":0.0,"max_hp_loss":0.0,"gold_gain":0.0,"event_name":"The Joust","player_choice":"Bet on Murderer","floor":25.0,"gold_loss":50.0,"damage_taken":0.0},{"damage_healed":0.0,"max_hp_gain":0.0,"max_hp_loss":0.0,"gold_gain":0.0,"event_name":"Cursed Tome","player_choice":"Ignored","floor":28.0,"gold_loss":0.0,"damage_taken":0.0},{"damage_healed":0,"gold_gain":0,"player_choice":"Embrace Madness","damage_taken":9,"max_hp_gain":0,"max_hp_loss":0,"event_name":"Winding Halls","floor":37,"gold_loss":0,"cards_obtained":["Madness","Madness"]}],"is_beta":false,"boss_relics":[{"not_picked":["Lizard Tail","Runic Dome"],"picked":"FrozenCore"},{"not_picked":["White Beast Statue","Tiny House"],"picked":"Fusion Hammer"}],"items_purged_floors":[12,36,44],"is_endless":false,"potions_floor_spawned":[6,8,11,18,24,27,35,39],"killed_by":"Giant Head","ascension_level":11}