{"gold_per_floor":[110,121,46,11,11,26,41,41,41,366,366,378,378,388,388,462,462,472,444,53,53],"floor_reached":21,"playtime":737,"items_purged":["Strike_G","Parasite"],"score":333,"play_id":"e9236927-b49a-40d2-b49b-109439e58652","local_time":"20190525132456","is_ascension_mode":true,"campfire_choices":[{"floor":8,"key":"REST"},{"data":"Neutralize","floor":15,"key":"SMITH"}],"neow_cost":"PERCENT_DAMAGE","seed_source_timestamp":425454102952857,"circlet_count":0,"master_deck":["AscendersBane","Defend_G","Defend_G","Defend_G","Defend_G","Defend_G","Strike_G","Strike_G","Strike_G","Strike_G","Survivor","Neutralize+1","Poisoned Stab","Crippling Poison","Flying Knee","Flying Knee","Heel Hook","Concentrate","After Image","Expertise"],"relics":["Ring of the Snake","Ice Cream","Bottled Flame","Old Coin","Pear","Runic Dome","Torii"],"potions_floor_usage":[10,15,16],"damage_taken":[{"damage":9,"enemies":"Cultist","floor":1,"turns":5},{"damage":7,"enemies":"2 Louse","floor":2,"turns":4},{"damage":0,"enemies":"Jaw Worm","floor":6,"turns":4},{"damage":8,"enemies":"3 Louse","floor":7,"turns":4},{"damage":30,"enemies":"3 Sentries","floor":10,"turns":10},{"damage":8,"enemies":"Exordium Wildlife","floor":12,"turns":5},{"damage":18,"enemies":"Gremlin Gang","floor":14,"turns":4},{"damage":28,"enemies":"The Guardian","floor":16,"turns":13},{"damage":8,"enemies":"Spheric Guardian","floor":18,"turns":6},{"damage":31,"enemies":"2 Thieves","floor":19,"turns":5},{"damage":34,"enemies":"Sentry and Sphere","floor":21,"turns":5}],"seed_played":"3920870402597395780","potions_obtained":[{"floor":7,"key":"PowerPotion"},{"floor":12,"key":"Strength Potion"},{"floor":14,"key":"Fruit Juice"}],"is_trial":false,"path_per_floor":["M","M","$","?","?","M","M","R","T","E","T","M","?","M","R","B",null,"M","M","$","M"],"character_chosen":"THE_SILENT","items_purchased":["Torii"],"campfire_rested":1,"item_purchase_floors":[20],"current_hp_per_floor":[47,40,40,59,34,34,26,49,49,19,29,21,43,25,30,2,70,62,31,31,0],"gold":53,"neow_bonus":"TWENTY_PERCENT_HP_BONUS","is_prod":false,"is_daily":false,"chose_seed":false,"campfire_upgraded":1,"win_rate":0,"timestamp":1558783496,"path_taken":["M","M","$","?","?","M","M","R","T","E","?","M","?","?","R","BOSS","M","M","$","M"],"build_version":"2019-01-23","purchased_purges":2,"victory":false,"max_hp_per_floor":[78,78,78,78,78,78,78,78,78,78,88,88,88,88,93,93,93,93,93,90,90],"card_choices":[{"not_picked":["Bane","Blur"],"picked":"Poisoned Stab","floor":1},{"not_picked":["Sucker Punch","Expertise"],"picked":"Crippling Poison","floor":2},{"not_picked":["PiercingWail","Dagger Spray"],"picked":"Flying Knee","floor":6},{"not_picked":["Dagger Throw","Slice"],"picked":"Flying Knee","floor":7},{"not_picked":["Dagger Spray","Dodge and Roll"],"picked":"Heel Hook","floor":10},{"not_picked":["Caltrops","Bane","Eviscerate"],"picked":"SKIP","floor":12},{"not_picked":["Eviscerate","Dodge and Roll"],"picked":"Concentrate","floor":14},{"not_picked":["Phantasmal Killer","Burst"],"picked":"After Image","floor":16},{"not_picked":["Dash","Caltrops"],"picked":"Expertise","floor":18},{"not_picked":["Deflect","Prepared","Blur"],"picked":"SKIP","floor":19}],"player_experience":249649,"relics_obtained":[{"floor":9,"key":"Bottled Flame"},{"floor":10,"key":"Old Coin"},{"floor":11,"key":"Pear"}],"event_choices":[{"damage_healed":19,"gold_gain":0,"player_choice":"Healed","damage_taken":0,"max_hp_gain":0,"max_hp_loss":0,"event_name":"The Cleric","floor":4,"gold_loss":35},{"damage_healed":0,"gold_gain":0,"player_choice":"Success","damage_taken":25,"relics_obtained":["Ice Cream"],"max_hp_gain":0,"max_hp_loss":0,"event_name":"Scrap Ooze","floor":5,"gold_loss":0},{"damage_healed":22,"gold_gain":0,"player_choice":"Healed and dodged fight","damage_taken":0,"max_hp_gain":0,"max_hp_loss":0,"event_name":"Mushrooms","floor":13,"gold_loss":0,"cards_obtained":["Parasite"]}],"is_beta":false,"boss_relics":[{"not_picked":["WristBlade","Calling Bell"],"picked":"Runic Dome"}],"items_purged_floors":[3,20],"is_endless":false,"potions_floor_spawned":[7,12,14],"killed_by":"Sentry and Sphere","ascension_level":14}