{"gold_per_floor":[109,109,128,140,159,184,184,184,208,42,27,27,56,56,56,134,134,151,151,171,171],"floor_reached":21,"playtime":2832,"items_purged":["Strike_R"],"score":312,"play_id":"1a5e718a-92ad-4aed-b036-5bfb8d6605d8","local_time":"20190517234946","is_ascension_mode":true,"campfire_choices":[{"data":"Armaments","floor":8,"key":"SMITH"},{"data":"Entrench","floor":12,"key":"SMITH"},{"data":"Bash","floor":15,"key":"SMITH"}],"neow_cost":"NONE","seed_source_timestamp":116647366818870,"circlet_count":0,"master_deck":["AscendersBane","Strike_R","Strike_R","Strike_R","Strike_R","Defend_R","Defend_R","Defend_R","Defend_R","Bash+1","Inflame","Entrench+1","True Grit","Armaments+1","Madness","Evolve","Headbutt","Impervious","True Grit+1","Metallicize"],"relics":["Burning Blood","Regal Pillow","Boot","Oddly Smooth Stone","Du-Vu Doll","Snecko Eye"],"potions_floor_usage":[6,16,20,20],"damage_taken":[{"damage":4,"enemies":"Jaw Worm","floor":1,"turns":4},{"damage":12,"enemies":"Small Slimes","floor":3,"turns":4},{"damage":1,"enemies":"Cultist","floor":4,"turns":4},{"damage":22,"enemies":"Exordium Wildlife","floor":5,"turns":5},{"damage":41,"enemies":"3 Sentries","floor":6,"turns":14},{"damage":13,"enemies":"Exordium Thugs","floor":11,"turns":6},{"damage":34,"enemies":"Lagavulin","floor":13,"turns":9},{"damage":52,"enemies":"Slime Boss","floor":16,"turns":9},{"damage":22,"enemies":"Spheric Guardian","floor":18,"turns":8},{"damage":49,"enemies":"Colosseum Slavers","floor":19,"turns":7},{"damage":2,"enemies":"3 Byrds","floor":20,"turns":5},{"damage":15,"enemies":"Centurion and Healer","floor":21,"turns":3}],"seed_played":"-7780463254143042842","potions_obtained":[{"floor":4,"key":"FearPotion"},{"floor":5,"key":"Explosive Potion"},{"floor":11,"key":"Explosive Potion"},{"floor":18,"key":"LiquidBronze"}],"is_trial":false,"path_per_floor":["?","?","M","T","?"],"character_chosen":"IRONCLAD","items_purchased":["Madness"],"campfire_rested":0,"item_purchase_floors":[10],"current_hp_per_floor":[82,82,76,81,65,30,88,88,88,88,81,81,53,53,53,7,68,52,9,13,0],"gold":171,"neow_bonus":"TEN_PERCENT_HP_BONUS","is_prod":false,"is_daily":false,"chose_seed":false,"campfire_upgraded":3,"win_rate":0,"timestamp":1558151386,"path_taken":["M","?","M","M","M","E","?","R","T","$","?","R","E","?","R","BOSS","M","?","M","M"],"build_version":"2019-01-23","purchased_purges":1,"victory":false,"max_hp_per_floor":[88,88,88,88,88,88,88,88,88,88,88,88,88,88,88,88,88,88,88,88,88],"card_choices":[{"not_picked":["Warcry","Intimidate"],"picked":"Inflame","floor":1},{"not_picked":["Rupture","Warcry"],"picked":"Entrench","floor":3},{"not_picked":["Pommel Strike","Iron Wave"],"picked":"Sentinel","floor":4},{"not_picked":["Flex","Thunderclap"],"picked":"True Grit","floor":5},{"not_picked":["Rampage","Clothesline"],"picked":"Armaments","floor":6},{"not_picked":["Perfected Strike","Entrench"],"picked":"Evolve","floor":11},{"not_picked":["Fire Breathing","Intimidate"],"picked":"Headbutt","floor":13},{"not_picked":["Exhume","Brutality"],"picked":"Impervious","floor":16},{"not_picked":["Twin Strike","Pummel"],"picked":"True Grit+1","floor":18},{"not_picked":["Body Slam","Shrug It Off"],"picked":"Metallicize","floor":20}],"player_experience":526152,"relics_obtained":[{"floor":6,"key":"Regal Pillow"},{"floor":9,"key":"Boot"},{"floor":13,"key":"Oddly Smooth Stone"},{"floor":14,"key":"Du-Vu Doll"}],"event_choices":[{"damage_healed":0,"gold_gain":0,"player_choice":"Ignored","damage_taken":0,"max_hp_gain":0,"max_hp_loss":0,"event_name":"Liars Game","floor":2,"gold_loss":0},{"cards_removed":["Sentinel"],"damage_healed":58,"gold_gain":0,"player_choice":"Offered Uncommon","damage_taken":0,"max_hp_gain":0,"max_hp_loss":0,"event_name":"Bonfire Elementals","floor":7,"gold_loss":0},{"damage_healed":0,"gold_gain":0,"player_choice":"Fight","damage_taken":0,"max_hp_gain":0,"max_hp_loss":0,"event_name":"Colosseum","floor":19,"gold_loss":0},{"damage_healed":0,"gold_gain":0,"player_choice":"Fled From Nobs","damage_taken":0,"max_hp_gain":0,"max_hp_loss":0,"event_name":"Colosseum","floor":19,"gold_loss":0}],"is_beta":false,"boss_relics":[{"not_picked":["Calling Bell","Orrery"],"picked":"Snecko Eye"}],"items_purged_floors":[10],"is_endless":false,"potions_floor_spawned":[4,5,11,13,18],"killed_by":"Centurion and Healer","ascension_level":13}