{"gold_per_floor":[111,122,142,157,157,492,492,510,555,583,96,108,120,120],"floor_reached":14,"playtime":1183,"items_purged":["Strike_G"],"score":125,"play_id":"4e3f86d1-260f-461d-9c32-20257d4989ed","local_time":"20190503164741","is_ascension_mode":true,"campfire_choices":[{"floor":7,"key":"REST"}],"neow_cost":"NONE","seed_source_timestamp":3896362079312893,"circlet_count":0,"master_deck":["Defend_G","Defend_G","Defend_G","Defend_G","Defend_G","Strike_G","Strike_G","Strike_G","Strike_G","Survivor","Neutralize+1","Blade Dance","Bouncing Flask","Infinite Blades","Blade Dance","Venomology","Caltrops","Backstab","Accuracy+1","PiercingWail","Noxious Fumes+1","Blade Dance"],"relics":["Fusion Hammer","Old Coin","Smiling Mask","Frozen Egg 2","Membership Card","Dead Branch"],"potions_floor_usage":[10,10,13,14,14],"damage_taken":[{"damage":0,"enemies":"Jaw Worm","floor":1,"turns":5},{"damage":0,"enemies":"Cultist","floor":2,"turns":4},{"damage":2,"enemies":"Small Slimes","floor":3,"turns":4},{"damage":2,"enemies":"2 Fungi Beasts","floor":4,"turns":3},{"damage":21,"enemies":"Lagavulin","floor":6,"turns":7},{"damage":10,"enemies":"Lots of Slimes","floor":8,"turns":6},{"damage":51,"enemies":"Gremlin Nob","floor":10,"turns":7},{"damage":3,"enemies":"Looter","floor":12,"turns":3},{"damage":0,"enemies":"Blue Slaver","floor":13,"turns":1},{"damage":5,"enemies":"3 Sentries","floor":14,"turns":2}],"seed_played":"6021085112681673628","potions_obtained":[{"floor":2,"key":"Weak Potion"},{"floor":12,"key":"Fire Potion"},{"floor":13,"key":"Weak Potion"}],"is_trial":false,"path_per_floor":["?"],"character_chosen":"THE_SILENT","items_purchased":["Accuracy+1","Membership Card","PiercingWail","Dead Branch"],"campfire_rested":1,"item_purchase_floors":[11,11,11,11],"current_hp_per_floor":[70,70,68,66,66,45,66,56,56,5,5,2,2,0],"gold":120,"neow_bonus":"BOSS_RELIC","is_prod":false,"is_daily":false,"chose_seed":false,"campfire_upgraded":0,"win_rate":0,"timestamp":1556916461,"path_taken":["M","M","M","M","?","E","R","M","T","E","$","M","M","E"],"build_version":"2019-01-23","purchased_purges":1,"victory":false,"max_hp_per_floor":[70,70,70,70,70,70,70,70,70,70,70,70,70,70],"card_choices":[{"not_picked":["Slice","Bane"],"picked":"Blade Dance","floor":1},{"not_picked":["Sucker Punch","Quick Slash"],"picked":"Bouncing Flask","floor":2},{"not_picked":["Outmaneuver","PiercingWail"],"picked":"Infinite Blades","floor":3},{"not_picked":["Underhanded Strike","Bane"],"picked":"Blade Dance","floor":4},{"not_picked":["Deadly Poison","Dagger Throw"],"picked":"Venomology","floor":6},{"not_picked":["Dodge and Roll","Dagger Spray"],"picked":"Caltrops","floor":8},{"not_picked":["Concentrate","All Out Attack"],"picked":"Backstab","floor":10},{"not_picked":["Flechettes","Backflip"],"picked":"Noxious Fumes+1","floor":12},{"not_picked":["Dagger Throw","Poisoned Stab"],"picked":"Blade Dance","floor":13}],"player_experience":220655,"relics_obtained":[{"floor":6,"key":"Old Coin"},{"floor":9,"key":"Smiling Mask"},{"floor":10,"key":"Frozen Egg 2"}],"event_choices":[{"damage_healed":0,"gold_gain":0,"player_choice":"Forge","damage_taken":0,"max_hp_gain":0,"max_hp_loss":0,"event_name":"Accursed Blacksmith","floor":5,"gold_loss":0,"cards_upgraded":["Neutralize"]}],"is_beta":false,"boss_relics":[],"items_purged_floors":[11],"is_endless":false,"potions_floor_spawned":[2,12,13],"killed_by":"3 Sentries","ascension_level":4}