{"gold_per_floor":[115,40,115,126,142,170,182,195,270,301,301,301,318,218,218,318,318,301,316,316,332,352,382,382,402,402,61,61,75,75,109,109,209,209,221,221,321,321,321,321,138,166,166,166,179,4,4,31,31,31,31,31,31,62,62],"floor_reached":55,"playtime":4754,"items_purged":["Strike_R","Defend_R","Iron Wave"],"score":785,"play_id":"9b943df5-bf39-4d8c-b3d6-2d5fc114de43","local_time":"20190527171927","is_ascension_mode":true,"campfire_choices":[{"data":"Anger","floor":11.0,"key":"SMITH"},{"data":"Inflame","floor":15.0,"key":"SMITH"},{"floor":24.0,"key":"REST"},{"floor":30.0,"key":"REST"},{"floor":32.0,"key":"RECALL"},{"data":"Limit Break","floor":40,"key":"SMITH"},{"data":"Limit Break","floor":47,"key":"SMITH"},{"floor":49,"key":"REST"},{"data":"Heavy Blade","floor":52,"key":"SMITH"}],"neow_cost":"NONE","seed_source_timestamp":0,"circlet_count":0,"master_deck":["Strike_R+1","Strike_R+1","Defend_R+1","Defend_R+1","Defend_R+1","Bash","Anger+1","Uppercut+1","Cleave","Shrug It Off","Ghostly Armor","Inflame+1","Reaper","Headbutt","Disarm","Havoc+1","True Grit+1","Cleave","Limit Break+1","Thinking Ahead","Limit Break+1","Flex","Spot Weakness+1","True Grit+1","Heavy Blade+1","Whirlwind","Disarm+1","Heavy Blade+1"],"special_seed":0,"relics":["Burning Blood","Matryoshka","Potion Belt","Kunai","Pen Nib","Philosopher\u0027s Stone","Pocketwatch","Bronze Scales","Red Skull","Bag of Marbles","Orrery","Magic Flower","War Paint","Letter Opener","Juzu Bracelet","Art of War","Oddly Smooth Stone"],"potions_floor_usage":[50,50,50,55],"damage_taken":[{"damage":3.0,"enemies":"2 Louse","floor":1.0,"turns":3.0},{"damage":7.0,"enemies":"Small Slimes","floor":4.0,"turns":5.0},{"damage":1.0,"enemies":"Cultist","floor":5.0,"turns":4.0},{"damage":23.0,"enemies":"Gremlin Nob","floor":6.0,"turns":4.0},{"damage":7.0,"enemies":"Looter","floor":7.0,"turns":3.0},{"damage":11.0,"enemies":"Large Slime","floor":8.0,"turns":4.0},{"damage":26.0,"enemies":"Lagavulin","floor":10.0,"turns":7.0},{"damage":6.0,"enemies":"Blue Slaver","floor":13.0,"turns":4.0},{"damage":3.0,"enemies":"Hexaghost","floor":16.0,"turns":7.0},{"damage":16.0,"enemies":"2 Thieves","floor":18.0,"turns":4.0},{"damage":29.0,"enemies":"3 Byrds","floor":19.0,"turns":5.0},{"damage":23.0,"enemies":"Sentry and Sphere","floor":21.0,"turns":4.0},{"damage":5.0,"enemies":"Snecko","floor":22.0,"turns":5.0},{"damage":75.0,"enemies":"Gremlin Leader","floor":23.0,"turns":8.0},{"damage":23.0,"enemies":"Chosen and Byrds","floor":25.0,"turns":5.0},{"damage":22.0,"enemies":"Snake Plant","floor":29.0,"turns":3.0},{"damage":6.0,"enemies":"Book of Stabbing","floor":31.0,"turns":4.0},{"damage":19.0,"enemies":"Champ","floor":33.0,"turns":9.0},{"damage":28,"enemies":"3 Darklings","floor":35,"turns":4},{"damage":0,"enemies":"Mind Bloom Boss Battle","floor":37,"turns":3},{"damage":46,"enemies":"Nemesis","floor":42,"turns":5},{"damage":4,"enemies":"3 Shapes","floor":45,"turns":4},{"damage":51,"enemies":"Giant Head","floor":48,"turns":7},{"damage":75,"enemies":"Donu and Deca","floor":50,"turns":6},{"damage":67,"enemies":"Shield and Spear","floor":54,"turns":5},{"damage":32,"enemies":"The Heart","floor":55,"turns":2}],"seed_played":"2088399297626272654","potions_obtained":[{"floor":6.0,"key":"Fire Potion"},{"floor":7.0,"key":"AttackPotion"},{"floor":10.0,"key":"Explosive Potion"},{"floor":13.0,"key":"Dexterity Potion"},{"floor":18.0,"key":"Fruit Juice"},{"floor":19.0,"key":"EssenceOfSteel"},{"floor":23.0,"key":"Swift Potion"},{"floor":25.0,"key":"Fruit Juice"},{"floor":29.0,"key":"Swift Potion"},{"floor":33.0,"key":"Weak Potion"},{"floor":37,"key":"SkillPotion"},{"floor":45,"key":"Block Potion"}],"is_trial":false,"path_per_floor":["M","$","?","M","M","E","M","M","T","E","R","?","M","$","R","B",null,"M","M","?","M","M","E","R","M","T","$","?","M","R","E","R","B",null,"M","?","?","?","T","R","$","E","T","?","M","$","R","E","R","B",null,"R","$","E","B"],"character_chosen":"IRONCLAD","items_purchased":["Limit Break","Thinking Ahead","Whirlwind","War Paint","FearPotion"],"campfire_rested":3,"item_purchase_floors":[27,27,41,41,46],"current_hp_per_floor":[80,80,69,68,73,56,55,50,50,30,30,30,30,30,30,33,80,79,72,72,55,62,11,36,40,40,40,40,33,60,64,64,55,90,90,90,90,90,90,90,90,53,53,53,58,58,58,59,86,61,90,90,90,32,0],"gold":62,"neow_bonus":"REMOVE_CARD","is_prod":false,"is_daily":false,"chose_seed":false,"campfire_upgraded":5,"win_rate":0,"timestamp":1559002767,"path_taken":["M","$","?","M","M","E","M","M","T","E","R","?","M","$","R","BOSS","M","M","?","?","M","E","R","M","T","$","?","M","R","E","R","BOSS","M","?","?","?","?","R","?","E","T","?","M","$","R","E","R","BOSS","R","$","E","BOSS"],"build_version":"2019-01-23","purchased_purges":3,"victory":false,"max_hp_per_floor":[80,80,80,80,80,80,80,80,80,80,80,80,80,80,80,80,80,80,85,85,85,85,85,85,85,85,85,85,90,90,90,90,90,90,90,90,90,90,90,90,90,90,90,90,90,90,90,90,90,90,90,90,90,90,90],"card_choices":[{"not_picked":["Sword Boomerang","Perfected Strike","Blood for Blood"],"picked":"SKIP","floor":1.0},{"not_picked":["Warcry","Combust"],"picked":"Anger","floor":4.0},{"not_picked":["Heavy Blade","Warcry"],"picked":"Iron Wave","floor":5.0},{"not_picked":["Entrench","Anger"],"picked":"Uppercut","floor":6.0},{"not_picked":["Sword Boomerang","Power Through"],"picked":"Cleave","floor":7.0},{"not_picked":["Bloodletting","Cleave"],"picked":"Shrug It Off","floor":8.0},{"not_picked":["Heavy Blade","Twin Strike"],"picked":"Ghostly Armor","floor":10.0},{"not_picked":["Warcry","Dual Wield"],"picked":"Inflame","floor":13.0},{"not_picked":["Bludgeon","Juggernaut"],"picked":"Reaper","floor":16.0},{"not_picked":["Fire Breathing","Clothesline+1"],"picked":"Headbutt","floor":18.0},{"not_picked":["Armaments+1","Thunderclap"],"picked":"Disarm","floor":19.0},{"not_picked":["Intimidate+1","Heavy Blade"],"picked":"Havoc+1","floor":21.0},{"not_picked":["Blood for Blood","Sever Soul+1","Thunderclap"],"picked":"SKIP","floor":22.0},{"not_picked":["Armaments","Infernal Blade"],"picked":"True Grit","floor":23.0},{"not_picked":["Barricade","Entrench+1"],"picked":"Cleave","floor":25.0},{"not_picked":["Armaments","Thunderclap","Havoc+1"],"picked":"SKIP","floor":29.0},{"not_picked":["Clash","Burning Pact","Infernal Blade"],"picked":"SKIP","floor":31.0},{"not_picked":["Feed","Double Tap"],"picked":"Limit Break","floor":33.0},{"not_picked":["Uppercut","Fire Breathing"],"picked":"Flex","floor":34.0},{"not_picked":["Heavy Blade","Sword Boomerang+1"],"picked":"Spot Weakness","floor":34.0},{"not_picked":["Sword Boomerang","Feed"],"picked":"True Grit+1","floor":34.0},{"not_picked":["Shrug It Off+1","Clash"],"picked":"Heavy Blade","floor":35},{"not_picked":["True Grit","Sword Boomerang+1","Second Wind"],"picked":"SKIP","floor":42},{"not_picked":["Iron Wave","Combust+1"],"picked":"Disarm+1","floor":45},{"not_picked":["Evolve","Shrug It Off"],"picked":"Heavy Blade+1","floor":48},{"not_picked":["Fire Breathing","Rage","Dark Embrace"],"picked":"SKIP","floor":54}],"player_experience":125880,"relics_obtained":[{"floor":6.0,"key":"Matryoshka"},{"floor":9.0,"key":"Potion Belt"},{"floor":9.0,"key":"Kunai"},{"floor":10.0,"key":"Pen Nib"},{"floor":23.0,"key":"Pocketwatch"},{"floor":26.0,"key":"Bronze Scales"},{"floor":26.0,"key":"Red Skull"},{"floor":31.0,"key":"Bag of Marbles"},{"floor":37,"key":"Magic Flower"},{"floor":42,"key":"Letter Opener"},{"floor":43,"key":"Juzu Bracelet"},{"floor":48,"key":"Art of War"},{"floor":54,"key":"Oddly Smooth Stone"}],"event_choices":[{"damage_healed":0.0,"max_hp_gain":0.0,"max_hp_loss":0.0,"gold_gain":75.0,"event_name":"World of Goop","player_choice":"Gather Gold","floor":3.0,"gold_loss":0.0,"damage_taken":11.0},{"damage_healed":0.0,"max_hp_gain":0.0,"max_hp_loss":0.0,"gold_gain":0.0,"event_name":"Scrap Ooze","player_choice":"Fled","floor":12.0,"gold_loss":0.0,"damage_taken":0.0},{"damage_healed":0.0,"max_hp_gain":0.0,"max_hp_loss":0.0,"gold_gain":0.0,"event_name":"Accursed Blacksmith","player_choice":"Forge","floor":20.0,"gold_loss":0.0,"damage_taken":0.0,"cards_upgraded":["Uppercut"]},{"damage_healed":0.0,"max_hp_gain":0.0,"max_hp_loss":0.0,"gold_gain":0.0,"event_name":"Back to Basics","player_choice":"Simplicity","floor":28.0,"gold_loss":0.0,"damage_taken":0.0,"cards_upgraded":["Strike_R","Strike_R","Strike_R","Defend_R","Defend_R","Defend_R"]},{"damage_healed":0,"gold_gain":0,"player_choice":"Memory 1","damage_taken":0,"max_hp_gain":0,"max_hp_loss":0,"event_name":"SensoryStone","floor":36,"gold_loss":0},{"damage_healed":0,"gold_gain":0,"player_choice":"Fight","damage_taken":0,"max_hp_gain":0,"max_hp_loss":0,"event_name":"MindBloom","floor":37,"gold_loss":0},{"cards_removed":["Strike_R"],"damage_healed":0,"gold_gain":0,"player_choice":"Removed Attack","damage_taken":0,"max_hp_gain":0,"max_hp_loss":0,"event_name":"Falling","floor":38,"gold_loss":0},{"damage_healed":0,"gold_gain":0,"player_choice":"Ignored","damage_taken":0,"max_hp_gain":0,"max_hp_loss":0,"event_name":"Mysterious Sphere","floor":44,"gold_loss":0}],"is_beta":false,"boss_relics":[{"not_picked":["Calling Bell","Mark of Pain"],"picked":"Philosopher\u0027s Stone"},{"not_picked":["Velvet Choker","Runic Dome"],"picked":"Orrery"}],"items_purged_floors":[2,14,46],"is_endless":false,"potions_floor_spawned":[6,7,10,13,18,19,23,25,29,33,37,45],"killed_by":"The Heart","ascension_level":1}