{"gold_per_floor":[114,132,132,25,25,25,39,39,63,77,93,110,35,47,47,151,151,161,174,191,203,0,0,0],"floor_reached":24,"playtime":747,"items_purged":["Strike_R"],"score":269,"play_id":"0a115a0d-275a-4e22-933b-15acc31bc42b","local_time":"20190401172357","is_ascension_mode":true,"campfire_choices":[{"data":"Flex","floor":6,"key":"SMITH"},{"data":"Panacea","floor":8,"key":"SMITH"},{"data":"Heavy Blade","floor":15,"key":"SMITH"},{"data":"Barricade","floor":23,"key":"SMITH"}],"neow_cost":"PERCENT_DAMAGE","seed_source_timestamp":879942377619344,"circlet_count":0,"master_deck":["Strike_R","Strike_R","Strike_R","Strike_R","Defend_R+1","Defend_R","Defend_R","Defend_R+1","Bash","Metallicize","Bloodletting","Panacea+1","Flex+1","Heavy Blade","Metallicize","Disarm","Heavy Blade+1","Cleave","Barricade+1","Shrug It Off","Flame Barrier","Headbutt+1"],"relics":["Burning Blood","Ice Cream","War Paint","Eternal Feather"],"potions_floor_usage":[2,10,18,19,24],"damage_taken":[{"damage":9,"enemies":"2 Louse","floor":1,"turns":4},{"damage":1,"enemies":"Jaw Worm","floor":2,"turns":5},{"damage":5,"enemies":"Cultist","floor":7,"turns":4},{"damage":8,"enemies":"Lots of Slimes","floor":10,"turns":5},{"damage":39,"enemies":"Exordium Thugs","floor":11,"turns":6},{"damage":4,"enemies":"Large Slime","floor":12,"turns":5},{"damage":1,"enemies":"2 Fungi Beasts","floor":14,"turns":4},{"damage":44,"enemies":"Slime Boss","floor":16,"turns":13},{"damage":12,"enemies":"2 Thieves","floor":18,"turns":5},{"damage":0,"enemies":"3 Byrds","floor":19,"turns":5},{"damage":23,"enemies":"Sentry and Sphere","floor":20,"turns":7},{"damage":29,"enemies":"Centurion and Healer","floor":21,"turns":9},{"damage":37,"enemies":"Shelled Parasite and Fungi","floor":24,"turns":4}],"seed_played":"1258708496602736925","potions_obtained":[{"floor":1,"key":"Fire Potion"},{"floor":2,"key":"Block Potion"},{"floor":16,"key":"SteroidPotion"},{"floor":18,"key":"SkillPotion"},{"floor":21,"key":"Poison Potion"}],"is_trial":false,"path_per_floor":["M","M","?","$","$","R","M","R","T","M","M","M","$","M","R","B",null,"M","M","M","M","?","R","M"],"character_chosen":"IRONCLAD","items_purchased":["Panacea","Flex"],"campfire_rested":0,"item_purchase_floors":[4,4],"current_hp_per_floor":[48,53,79,79,79,79,80,80,80,78,45,47,47,52,52,14,64,58,64,47,24,24,36,0],"gold":0,"neow_bonus":"ONE_RARE_RELIC","is_prod":false,"is_daily":false,"chose_seed":false,"campfire_upgraded":4,"win_rate":0,"timestamp":1554132237,"path_taken":["M","M","?","?","$","R","M","R","T","M","M","M","$","?","R","BOSS","M","?","M","?","?","R","M"],"build_version":"2019-01-23","purchased_purges":1,"victory":false,"max_hp_per_floor":[80,80,80,80,80,80,80,80,80,80,80,80,80,80,80,80,80,80,80,80,80,80,80,80],"card_choices":[{"not_picked":["Thunderclap","Combust"],"picked":"Metallicize","floor":1},{"not_picked":["Reckless Charge","Battle Trance"],"picked":"Bloodletting","floor":2},{"not_picked":["Combust","Wild Strike"],"picked":"Heavy Blade","floor":7},{"not_picked":["True Grit","Uppercut"],"picked":"Metallicize","floor":10},{"not_picked":["Havoc","Searing Blow"],"picked":"Disarm","floor":11},{"not_picked":["Battle Trance","Sentinel"],"picked":"Heavy Blade","floor":12},{"not_picked":["Rampage","Iron Wave"],"picked":"Cleave","floor":14},{"not_picked":["Immolate","Impervious"],"picked":"Barricade","floor":16},{"not_picked":["Dual Wield+1","Headbutt+1"],"picked":"Shrug It Off","floor":18},{"not_picked":["Headbutt","Wild Strike+1"],"picked":"Flame Barrier","floor":19},{"not_picked":["Clothesline","Carnage","Wild Strike+1"],"picked":"SKIP","floor":20},{"not_picked":["Feel No Pain","Wild Strike","Headbutt+1"],"picked":"SKIP","floor":21},{"not_picked":["Feel No Pain","Wild Strike"],"picked":"Headbutt+1","floor":21}],"player_experience":128868,"relics_obtained":[{"floor":9,"key":"War Paint"}],"event_choices":[{"damage_healed":26,"gold_gain":0,"player_choice":"Banana","damage_taken":0,"max_hp_gain":0,"max_hp_loss":0,"event_name":"Big Fish","floor":3,"gold_loss":0},{"damage_healed":0,"gold_gain":0,"player_choice":"Paid Fearfully","damage_taken":0,"max_hp_gain":0,"max_hp_loss":0,"event_name":"Masked Bandits","floor":22,"gold_loss":203}],"is_beta":false,"boss_relics":[{"not_picked":["Runic Cube","Lizard Tail"],"picked":"Eternal Feather"}],"items_purged_floors":[13],"is_endless":false,"potions_floor_spawned":[1,2,16,18,21],"killed_by":"Shelled Parasite and Fungi","ascension_level":8}