{"gold_per_floor":[115,133,208,34,34,68,68,103,103,103,137,36,56,67,67,171,171,182,9,21,39,50,79,79,79,132,146,146,171,181,96,96,199,199,219,219,236,186,196,196,227,227,227,227,240,259,135,153,153,153],"floor_reached":51,"playtime":7207,"items_purged":["Strike_B","Strike_B","Strike_B","Strike_B"],"score":1079,"play_id":"23721445-17f3-411d-b94e-3898164241ee","local_time":"20180715153707","is_ascension_mode":true,"campfire_choices":[{"floor":7,"key":"REST"},{"data":"Hologram","floor":15,"key":"SMITH"},{"floor":24,"key":"REST"},{"data":"Loop","floor":28,"key":"SMITH"},{"data":"Zap","floor":32,"key":"SMITH"},{"data":"Buffer","floor":40,"key":"SMITH"},{"data":"Stack","floor":42,"key":"SMITH"},{"floor":44,"key":"REST"},{"data":"Defragment","floor":49,"key":"SMITH"}],"neow_cost":"NONE","seed_source_timestamp":0,"circlet_count":0,"master_deck":["Defend_B+1","Defend_B","Defend_B","Defend_B","Zap+1","Dualcast","Cold Snap","Glacier","All For One","Cold Snap","Hologram+1","Go for the Eyes+1","Streamline","Gash","Steam","Gash","Seek","Gash","Stack","Loop+1","Seek","Turbo","Scrape+1","Stack+1","Beam Cell","Ghostly","Ghostly","Ghostly+1","Ghostly","Ghostly","Hologram","Core Surge","Buffer+1","Clumsy","All For One","BootSequence","Defragment+1"],"special_seed":17727,"relics":["Cracked Core","Happy Flower","Shuriken","Sundial","Smiling Mask","Ancient Tea Set","Bottled Lightning","Orrery","Whetstone","War Paint","Bag of Preparation","Peace Pipe","Cursed Key","Torii","Calipers"],"potions_floor_usage":[8,16,16,16,23,23,33,50,50],"damage_taken":[{"damage":7,"enemies":"Small Slimes","floor":1,"turns":3},{"damage":5,"enemies":"Jaw Worm","floor":2,"turns":3},{"damage":23,"enemies":"Gremlin Nob","floor":6,"turns":6},{"damage":7,"enemies":"3 Sentries","floor":8,"turns":10},{"damage":9,"enemies":"Lagavulin","floor":11,"turns":9},{"damage":7,"enemies":"2 Louse","floor":13,"turns":2},{"damage":0,"enemies":"Large Slime","floor":14,"turns":5},{"damage":7,"enemies":"Hexaghost","floor":16,"turns":7},{"damage":0,"enemies":"Shell Parasite","floor":18,"turns":5},{"damage":0,"enemies":"Chosen","floor":20,"turns":5},{"damage":0,"enemies":"Snecko","floor":21,"turns":4},{"damage":12,"enemies":"3 Cultists","floor":22,"turns":8},{"damage":30,"enemies":"Slavers","floor":23,"turns":4},{"damage":0,"enemies":"Centurion and Healer","floor":27,"turns":7},{"damage":0,"enemies":"Gremlin Leader","floor":29,"turns":7},{"damage":3,"enemies":"Snake Plant","floor":30,"turns":6},{"damage":0,"enemies":"Collector","floor":33,"turns":7},{"damage":0,"enemies":"Orb Walker","floor":35,"turns":3},{"damage":0,"enemies":"Flame Bruiser 1 Orb","floor":37,"turns":8},{"damage":0,"enemies":"4 Shapes","floor":39,"turns":5},{"damage":23,"enemies":"2 Orb Walkers","floor":41,"turns":5},{"damage":0,"enemies":"Flame Bruiser 2 Orb","floor":45,"turns":6},{"damage":0,"enemies":"Spire Growth","floor":46,"turns":5},{"damage":0,"enemies":"3 Darklings","floor":48,"turns":5},{"damage":10,"enemies":"Time Eater","floor":50,"turns":16}],"seed_played":"-3267651053854438972","potions_obtained":[{"floor":1,"key":"Swift Potion"},{"floor":6,"key":"FocusPotion"},{"floor":11,"key":"EssenceOfSteel"},{"floor":13,"key":"LiquidBronze"},{"floor":14,"key":"FocusPotion"},{"floor":18,"key":"Strength Potion"},{"floor":20,"key":"Ancient Potion"},{"floor":22,"key":"LiquidBronze"},{"floor":29,"key":"Swift Potion"},{"floor":33,"key":"EssenceOfSteel"},{"floor":35,"key":"Energy Potion"}],"is_trial":false,"path_per_floor":["M","M","?","$","?","E","R","E","T","?","E","$","M","M","R","B",null,"M","$","M","M","M","E","R","?","T","M","R","E","M","?","R","B",null,"M","?","M","$","M","R","E","R","T","R","M","M","$","M","R","B"],"character_chosen":"DEFECT","items_purchased":["All For One","Cold Snap","Gash","Turbo","Scrape","BootSequence"],"campfire_rested":3,"item_purchase_floors":[4,4,12,19,19,47],"current_hp_per_floor":[61,56,45,45,45,22,44,37,37,37,28,28,21,21,21,14,60,60,60,60,60,48,18,40,37,37,37,37,37,34,34,34,34,36,36,36,36,36,36,36,13,13,13,24,24,24,24,24,24,14],"gold":153,"neow_bonus":"RANDOM_COMMON_RELIC","is_prod":false,"is_daily":false,"chose_seed":false,"campfire_upgraded":6,"win_rate":0,"timestamp":1531661827,"path_taken":["M","M","?","$","?","E","R","E","T","?","E","$","M","?","R","BOSS","M","$","?","M","M","E","R","?","T","M","R","E","M","?","R","BOSS","M","?","M","$","?","R","E","R","T","R","M","M","$","M","R","BOSS"],"build_version":"2018-07-12","purchased_purges":4,"victory":true,"max_hp_per_floor":[75,75,75,75,75,75,75,75,75,75,75,75,75,75,75,75,75,75,75,75,75,75,75,75,37,37,37,37,37,37,37,37,37,37,37,37,37,37,37,37,37,37,37,37,37,37,37,37,37,37],"card_choices":[{"not_picked":["Scrape","BootSequence"],"picked":"Cold Snap","floor":1},{"not_picked":["Static Discharge","Conserve Battery"],"picked":"Glacier","floor":2},{"not_picked":["Cold Snap","Leap"],"picked":"Hologram","floor":6},{"not_picked":["Conserve Battery","Leap"],"picked":"Go for the Eyes","floor":8},{"not_picked":["Rebound","Seek"],"picked":"Streamline","floor":11},{"not_picked":["Stack","Leap"],"picked":"Steam","floor":13},{"not_picked":["White Noise","Leap"],"picked":"Gash","floor":14},{"not_picked":["Electrodynamics","Machine Learning"],"picked":"Seek","floor":16},{"not_picked":["Chaos","Stack"],"picked":"Gash","floor":17},{"not_picked":["Hello World","Glacier"],"picked":"Stack","floor":17},{"not_picked":["Hello World","Melter"],"picked":"Loop","floor":17},{"not_picked":["Storm+1","Steam"],"picked":"Seek","floor":18},{"not_picked":["Streamline","Conserve Battery"],"picked":"Stack","floor":20},{"not_picked":["Gash","Reinforced Body"],"picked":"Beam Cell","floor":22},{"not_picked":["Genetic Algorithm+1","Sweeping Beam"],"picked":"Hologram","floor":29},{"not_picked":["Auto Shields","Darkness"],"picked":"Core Surge","floor":30},{"not_picked":["Fission","Rainbow"],"picked":"Buffer","floor":33},{"not_picked":["Chill+1","Gash"],"picked":"All For One","floor":46},{"not_picked":["Rip and Tear","Heatsinks"],"picked":"Defragment","floor":48}],"player_experience":830386,"relics_obtained":[{"floor":6,"key":"Shuriken"},{"floor":8,"key":"Sundial"},{"floor":9,"key":"Smiling Mask"},{"floor":11,"key":"Bottled Lightning"},{"floor":23,"key":"Whetstone"},{"floor":26,"key":"War Paint"},{"floor":29,"key":"Bag of Preparation"},{"floor":41,"key":"Torii"},{"floor":43,"key":"Calipers"}],"event_choices":[{"event_name":"World of Goop","player_choice":"Gather Gold","floor":3,"damage_taken":0},{"event_name":"Liars Game","player_choice":"disagreed","floor":5,"damage_taken":0},{"event_name":"Dead Adventurer","player_choice":"Searched \u00272\u0027 times","floor":10,"damage_taken":0},{"event_name":"Ghosts","player_choice":"Became a Ghost","floor":25,"damage_taken":0},{"event_name":"Addict","player_choice":"Obtained Relic","floor":31,"damage_taken":0},{"event_name":"SensoryStone","player_choice":"Memory 1","floor":36,"damage_taken":0}],"boss_relics":[{"not_picked":["Runic Pyramid","Velvet Choker"],"picked":"Orrery"},{"not_picked":["Tiny House","Nuclear Battery"],"picked":"Cursed Key"}],"items_purged_floors":[12,19,38,47],"is_endless":false,"potions_floor_spawned":[1,6,11,13,14,18,20,22,29,33,35,39,46,48],"ascension_level":7}