{"gold_per_floor":[112,112,126,140,151,151,184,194,217,217,281,281,315,43,43,143,143,155,155,70,90,90,121,135,135,135,135,148,167,202,40,40,135,135,149,200,49,59,71,71,0,0,0,11,24,52,52,4,4,4,4,4,4,35,35],"floor_reached":55,"playtime":4119,"items_purged":[],"score":947,"play_id":"e13eed23-dc4a-4cbb-9244-724952338383","local_time":"20190501231800","is_ascension_mode":true,"campfire_choices":[{"data":"Neutralize","floor":6,"key":"SMITH"},{"data":"Footwork","floor":10,"key":"SMITH"},{"data":"Dash","floor":12,"key":"SMITH"},{"data":"Apotheosis","floor":15,"key":"SMITH"},{"floor":27,"key":"REST"},{"floor":32,"key":"REST"},{"floor":40,"key":"REST"},{"floor":47,"key":"RECALL"},{"floor":49,"key":"REST"},{"floor":52,"key":"REST"}],"neow_cost":"NONE","seed_source_timestamp":3744041160389736,"circlet_count":0,"master_deck":["Defend_G","Defend_G","Defend_G","Defend_G","Defend_G","Strike_G","Strike_G","Strike_G","Survivor","Neutralize+1","Deadly Poison","Acrobatics","Dodge and Roll","Deadly Poison","Footwork+1","Dash+1","Deflect","Backflip","Adrenaline","Apotheosis+1","Well Laid Plans","After Image","Leg Sweep+1","Poisoned Stab+1","Terror","Predator","Deadly Poison","Terror","Flechettes","Crippling Poison","Catalyst","Corpse Explosion","Backflip","Catalyst+1","Deadly Poison+1","Cloak And Dagger","Acrobatics+1","Infinite Blades+1","A Thousand Cuts","Blade Dance+1","Backflip+1"],"relics":["Ring of the Snake","Blood Vial","PreservedInsect","Tiny Chest","Pen Nib","Fusion Hammer","Omamori","Matryoshka","Art of War","Enchiridion","Ancient Tea Set","Letter Opener","Ninja Scroll","Eternal Feather","Ginger","Lantern","Red Mask","Oddly Smooth Stone","Toxic Egg 2","Happy Flower"],"potions_floor_usage":[16,33,33,45,55],"damage_taken":[{"damage":0,"enemies":"2 Louse","floor":1,"turns":3},{"damage":1,"enemies":"Cultist","floor":3,"turns":4},{"damage":2,"enemies":"Jaw Worm","floor":4,"turns":4},{"damage":1,"enemies":"Looter","floor":5,"turns":4},{"damage":2,"enemies":"Lagavulin","floor":7,"turns":8},{"damage":0,"enemies":"Blue Slaver","floor":8,"turns":5},{"damage":8,"enemies":"3 Sentries","floor":11,"turns":9},{"damage":0,"enemies":"Lagavulin","floor":13,"turns":5},{"damage":7,"enemies":"Hexaghost","floor":16,"turns":9},{"damage":0,"enemies":"Shell Parasite","floor":18,"turns":5},{"damage":0,"enemies":"Chosen","floor":21,"turns":7},{"damage":0,"enemies":"Book of Stabbing","floor":23,"turns":6},{"damage":6,"enemies":"Snake Plant","floor":24,"turns":3},{"damage":0,"enemies":"Chosen and Byrds","floor":28,"turns":6},{"damage":7,"enemies":"Centurion and Healer","floor":29,"turns":3},{"damage":19,"enemies":"Slavers","floor":30,"turns":5},{"damage":18,"enemies":"Collector","floor":33,"turns":7},{"damage":3,"enemies":"Orb Walker","floor":35,"turns":3},{"damage":45,"enemies":"2 Orb Walkers","floor":36,"turns":4},{"damage":1,"enemies":"3 Darklings","floor":38,"turns":3},{"damage":0,"enemies":"Sphere and 2 Shapes","floor":39,"turns":3},{"damage":4,"enemies":"Spire Growth","floor":44,"turns":4},{"damage":9,"enemies":"Writhing Mass","floor":45,"turns":5},{"damage":9,"enemies":"Nemesis","floor":46,"turns":7},{"damage":39,"enemies":"Awakened One","floor":50,"turns":12},{"damage":48,"enemies":"Shield and Spear","floor":54,"turns":7},{"damage":38,"enemies":"The Heart","floor":55,"turns":2}],"seed_played":"2754508210876906439","potions_obtained":[{"floor":1,"key":"Fire Potion"},{"floor":5,"key":"SkillPotion"},{"floor":7,"key":"FearPotion"},{"floor":16,"key":"PowerPotion"},{"floor":36,"key":"GhostInAJar"},{"floor":38,"key":"SteroidPotion"}],"is_trial":false,"path_per_floor":["?","M","$","?","?","T","?","M","$","?","?","?","M"],"character_chosen":"THE_SILENT","items_purchased":["Apotheosis","Well Laid Plans","Crippling Poison","Catalyst","Lantern","Blade Dance+1"],"campfire_rested":5,"item_purchase_floors":[14,14,31,31,37,48],"current_hp_per_floor":[70,70,69,67,66,66,64,66,66,66,60,60,62,62,62,57,70,70,70,70,70,70,70,64,48,48,69,70,63,46,46,67,51,70,67,24,24,25,27,69,69,69,69,66,59,52,70,70,70,31,70,70,70,22,0],"gold":35,"neow_bonus":"THREE_CARDS","is_prod":false,"is_daily":false,"chose_seed":false,"campfire_upgraded":4,"win_rate":0,"timestamp":1556767080,"path_taken":["M","?","M","?","M","R","E","M","T","R","E","R","E","?","R","BOSS","M","?","?","M","?","E","M","?","T","R","M","?","E","?","R","BOSS","M","?","$","M","M","R","?","?","T","?","M","E","R","$","R","BOSS","R","$","E","BOSS"],"build_version":"2019-01-23","purchased_purges":0,"victory":false,"max_hp_per_floor":[70,70,70,70,70,70,70,70,70,70,70,70,70,70,70,70,70,70,70,70,70,70,70,70,70,70,70,70,70,70,70,70,70,70,70,70,70,70,70,70,70,70,70,70,70,70,70,70,70,70,70,70,70,70,70],"card_choices":[{"not_picked":["Flying Knee","Dagger Spray"],"picked":"Deadly Poison","floor":0},{"not_picked":["Expertise","Calculated Gamble"],"picked":"Acrobatics","floor":1},{"not_picked":["Reflex","Quick Slash"],"picked":"Dodge and Roll","floor":3},{"not_picked":["Predator","Skewer"],"picked":"Deadly Poison","floor":4},{"not_picked":["Finisher","Caltrops"],"picked":"Footwork","floor":5},{"not_picked":["Dagger Throw","Die Die Die"],"picked":"Dash","floor":7},{"not_picked":["Dagger Throw","Prepared"],"picked":"Deflect","floor":8},{"not_picked":["Cloak And Dagger","Underhanded Strike"],"picked":"Backflip","floor":11},{"not_picked":["Quick Slash","Endless Agony"],"picked":"Adrenaline","floor":13},{"not_picked":["Glass Knife","Adrenaline"],"picked":"After Image","floor":16},{"not_picked":["Poisoned Stab","Predator"],"picked":"Leg Sweep+1","floor":18},{"not_picked":["Setup+1","Slice"],"picked":"Poisoned Stab+1","floor":21},{"not_picked":["Escape Plan","Masterful Stab"],"picked":"Terror","floor":23},{"not_picked":["Setup","Calculated Gamble"],"picked":"Predator","floor":24},{"not_picked":["Dagger Throw+1","Concentrate"],"picked":"Deadly Poison","floor":28},{"not_picked":["Deflect","Quick Slash"],"picked":"Terror","floor":29},{"not_picked":["Riddle With Holes+1","Dagger Spray"],"picked":"Flechettes","floor":30},{"not_picked":["Bullet Time","Venomology"],"picked":"Corpse Explosion","floor":33},{"not_picked":["Blade Dance","Acrobatics"],"picked":"Backflip","floor":35},{"not_picked":["Backflip+1","Poisoned Stab"],"picked":"Catalyst+1","floor":36},{"not_picked":["Dagger Spray+1","Deflect"],"picked":"Deadly Poison+1","floor":38},{"not_picked":["Riddle With Holes+1","Prepared+1"],"picked":"Cloak And Dagger","floor":39},{"not_picked":["Bane","Flechettes+1"],"picked":"Acrobatics+1","floor":44},{"not_picked":["Cloak And Dagger+1","Deflect+1"],"picked":"Infinite Blades+1","floor":45},{"not_picked":["Underhanded Strike","Phantasmal Killer"],"picked":"A Thousand Cuts","floor":46},{"not_picked":["Outmaneuver+1","Dodge and Roll+1"],"picked":"Backflip+1","floor":54}],"player_experience":189033,"relics_obtained":[{"floor":7,"key":"Blood Vial"},{"floor":9,"key":"PreservedInsect"},{"floor":11,"key":"Tiny Chest"},{"floor":13,"key":"Pen Nib"},{"floor":22,"key":"Matryoshka"},{"floor":23,"key":"Art of War"},{"floor":25,"key":"Enchiridion"},{"floor":26,"key":"Ancient Tea Set"},{"floor":26,"key":"Letter Opener"},{"floor":30,"key":"Ninja Scroll"},{"floor":36,"key":"Ginger"},{"floor":43,"key":"Oddly Smooth Stone"},{"floor":46,"key":"Toxic Egg 2"},{"floor":54,"key":"Happy Flower"}],"event_choices":[{"cards_removed":["Strike_G"],"damage_healed":0,"gold_gain":0,"player_choice":"Offered Basic","damage_taken":0,"max_hp_gain":0,"max_hp_loss":0,"event_name":"Bonfire Elementals","floor":2,"gold_loss":0},{"damage_healed":0,"gold_gain":0,"player_choice":"Ignored","damage_taken":0,"max_hp_gain":0,"max_hp_loss":0,"event_name":"Ghosts","floor":19,"gold_loss":0},{"damage_healed":0,"gold_gain":0,"player_choice":"Obtained Relic","damage_taken":0,"relics_obtained":["Omamori"],"max_hp_gain":0,"max_hp_loss":0,"event_name":"Addict","floor":20,"gold_loss":85},{"damage_healed":0,"gold_gain":0,"player_choice":"Obtained Book","damage_taken":16,"max_hp_gain":0,"max_hp_loss":0,"event_name":"Cursed Tome","floor":25,"gold_loss":0},{"damage_healed":0,"gold_gain":0,"player_choice":"Fight","damage_taken":0,"max_hp_gain":0,"max_hp_loss":0,"event_name":"Mysterious Sphere","floor":36,"gold_loss":0},{"damage_healed":0,"gold_gain":0,"player_choice":"Paid","damage_taken":0,"relics_obtained":["Red Mask"],"max_hp_gain":0,"max_hp_loss":0,"event_name":"Tomb of Lord Red Mask","floor":41,"gold_loss":71},{"cards_removed":["Strike_G"],"damage_healed":0,"gold_gain":0,"player_choice":"Purged","damage_taken":0,"max_hp_gain":0,"max_hp_loss":0,"event_name":"Purifier","floor":42,"gold_loss":0}],"is_beta":false,"boss_relics":[{"not_picked":["Coffee Dripper","Pandora\u0027s Box"],"picked":"Fusion Hammer"},{"not_picked":["White Beast Statue","Orrery"],"picked":"Eternal Feather"}],"items_purged_floors":[],"is_endless":false,"potions_floor_spawned":[1,5,7,13,16,21,24,29,36,38],"killed_by":"The Heart","ascension_level":3}