{"gold_per_floor":[117,137,87,87,1,1,34,46,70,70,86,104,104,118,118,215,215,226,14,30,42,42,42,142,142,142,161,61,89,89,89,89,190,190,210,210,224,247,47,75,75,104,104,104,123,123,123,138,138,138],"floor_reached":51,"playtime":1943,"items_purged":["Strike_B","Defend_B+1"],"score":1035,"play_id":"a5187e07-6a8c-4567-bdb3-d73e5d5c5fc5","local_time":"20190222121729","is_ascension_mode":true,"campfire_choices":[{"data":"Multi-Cast","floor":6.0,"key":"SMITH"},{"data":"Zap","floor":10.0,"key":"SMITH"},{"data":"Dualcast","floor":13.0,"key":"SMITH"},{"data":"Conserve Battery","floor":15.0,"key":"SMITH"},{"data":"Cold Snap","floor":23,"key":"SMITH"},{"data":"Cold Snap","floor":25,"key":"SMITH"},{"data":"Cold Snap","floor":30,"key":"SMITH"},{"data":"Cold Snap","floor":32,"key":"SMITH"},{"floor":41,"key":"REST"},{"data":"Conserve Battery","floor":46,"key":"SMITH"},{"data":"Bandage Up","floor":49,"key":"SMITH"}],"neow_cost":"PERCENT_DAMAGE","seed_source_timestamp":590937517717914,"circlet_count":0,"master_deck":["Defend_B+1","Defend_B+1","Defend_B+1","Zap+1","Dualcast+1","Multi-Cast+1","Ball Lightning+1","Cold Snap+1","Conserve Battery+1","Cold Snap+1","Cold Snap+1","Machine Learning+1","Cold Snap+1","Conserve Battery+1","Bandage Up+1","Self Repair+1","Defragment+1","Echo Form+1","Cold Snap+1","Defragment+1","Electrodynamics+1","Blind","Bandage Up","Mayhem+1","Barrage+1"],"special_seed":0,"relics":["Cracked Core","Nunchaku","Frozen Egg 2","Dream Catcher","DataDisk","Empty Cage","FossilizedHelix","Bottled Tornado","Ice Cream","Strawberry","Incense Burner","Black Star","Bag of Marbles","Runic Capacitor","Whetstone","Sundial","Blood Vial","Pen Nib","Thread and Needle","FaceOfCleric"],"potions_floor_usage":[16,18,33,40,40,50],"damage_taken":[{"damage":4.0,"enemies":"Jaw Worm","floor":1.0,"turns":4.0},{"damage":1.0,"enemies":"Cultist","floor":2.0,"turns":3.0},{"damage":8.0,"enemies":"Gremlin Nob","floor":7.0,"turns":3.0},{"damage":3.0,"enemies":"2 Louse","floor":8.0,"turns":2.0},{"damage":1.0,"enemies":"Blue Slaver","floor":11.0,"turns":2.0},{"damage":0.0,"enemies":"Exordium Thugs","floor":12.0,"turns":3.0},{"damage":18.0,"enemies":"Gremlin Gang","floor":14.0,"turns":3.0},{"damage":0,"enemies":"Hexaghost","floor":16,"turns":9},{"damage":11,"enemies":"2 Thieves","floor":18,"turns":3},{"damage":0,"enemies":"Shell Parasite","floor":20,"turns":6},{"damage":17,"enemies":"Snake Plant","floor":21,"turns":6},{"damage":17,"enemies":"Colosseum Slavers","floor":24,"turns":6},{"damage":14,"enemies":"Colosseum Nobs","floor":24,"turns":7},{"damage":0,"enemies":"Snecko","floor":27,"turns":5},{"damage":18,"enemies":"Gremlin Leader","floor":29,"turns":7},{"damage":7,"enemies":"Collector","floor":33,"turns":16},{"damage":1,"enemies":"Orb Walker","floor":35,"turns":4},{"damage":26,"enemies":"3 Darklings","floor":37,"turns":7},{"damage":58,"enemies":"Reptomancer","floor":40,"turns":10},{"damage":0,"enemies":"Giant Head","floor":42,"turns":11},{"damage":0,"enemies":"Maw","floor":45,"turns":7},{"damage":9,"enemies":"Transient","floor":48,"turns":5},{"damage":14,"enemies":"Time Eater","floor":50,"turns":12}],"seed_played":"-3599703457469845607","potions_obtained":[{"floor":7.0,"key":"Fruit Juice"},{"floor":11.0,"key":"SpeedPotion"},{"floor":12.0,"key":"FocusPotion"},{"floor":16,"key":"FearPotion"},{"floor":18,"key":"EssenceOfSteel"},{"floor":27,"key":"LiquidBronze"},{"floor":35,"key":"Energy Potion"},{"floor":45,"key":"GamblersBrew"}],"is_trial":false,"path_per_floor":["M","M","?","T","?","R","E","M","T","R","M","M","R","M","R","B",null,"M","$","M","M","?","R","?","R","T","M","$","E","R","T","R","B",null,"M","?","M","T","$","E","R","E","T","?","M","R","?","M","R","B",null],"character_chosen":"DEFECT","items_purchased":["Conserve Battery","Bandage Up","Runic Capacitor"],"campfire_rested":1,"item_purchase_floors":[19,19,39],"current_hp_per_floor":[50,49,49,49,49,49,41,43,43,43,42,42,42,24,24,24,66,55,55,59,56,56,56,53,53,53,57,57,60,60,60,60,67,82,85,85,87,87,87,49,75,87,87,87,88,88,78,89,89,90],"gold":138,"neow_bonus":"THREE_RARE_CARDS","is_prod":false,"is_daily":false,"chose_seed":false,"campfire_upgraded":10,"win_rate":0,"timestamp":1550834249,"path_taken":["M","M","?","?","?","R","E","M","T","R","M","M","R","M","R","BOSS","M","$","M","M","?","R","?","R","T","M","$","E","R","?","R","BOSS","M","?","?","?","$","E","R","E","T","?","?","R","?","M","R","BOSS"],"build_version":"2019-01-23","purchased_purges":2,"victory":true,"max_hp_per_floor":[75,75,75,75,75,75,75,80,80,80,80,80,80,80,80,80,80,80,80,80,80,80,80,80,80,80,80,80,87,87,87,87,87,87,87,87,87,87,87,87,87,87,87,87,88,88,88,89,89,90],"card_choices":[{"not_picked":["Meteor Strike","Amplify"],"picked":"Multi-Cast","floor":0.0},{"not_picked":["Redo","Undo"],"picked":"Ball Lightning","floor":1.0},{"not_picked":["Beam Cell","Compile Driver"],"picked":"Cold Snap","floor":2.0},{"not_picked":["Streamline","Cold Snap"],"picked":"Conserve Battery","floor":7.0},{"not_picked":["Rebound","Coolheaded","Aggregate"],"picked":"SKIP","floor":8.0},{"not_picked":["Compile Driver","Blizzard","Beam Cell"],"picked":"SKIP","floor":11.0},{"not_picked":["Static Discharge+1","Scrape"],"picked":"Cold Snap","floor":12.0},{"not_picked":["Redo","Compile Driver"],"picked":"Cold Snap","floor":14.0},{"not_picked":["Reboot","All For One"],"picked":"Machine Learning+1","floor":16},{"not_picked":["Undo","Reprogram"],"picked":"Cold Snap","floor":18},{"not_picked":["Coolheaded+1","Stack"],"picked":"Self Repair+1","floor":20},{"not_picked":["Barrage+1","Ball Lightning"],"picked":"Defragment+1","floor":21},{"not_picked":["Hyperbeam","Stack+1","Tempest"],"picked":"SKIP","floor":27},{"not_picked":["Cold Snap","Sweeping Beam","Auto Shields"],"picked":"SKIP","floor":29},{"not_picked":["Meteor Strike","Hyperbeam"],"picked":"Echo Form+1","floor":33},{"not_picked":["Streamline","Hologram"],"picked":"Cold Snap+1","floor":35},{"not_picked":["BootSequence","Streamline","Consume+1"],"picked":"SKIP","floor":37},{"not_picked":["Stack","Redo+1","Go for the Eyes"],"picked":"SKIP","floor":40},{"not_picked":["Beam Cell","Go for the Eyes","Hologram"],"picked":"SKIP","floor":42},{"not_picked":["Auto Shields+1","Heatsinks+1"],"picked":"Electrodynamics+1","floor":45},{"not_picked":["Trip","Swift Strike"],"picked":"Blind","floor":47},{"not_picked":["Forethought","Secret Technique"],"picked":"Bandage Up","floor":47},{"not_picked":["Trip","Blind"],"picked":"Mayhem+1","floor":47},{"not_picked":["Streamline+1","Cold Snap+1"],"picked":"Barrage+1","floor":48}],"player_experience":81123,"relics_obtained":[{"floor":4.0,"key":"Nunchaku"},{"floor":7.0,"key":"Dream Catcher"},{"floor":9.0,"key":"DataDisk"},{"floor":24,"key":"FossilizedHelix"},{"floor":24,"key":"Bottled Tornado"},{"floor":26,"key":"Ice Cream"},{"floor":29,"key":"Strawberry"},{"floor":31,"key":"Incense Burner"},{"floor":38,"key":"Bag of Marbles"},{"floor":40,"key":"Whetstone"},{"floor":40,"key":"Sundial"},{"floor":42,"key":"Blood Vial"},{"floor":42,"key":"Pen Nib"},{"floor":43,"key":"Thread and Needle"}],"event_choices":[{"cards_removed":["Strike_B"],"damage_healed":0.0,"max_hp_gain":0.0,"max_hp_loss":0.0,"gold_gain":0.0,"event_name":"The Cleric","player_choice":"Card Removal","floor":3.0,"gold_loss":50.0,"damage_taken":0.0},{"damage_healed":0.0,"max_hp_gain":0.0,"max_hp_loss":0.0,"gold_gain":0.0,"event_name":"WeMeetAgain","player_choice":"Paid Gold","floor":5.0,"gold_loss":86.0,"damage_taken":0.0,"relics_obtained":["Frozen Egg 2"]},{"damage_healed":0,"gold_gain":0,"player_choice":"Simplicity","damage_taken":0,"max_hp_gain":0,"max_hp_loss":0,"event_name":"Back to Basics","floor":22,"gold_loss":0,"cards_upgraded":["Defend_B","Defend_B","Defend_B","Defend_B"]},{"damage_healed":0,"gold_gain":0,"player_choice":"Fight","damage_taken":0,"max_hp_gain":0,"max_hp_loss":0,"event_name":"Colosseum","floor":24,"gold_loss":0},{"damage_healed":0,"gold_gain":0,"player_choice":"Fought Nobs","damage_taken":0,"max_hp_gain":0,"max_hp_loss":0,"event_name":"Colosseum","floor":24,"gold_loss":0},{"damage_healed":0,"gold_gain":0,"player_choice":"Copied","damage_taken":0,"max_hp_gain":0,"max_hp_loss":0,"event_name":"Duplicator","floor":36,"gold_loss":0,"cards_obtained":["Defragment"]},{"damage_healed":0,"gold_gain":0,"player_choice":"Trade","damage_taken":0,"relics_obtained":["FaceOfCleric"],"max_hp_gain":0,"max_hp_loss":0,"event_name":"FaceTrader","floor":44,"gold_loss":0},{"damage_healed":0,"gold_gain":0,"player_choice":"Memory 3","damage_taken":10,"max_hp_gain":0,"max_hp_loss":0,"event_name":"SensoryStone","floor":47,"gold_loss":0}],"is_beta":false,"boss_relics":[{"not_picked":["Inserter","Orrery"],"picked":"Empty Cage"},{"not_picked":["White Beast Statue","Astrolabe"],"picked":"Black Star"}],"items_purged_floors":[19,28],"is_endless":false,"potions_floor_spawned":[7,11,12,16,18,24,27,35,45],"ascension_level":5}