{"gold_per_floor":[118,118,9,9,27,27,46,46,123,123,138,0,35,61,61,135,135,150,78,78,91,107,107,141,141,141,167,167,90,40,57,57,129,129,143,143,143,156,32,32,32],"floor_reached":41,"playtime":2536,"items_purged":["Strike_R","Strike_R","Strike_R","Defend_R","Strike_R+1"],"score":744,"play_id":"6fb13675-e32b-4114-a893-3c98d1ea7e57","local_time":"20180708104507","is_ascension_mode":true,"campfire_choices":[{"data":"Neutralize","floor":6,"key":"SMITH"},{"data":"Inflame","floor":8,"key":"SMITH"},{"data":"Wild Strike","floor":10,"key":"SMITH"},{"data":"True Grit","floor":15,"key":"SMITH"},{"data":"Body Slam","floor":23,"key":"SMITH"},{"data":"Flame Barrier","floor":25,"key":"SMITH"},{"data":"Shrug It Off","floor":28,"key":"SMITH"},{"data":"Shrug It Off","floor":32,"key":"SMITH"},{"data":"Crow Ritual","floor":40,"key":"SMITH"}],"neow_cost":"","seed_source_timestamp":87582514903663,"circlet_count":0,"master_deck":["Defend_R","Defend_R","Defend_R","AscendersBane","Wild Strike+1","Survivor","Neutralize+1","Inflame+1","Run Through","Body Slam+1","True Grit+1","Metallicize","Flame Barrier+1","Shrug It Off+1","Reaper","Shrug It Off+1","Inflame","Body Slam+1","Shrug It Off","J.A.X.","Dark Embrace","Flash of Steel","Master of Strategy","Crow Ritual+1","Pommel Strike","Shockwave"],"relics":["Burning Blood","Smiling Mask","Whetstone","Odd Mushroom","Ooze Armor","Shuriken","Happy Flower","Pantograph","Cursed Key"],"potions_floor_usage":[14,16,24,33],"damage_taken":[{"damage":6,"enemies":"2 Louse","floor":1,"turns":3},{"damage":7,"enemies":"Small Slimes","floor":5,"turns":3},{"damage":2,"enemies":"Jaw Worm","floor":7,"turns":4},{"damage":13,"enemies":"Blue Slaver","floor":11,"turns":3},{"damage":15,"enemies":"3 Sentries","floor":13,"turns":8},{"damage":6,"floor":14,"turns":4},{"damage":12,"enemies":"The Guardian","floor":16,"turns":15},{"damage":11,"enemies":"3 Byrds","floor":18,"turns":7},{"damage":18,"enemies":"Spheric Guardian","floor":21,"turns":6},{"damage":7,"enemies":"Cultist and Chosen","floor":22,"turns":8},{"damage":14,"enemies":"Book of Stabbing","floor":24,"turns":6},{"damage":58,"enemies":"Slavers","floor":27,"turns":10},{"damage":13,"enemies":"Centurion and Healer","floor":31,"turns":6},{"damage":54,"enemies":"Champ","floor":33,"turns":14},{"damage":3,"enemies":"Orb Walker","floor":35,"turns":4},{"damage":22,"enemies":"3 Shapes","floor":38,"turns":7},{"damage":79,"enemies":"Giant Head","floor":41,"turns":7}],"seed_played":"-2024813610024729515","potions_obtained":[{"floor":7,"key":"Regen Potion"},{"floor":13,"key":"Explosive Potion"},{"floor":18,"key":"GamblersBrew"},{"floor":24,"key":"LiquidBronze"},{"floor":31,"key":"GamblersBrew"}],"is_trial":false,"path_per_floor":["M","?","$","?","M","R","M","R","T","R","M","$","E","?","R","B",null,"M","$","?","M","M","R","E","R","T","E","R","?","$","M","R","B",null,"M","?","?","M","$","R"],"character_chosen":"IRONCLAD","items_purchased":["Inflame","True Grit","Metallicize","Shrug It Off","Shockwave"],"campfire_rested":0,"item_purchase_floors":[3,12,12,19,39],"current_hp_per_floor":[68,68,68,68,67,67,71,71,71,71,64,64,55,55,55,64,72,70,70,70,58,69,69,70,70,70,36,36,36,36,37,37,20,61,75,75,65,62,62,62,0],"gold":32,"neow_bonus":"","is_prod":false,"is_daily":false,"chose_seed":false,"campfire_upgraded":9,"win_rate":0,"timestamp":1531039507,"path_taken":["M","?","$","?","M","R","M","R","T","R","?","$","E","?","R","BOSS","M","$","?","M","M","R","E","R","T","E","R","?","$","M","R","BOSS","M","?","?","M","$","R","E"],"build_version":"2018-07-05","purchased_purges":5,"victory":false,"max_hp_per_floor":[75,75,75,75,75,75,75,75,75,75,75,75,75,75,75,75,75,75,75,75,75,75,75,75,75,75,75,75,75,75,75,75,75,75,75,75,75,75,75,75,75],"card_choices":[{"not_picked":["Reckless Charge","Dual Wield"],"picked":"Wild Strike","floor":1},{"not_picked":["Wild Strike","Havoc"],"picked":"Run Through","floor":5},{"not_picked":["Armaments","Wild Strike"],"picked":"Body Slam","floor":11},{"not_picked":["Carnage","Flex"],"picked":"Flame Barrier","floor":13},{"not_picked":["Pummel","Life Link"],"picked":"Shrug It Off","floor":14},{"not_picked":["Immolate","Bludgeon"],"picked":"Reaper","floor":16},{"not_picked":["Infernal Blade","Thunderclap"],"picked":"Inflame","floor":21},{"not_picked":["Blood for Blood","Flex"],"picked":"Body Slam","floor":22},{"not_picked":["Dark Embrace","Hemokinesis"],"picked":"Shrug It Off","floor":24},{"not_picked":["Immolate","Juggernaut"],"picked":"Dark Embrace","floor":33},{"not_picked":["Finesse","Good Instincts"],"picked":"Flash of Steel","floor":37},{"not_picked":["Specialist","Madness"],"picked":"Master of Strategy","floor":37},{"not_picked":["Secret Weapon","Finesse"],"picked":"Crow Ritual","floor":37},{"not_picked":["Uppercut","Anger+1"],"picked":"Pommel Strike","floor":38}],"player_experience":748131,"relics_obtained":[{"floor":9,"key":"Smiling Mask"},{"floor":13,"key":"Whetstone"},{"floor":14,"key":"Odd Mushroom"},{"floor":24,"key":"Shuriken"},{"floor":26,"key":"Happy Flower"},{"floor":27,"key":"Pantograph"}],"event_choices":[{"event_name":"Purifier","player_choice":"One Purge","floor":4,"damage_taken":0},{"event_name":"Mushrooms","player_choice":"Fought Mushrooms","floor":14,"damage_taken":0},{"event_name":"Vampires","player_choice":"Ignored","floor":20,"damage_taken":0},{"event_name":"Drug Dealer","player_choice":"Got JAXXED","floor":29,"damage_taken":0},{"event_name":"Tomb of Lord Red Mask","player_choice":"Ignored","floor":36,"damage_taken":0},{"event_name":"SensoryStone","player_choice":"Memory 3","floor":37,"damage_taken":0}],"boss_relics":[{"not_picked":["Empty Cage","Ectoplasm"],"picked":"Ooze Armor"},{"not_picked":["Electric Blood","Black Blood"],"picked":"Cursed Key"}],"items_purged_floors":[3,12,19,30,39],"is_endless":false,"potions_floor_spawned":[7,13,18,24,31],"killed_by":"Giant Head","ascension_level":15}