{"gold_per_floor":[117,129,142,67,79,111,127,153,153,153,14,44,44,4,4,102,102,115,127,87,97,97,132,132,132,158,176,51,51,82,82,82,179,179,197,47,47,57,57,57,57,57,57,57,77,377,387,403,403,403],"floor_reached":51,"playtime":4491,"items_purged":["Defend_B","Defend_B","Defend_B","Strike_B"],"score":703,"play_id":"6cba86aa-1c4a-41aa-848a-1edee0a09885","local_time":"20190224231144","is_ascension_mode":false,"campfire_choices":[{"floor":10.0,"key":"REST"},{"floor":13.0,"key":"REST"},{"data":"Defragment","floor":15.0,"key":"SMITH"},{"floor":25.0,"key":"REST"},{"floor":29.0,"key":"REST"},{"floor":32.0,"key":"REST"},{"data":"Defragment","floor":40,"key":"SMITH"},{"data":"Machine Learning","floor":44,"key":"SMITH"},{"floor":49,"key":"REST"}],"neow_cost":"PERCENT_DAMAGE","seed_source_timestamp":0,"circlet_count":0,"master_deck":["Strike_B","Strike_B","Defend_B","Zap","Dualcast","Leap","Glacier","Gash","Leap","Machine Learning+1","Defragment+1","Capacitor","Defragment+1","Chaos","Machine Learning","Conserve Battery","Capacitor","Streamline+1","Necronomicurse","Auto Shields","RitualDagger+1","Conserve Battery","Parasite","Conserve Battery+1","Consume"],"special_seed":0,"relics":["Cracked Core","Gremlin Horn","FossilizedHelix","Dodecahedron","Molten Egg 2","Busted Crown","Necronomicon","Potion Belt","MutagenicStrength","Strawberry","PreservedInsect","Nuclear Battery","Smiling Mask","Old Coin"],"potions_floor_usage":[38,50,50,50,50],"damage_taken":[{"damage":6.0,"enemies":"Jaw Worm","floor":1.0,"turns":3.0},{"damage":1.0,"enemies":"2 Louse","floor":2.0,"turns":3.0},{"damage":0.0,"enemies":"Cultist","floor":3.0,"turns":4.0},{"damage":8.0,"enemies":"Red Slaver","floor":5.0,"turns":4.0},{"damage":12.0,"enemies":"Gremlin Nob","floor":6.0,"turns":5.0},{"damage":1.0,"enemies":"2 Fungi Beasts","floor":7.0,"turns":4.0},{"damage":9.0,"enemies":"3 Sentries","floor":8.0,"turns":10.0},{"damage":21.0,"enemies":"Gremlin Nob","floor":12.0,"turns":6.0},{"damage":14.0,"enemies":"Hexaghost","floor":16.0,"turns":10.0},{"damage":0.0,"enemies":"Chosen","floor":18.0,"turns":5.0},{"damage":1.0,"enemies":"3 Byrds","floor":19.0,"turns":6.0},{"damage":8.0,"enemies":"Centurion and Healer","floor":21.0,"turns":11.0},{"damage":55.0,"enemies":"Slavers","floor":23.0,"turns":6.0},{"damage":0.0,"enemies":"Snecko","floor":27.0,"turns":4.0},{"damage":0.0,"enemies":"Book of Stabbing","floor":30.0,"turns":7.0},{"damage":55.0,"enemies":"Automaton","floor":33.0,"turns":14.0},{"damage":13,"enemies":"Orb Walker","floor":35,"turns":3},{"damage":12,"enemies":"3 Darklings","floor":38,"turns":6},{"damage":13,"enemies":"Writhing Mass","floor":45,"turns":9},{"damage":17,"enemies":"Transient","floor":47,"turns":5},{"damage":11,"enemies":"Spire Growth","floor":48,"turns":6},{"damage":28,"enemies":"Time Eater","floor":50,"turns":16}],"seed_played":"7103978466399438824","potions_obtained":[{"floor":1.0,"key":"SteroidPotion"},{"floor":6.0,"key":"SpeedPotion"},{"floor":8.0,"key":"GamblersBrew"},{"floor":12.0,"key":"LiquidBronze"},{"floor":16.0,"key":"SpeedPotion"},{"floor":19.0,"key":"Explosive Potion"},{"floor":23.0,"key":"FocusPotion"},{"floor":27.0,"key":"EssenceOfSteel"},{"floor":33.0,"key":"GamblersBrew"},{"floor":35,"key":"PowerPotion"},{"floor":45,"key":"Block Potion"},{"floor":48,"key":"SteroidPotion"}],"is_trial":false,"path_per_floor":["M","M","M","$","M","E","M","E","T","R","$","E","R","$","R","B",null,"M","M","$","M","?","E","?","R","T","M","$","R","E","?","R","B",null,"M","$","?","M","$","R","?","?","T","R","M","T","M","M","R","B",null],"character_chosen":"DEFECT","items_purchased":["Capacitor","Chaos","Capacitor"],"campfire_rested":6,"item_purchase_floors":[11,14,20],"current_hp_per_floor":[62,61,61,61,53,41,40,31,31,57,57,36,62,62,62,48,89,89,88,88,80,64,9,9,35,42,42,42,70,70,64,92,37,96,83,83,83,71,71,71,71,71,71,71,58,58,41,30,57,29],"gold":403,"neow_bonus":"TWENTY_PERCENT_HP_BONUS","is_prod":false,"is_daily":false,"chose_seed":false,"campfire_upgraded":3,"win_rate":0.0,"timestamp":1551078704,"path_taken":["M","M","M","$","M","E","M","E","T","R","$","E","R","$","R","BOSS","M","M","$","M","?","E","?","R","T","M","$","R","E","?","R","BOSS","M","$","?","?","?","R","?","?","T","R","M","?","M","M","R","BOSS"],"build_version":"2019-01-23","purchased_purges":4,"victory":true,"max_hp_per_floor":[89,89,89,89,89,89,89,89,89,89,89,89,89,89,89,89,89,89,89,89,89,89,89,89,89,96,96,96,96,96,96,96,96,96,96,96,96,96,96,96,91,91,91,91,91,91,91,91,91,91],"card_choices":[{"not_picked":["Scrape","Compile Driver"],"picked":"Leap","floor":1.0},{"not_picked":["Go for the Eyes","Turbo"],"picked":"Glacier","floor":2.0},{"not_picked":["Steam","Barrage"],"picked":"Gash","floor":3.0},{"not_picked":["Go for the Eyes","Barrage"],"picked":"Leap","floor":5.0},{"not_picked":["Conserve Battery","Storm"],"picked":"Machine Learning","floor":6.0},{"not_picked":["Steam","Undo","Redo"],"picked":"SKIP","floor":7.0},{"not_picked":["Storm","Glacier"],"picked":"Defragment","floor":8.0},{"not_picked":["Scrape","Double Energy"],"picked":"Defragment","floor":12.0},{"not_picked":["All For One+1","Multi-Cast"],"picked":"Machine Learning","floor":16.0},{"not_picked":["Conserve Battery"],"picked":"SKIP","floor":18.0},{"not_picked":["Conserve Battery"],"picked":"SKIP","floor":18.0},{"not_picked":[],"picked":"Conserve Battery","floor":19.0},{"not_picked":[],"picked":"Streamline+1","floor":21.0},{"not_picked":["Redo+1"],"picked":"SKIP","floor":23.0},{"not_picked":[],"picked":"Auto Shields","floor":27.0},{"not_picked":["Auto Shields+1"],"picked":"SKIP","floor":30.0},{"not_picked":[],"picked":"Conserve Battery","floor":35},{"not_picked":[],"picked":"White Noise+1","floor":38},{"not_picked":[],"picked":"Conserve Battery+1","floor":45},{"not_picked":[],"picked":"Consume","floor":47},{"not_picked":["Steam Power+1"],"picked":"SKIP","floor":48}],"player_experience":103137,"relics_obtained":[{"floor":6.0,"key":"Gremlin Horn"},{"floor":8.0,"key":"FossilizedHelix"},{"floor":9.0,"key":"Dodecahedron"},{"floor":12.0,"key":"Molten Egg 2"},{"floor":22.0,"key":"Necronomicon"},{"floor":23.0,"key":"Potion Belt"},{"floor":26.0,"key":"Strawberry"},{"floor":30.0,"key":"PreservedInsect"},{"floor":43,"key":"Smiling Mask"},{"floor":46,"key":"Old Coin"}],"event_choices":[{"damage_healed":0.0,"max_hp_gain":0.0,"max_hp_loss":0.0,"gold_gain":0.0,"event_name":"Cursed Tome","player_choice":"Obtained Book","floor":22.0,"gold_loss":0.0,"damage_taken":16.0},{"damage_healed":0.0,"max_hp_gain":0.0,"max_hp_loss":0.0,"gold_gain":0.0,"event_name":"Drug Dealer","player_choice":"Inject Mutagens","floor":24.0,"gold_loss":0.0,"damage_taken":0.0,"relics_obtained":["MutagenicStrength"]},{"damage_healed":0.0,"max_hp_gain":0.0,"max_hp_loss":0.0,"gold_gain":0.0,"event_name":"Nest","player_choice":"Joined the Cult","floor":31.0,"gold_loss":0.0,"damage_taken":6.0,"cards_obtained":["RitualDagger"]},{"cards_removed":["Strike_B"],"damage_healed":0,"gold_gain":0,"player_choice":"Card Removal","damage_taken":0,"max_hp_gain":0,"max_hp_loss":0,"event_name":"Wheel of Change","floor":37,"gold_loss":0},{"damage_healed":0,"gold_gain":0,"player_choice":"Max HP","damage_taken":0,"max_hp_gain":0,"max_hp_loss":5,"event_name":"Winding Halls","floor":41,"gold_loss":0},{"cards_removed":["White Noise"],"damage_healed":0,"gold_gain":0,"player_choice":"Removed Skill","damage_taken":0,"max_hp_gain":0,"max_hp_loss":0,"event_name":"Falling","floor":42,"gold_loss":0}],"is_beta":false,"boss_relics":[{"not_picked":["Coffee Dripper","Pandora\u0027s Box"],"picked":"Busted Crown"},{"not_picked":["Orrery","Runic Pyramid"],"picked":"Nuclear Battery"}],"items_purged_floors":[4,11,28,36],"is_endless":false,"potions_floor_spawned":[1,6,8,12,16,19,23,27,33,35,45,48],"ascension_level":0}