{"gold_per_floor":[117,117,135,147,147,147,188,188,214,214,214,227,265,84,84,180,180,199,213,213,44,62,105,129,129,129,129,154,69,69,69,69,165,165,190,190,206,227,207,207,207],"floor_reached":41,"playtime":3115,"items_purged":["Strike_R"],"score":863,"play_id":"407b6f53-d665-4d0d-a75e-7476a64e5587","local_time":"20190530215100","is_ascension_mode":true,"campfire_choices":[{"data":"Feed","floor":6,"key":"SMITH"},{"data":"Armaments","floor":8,"key":"SMITH"},{"floor":11,"key":"REST"},{"data":"Discovery","floor":15,"key":"SMITH"},{"data":"Clothesline","floor":25,"key":"SMITH"},{"floor":27,"key":"REST"},{"floor":32,"key":"REST"},{"floor":40,"key":"REST"}],"neow_cost":"NONE","seed_source_timestamp":653726388222718,"circlet_count":0,"master_deck":["AscendersBane","Defend_R","Defend_R","Defend_R","Defend_R","Bash+1","Metallicize","Pommel Strike","Feed+1","Armaments+1","Clothesline+1","Twin Strike","Discovery+1","Fiend Fire+1","Metallicize","Thunderclap","Flex+1","Flame Barrier+1","Shockwave","Exhume","Iron Wave+1","Body Slam+1","Bludgeon+1","Pommel Strike+1","Anger+1","True Grit"],"relics":["Burning Blood","Golden Idol","Whetstone","Bag of Marbles","Question Card","Boot","Velvet Choker","Centennial Puzzle","Pantograph","Molten Egg 2","Ornamental Fan","Astrolabe"],"potions_floor_usage":[7,23,23,38,41],"damage_taken":[{"damage":6,"enemies":"Cultist","floor":1,"turns":4},{"damage":4,"enemies":"2 Louse","floor":3,"turns":4},{"damage":9,"enemies":"Small Slimes","floor":4,"turns":3},{"damage":29,"enemies":"3 Sentries","floor":7,"turns":13},{"damage":9,"enemies":"Red Slaver","floor":12,"turns":3},{"damage":5,"enemies":"Gremlin Nob","floor":13,"turns":3},{"damage":51,"enemies":"Slime Boss","floor":16,"turns":18},{"damage":18,"enemies":"Shell Parasite","floor":18,"turns":7},{"damage":7,"enemies":"Chosen","floor":19,"turns":5},{"damage":7,"enemies":"3 Cultists","floor":22,"turns":3},{"damage":38,"enemies":"Slavers","floor":23,"turns":4},{"damage":9,"enemies":"Chosen and Byrds","floor":24,"turns":4},{"damage":25,"enemies":"Shelled Parasite and Fungi","floor":28,"turns":5},{"damage":87,"enemies":"Automaton","floor":33,"turns":14},{"damage":48,"enemies":"Orb Walker","floor":35,"turns":7},{"damage":21,"enemies":"3 Shapes","floor":37,"turns":7},{"damage":32,"enemies":"Sphere and 2 Shapes","floor":38,"turns":6},{"damage":81,"enemies":"Giant Head","floor":41,"turns":6}],"seed_played":"-7101295592117063827","potions_obtained":[{"floor":3,"key":"FairyPotion"},{"floor":4,"key":"SkillPotion"},{"floor":13,"key":"Swift Potion"},{"floor":18,"key":"Block Potion"},{"floor":19,"key":"LiquidBronze"},{"floor":24,"key":"Energy Potion"},{"floor":35,"key":"Poison Potion"},{"floor":38,"key":"Dexterity Potion"},{"floor":39,"key":"Swift Potion"}],"is_trial":false,"path_per_floor":["M","?","M","M","?","R","E","R","T","?","R","M","E","$","R","B",null,"M","M","?","$","M","E","M","R","T","R","M","?","?","?","R","B",null,"M","?","M","M","?","R","E"],"character_chosen":"IRONCLAD","items_purchased":["Discovery","Centennial Puzzle"],"campfire_rested":4,"item_purchase_floors":[14,21],"current_hp_per_floor":[68,68,70,70,70,70,51,51,51,33,55,56,61,61,61,20,70,62,65,65,65,64,36,33,33,33,62,47,47,47,47,77,21,83,41,41,30,8,8,39,0],"gold":207,"neow_bonus":"TRANSFORM_CARD","is_prod":false,"is_daily":false,"chose_seed":false,"campfire_upgraded":4,"win_rate":0,"timestamp":1559245860,"path_taken":["M","?","M","M","?","R","E","R","T","?","R","M","E","$","R","BOSS","M","M","?","$","?","E","M","R","T","R","M","?","?","?","R","BOSS","M","?","M","M","?","R","E"],"build_version":"2019-01-23","purchased_purges":1,"victory":false,"max_hp_per_floor":[75,75,75,78,71,71,75,75,75,75,75,79,83,83,83,87,87,91,95,95,95,95,99,99,99,99,99,103,103,103,103,103,103,103,103,98,102,106,106,106,106],"card_choices":[{"not_picked":["Warcry","Intimidate"],"picked":"Pommel Strike","floor":1},{"not_picked":["Headbutt","Armaments"],"picked":"Feed","floor":3},{"not_picked":["Corruption","Iron Wave"],"picked":"Armaments","floor":7},{"not_picked":["Sword Boomerang","True Grit","Headbutt"],"picked":"Clothesline","floor":12},{"not_picked":["Pommel Strike","Wild Strike","Entrench"],"picked":"Twin Strike","floor":13},{"not_picked":["Brutality","Limit Break","Exhume"],"picked":"Fiend Fire","floor":16},{"not_picked":["Carnage","Body Slam","Twin Strike+1"],"picked":"Metallicize","floor":18},{"not_picked":["Wild Strike","Sword Boomerang","Rage"],"picked":"Thunderclap","floor":19},{"not_picked":["Offering","Seeing Red","Anger"],"picked":"Flex+1","floor":23},{"not_picked":["Fire Breathing","Whirlwind","Rupture"],"picked":"Flame Barrier+1","floor":24},{"not_picked":["Thunderclap+1","Power Through","Havoc+1"],"picked":"Shockwave","floor":28},{"not_picked":["Offering","Dark Embrace","Immolate+1"],"picked":"Exhume","floor":33},{"not_picked":["Carnage+1","Heavy Blade+1","Flex+1"],"picked":"Pommel Strike+1","floor":35},{"not_picked":["Metallicize","Sword Boomerang+1","Clash+1"],"picked":"Anger+1","floor":37},{"not_picked":["Sword Boomerang+1","Clash+1","Seeing Red+1"],"picked":"True Grit","floor":38}],"player_experience":1341148,"relics_obtained":[{"floor":7,"key":"Whetstone"},{"floor":9,"key":"Bag of Marbles"},{"floor":13,"key":"Boot"},{"floor":23,"key":"Pantograph"},{"floor":26,"key":"Molten Egg 2"}],"event_choices":[{"damage_healed":0,"gold_gain":0,"player_choice":"Grow","damage_taken":0,"max_hp_gain":0,"max_hp_loss":0,"event_name":"Living Wall","floor":2,"gold_loss":0,"cards_upgraded":["Bash"]},{"damage_healed":0,"gold_gain":0,"player_choice":"Lose Max HP","damage_taken":0,"relics_obtained":["Golden Idol"],"max_hp_gain":0,"max_hp_loss":7,"event_name":"Golden Idol","floor":5,"gold_loss":0},{"damage_healed":0,"gold_gain":0,"player_choice":"Success","damage_taken":18,"relics_obtained":["Question Card"],"max_hp_gain":0,"max_hp_loss":0,"event_name":"Scrap Ooze","floor":10,"gold_loss":0},{"damage_healed":0,"gold_gain":0,"player_choice":"Forge","damage_taken":0,"max_hp_gain":0,"max_hp_loss":0,"event_name":"Accursed Blacksmith","floor":20,"gold_loss":0,"cards_upgraded":["Fiend Fire"]},{"damage_healed":0,"gold_gain":0,"player_choice":"Obtained Relic","damage_taken":0,"relics_obtained":["Ornamental Fan"],"max_hp_gain":0,"max_hp_loss":0,"event_name":"Addict","floor":29,"gold_loss":85},{"damage_healed":0,"gold_gain":0,"player_choice":"Ignored","damage_taken":0,"max_hp_gain":0,"max_hp_loss":0,"event_name":"Beggar","floor":30,"gold_loss":0},{"damage_healed":0,"gold_gain":0,"player_choice":"Ignored","damage_taken":0,"max_hp_gain":0,"max_hp_loss":0,"event_name":"Ghosts","floor":31,"gold_loss":0},{"damage_healed":0,"gold_gain":0,"player_choice":"Max HP","damage_taken":0,"max_hp_gain":0,"max_hp_loss":5,"event_name":"Winding Halls","floor":36,"gold_loss":0},{"damage_healed":0,"gold_gain":0,"player_choice":"Bought 1 Potion","damage_taken":0,"max_hp_gain":0,"max_hp_loss":0,"event_name":"The Woman in Blue","floor":39,"gold_loss":0}],"is_beta":false,"boss_relics":[{"not_picked":["Busted Crown","Fusion Hammer"],"picked":"Velvet Choker"},{"not_picked":["Sozu","Orrery"],"picked":"Astrolabe"}],"items_purged_floors":[14],"is_endless":false,"potions_floor_spawned":[3,4,13,18,19,24,35,38],"killed_by":"Giant Head","ascension_level":20}