{"gold_per_floor":[119,138,152,102,117,142,142,186,221,248,35,67,79,12,12,109,109,128,128,142,156,175,175],"floor_reached":23,"playtime":2072,"items_purged":["Regret"],"score":215,"play_id":"6ef63ffc-d7cd-4ef0-9d9f-42e886653707","local_time":"20190518190118","is_ascension_mode":false,"campfire_choices":[{"floor":15,"key":"REST"}],"neow_cost":"NONE","seed_source_timestamp":19135928316366,"circlet_count":0,"master_deck":["Strike_R","Strike_R","Strike_R","Strike_R","Defend_R","Defend_R","Defend_R","Defend_R","Bash","Carnage","Shrug It Off","Combust","Flex","Anger","Offering","Dramatic Entrance+1","Anger","Iron Wave","Pommel Strike","Rage","Immolate","Cleave","Whirlwind","Carnage","Shrug It Off","Pommel Strike","Iron Wave+1","Heavy Blade","Heavy Blade","Disarm"],"relics":["Burning Blood","NeowsBlessing","Shuriken","MawBank","Orichalcum","Anchor","Bird Faced Urn","Orrery"],"potions_floor_usage":[6,6,16,16,22],"damage_taken":[{"damage":0,"enemies":"Cultist","floor":1,"turns":1},{"damage":0,"enemies":"Small Slimes","floor":2,"turns":1},{"damage":0,"enemies":"2 Louse","floor":3,"turns":1},{"damage":5,"enemies":"Blue Slaver","floor":5,"turns":5},{"damage":21,"enemies":"Lagavulin","floor":6,"turns":7},{"damage":41,"enemies":"Gremlin Nob","floor":8,"turns":5},{"damage":12,"enemies":"Exordium Thugs","floor":10,"turns":4},{"damage":20,"enemies":"3 Sentries","floor":12,"turns":8},{"damage":2,"enemies":"2 Fungi Beasts","floor":13,"turns":3},{"damage":20,"enemies":"Hexaghost","floor":16,"turns":7},{"damage":24,"enemies":"3 Byrds","floor":18,"turns":4},{"damage":20,"enemies":"Shell Parasite","floor":20,"turns":6},{"damage":13,"enemies":"Centurion and Healer","floor":21,"turns":5},{"damage":6,"enemies":"Snecko","floor":22,"turns":5},{"damage":46,"enemies":"Book of Stabbing","floor":23,"turns":5}],"seed_played":"-7388414640658762668","potions_obtained":[{"floor":1,"key":"Ancient Potion"},{"floor":3,"key":"SkillPotion"},{"floor":6,"key":"Energy Potion"},{"floor":12,"key":"Poison Potion"},{"floor":20,"key":"Block Potion"}],"is_trial":false,"path_per_floor":["M","M","M","?","M","E","?","E","T","M","$","E","M","$","R","B",null,"M","?","M","M","M","E"],"character_chosen":"IRONCLAD","items_purchased":["Dramatic Entrance","Anger","Rage"],"campfire_rested":1,"item_purchase_floors":[11,11,14],"current_hp_per_floor":[80,80,80,80,80,65,65,30,30,24,24,10,16,16,40,26,80,64,64,50,43,43,0],"gold":175,"neow_bonus":"THREE_ENEMY_KILL","is_prod":false,"is_daily":false,"chose_seed":false,"campfire_upgraded":0,"win_rate":0,"timestamp":1558216878,"path_taken":["M","M","?","?","M","E","?","E","T","M","?","E","?","$","R","BOSS","M","?","?","M","M","E"],"build_version":"2019-01-23","purchased_purges":1,"victory":false,"max_hp_per_floor":[80,80,80,80,80,80,80,80,80,80,80,80,80,80,80,80,80,80,80,80,80,80,80],"card_choices":[{"not_picked":["Sword Boomerang","Dropkick"],"picked":"Carnage","floor":1},{"not_picked":["Rampage","Twin Strike"],"picked":"Shrug It Off","floor":2},{"not_picked":["Flex","Pommel Strike"],"picked":"Combust","floor":3},{"not_picked":["Perfected Strike","Bloodletting","Rampage"],"picked":"SKIP","floor":5},{"not_picked":["Body Slam","Havoc"],"picked":"Flex","floor":6},{"not_picked":["Fire Breathing","Twin Strike"],"picked":"Anger","floor":8},{"not_picked":["Wild Strike","Shrug It Off"],"picked":"Offering","floor":10},{"not_picked":["Pummel","Double Tap"],"picked":"Iron Wave","floor":12},{"not_picked":["Armaments","Sword Boomerang"],"picked":"Pommel Strike","floor":13},{"not_picked":["Fiend Fire","Barricade"],"picked":"Immolate","floor":16},{"not_picked":["Dark Embrace","Warcry"],"picked":"Cleave","floor":17},{"not_picked":["Flex","Clash"],"picked":"Whirlwind","floor":17},{"not_picked":["True Grit","Armaments"],"picked":"Carnage","floor":17},{"not_picked":["Headbutt","Wild Strike"],"picked":"Shrug It Off","floor":17},{"not_picked":["Infernal Blade","Twin Strike"],"picked":"Pommel Strike","floor":17},{"not_picked":["Clothesline","Pommel Strike"],"picked":"Iron Wave+1","floor":18},{"not_picked":["Clothesline+1","Sword Boomerang+1"],"picked":"Heavy Blade","floor":20},{"not_picked":["Havoc+1","Hemokinesis"],"picked":"Heavy Blade","floor":21},{"not_picked":["Sword Boomerang+1","Perfected Strike+1"],"picked":"Disarm","floor":22}],"player_experience":120524,"relics_obtained":[{"floor":6,"key":"Shuriken"},{"floor":8,"key":"Orichalcum"},{"floor":9,"key":"Anchor"},{"floor":12,"key":"Bird Faced Urn"}],"event_choices":[{"cards_removed":["Strike_R"],"damage_healed":0,"gold_gain":0,"player_choice":"Card Removal","damage_taken":0,"max_hp_gain":0,"max_hp_loss":0,"event_name":"The Cleric","floor":4,"gold_loss":50},{"damage_healed":0,"gold_gain":0,"player_choice":"Box","damage_taken":0,"relics_obtained":["MawBank"],"max_hp_gain":0,"max_hp_loss":0,"event_name":"Big Fish","floor":7,"gold_loss":0,"cards_obtained":["Regret"]},{"damage_healed":0,"gold_gain":0,"player_choice":"Upgraded","damage_taken":0,"max_hp_gain":0,"max_hp_loss":0,"event_name":"Upgrade Shrine","floor":19,"gold_loss":0,"cards_upgraded":["Dramatic Entrance"]}],"is_beta":false,"boss_relics":[{"not_picked":["Black Star","Astrolabe"],"picked":"Orrery"}],"items_purged_floors":[11],"is_endless":false,"potions_floor_spawned":[1,3,6,12,20],"killed_by":"Book of Stabbing","ascension_level":0}