{"gold_per_floor":[119,138,155,80,80,80,27,202,202,232,252,267,267,167,167,263,263,279,154,154,4,17,17,17],"floor_reached":24,"playtime":1795,"items_purged":["Strike_B","Strike_B","Doubt","Strike_B"],"score":194,"play_id":"a936569b-70d6-40e6-9e8e-c94bdab79a05","local_time":"20190216114018","is_ascension_mode":false,"campfire_choices":[{"data":"Consume","floor":6,"key":"SMITH"},{"data":"Steam","floor":13,"key":"SMITH"},{"floor":15,"key":"REST"}],"neow_cost":"NONE","seed_source_timestamp":150984033266676,"circlet_count":0,"master_deck":["Strike_B","Defend_B","Defend_B","Defend_B","Defend_B","Zap","Dualcast","Redo","Consume+1","Ball Lightning","Steam+1","Static Discharge","Leap","Ball Lightning","Thunder Strike","Self Repair","Leap"],"relics":["Cracked Core","FossilizedHelix","Potion Belt","Inserter"],"potions_floor_usage":[],"damage_taken":[{"damage":5,"enemies":"Small Slimes","floor":1,"turns":3},{"damage":7,"enemies":"2 Louse","floor":2,"turns":3},{"damage":1,"enemies":"Jaw Worm","floor":3,"turns":4},{"damage":21,"enemies":"3 Sentries","floor":10,"turns":6},{"damage":0,"enemies":"Blue Slaver","floor":11,"turns":4},{"damage":0,"enemies":"Large Slime","floor":12,"turns":4},{"damage":26,"enemies":"The Guardian","floor":16,"turns":9},{"damage":27,"enemies":"2 Thieves","floor":18,"turns":4},{"damage":6,"enemies":"Shell Parasite","floor":22,"turns":7},{"damage":50,"enemies":"Gremlin Leader","floor":24,"turns":4}],"seed_played":"7433660809745029328","potions_obtained":[{"floor":1,"key":"Block Potion"},{"floor":3,"key":"PowerPotion"},{"floor":10,"key":"Strength Potion"},{"floor":12,"key":"FocusPotion"},{"floor":16,"key":"SpeedPotion"},{"floor":18,"key":"Swift Potion"}],"is_trial":false,"path_per_floor":["M","M","M","$","?","R","$","?","T","E","M","M","R","$","R","B",null,"M","$","?","$","M","?","E"],"character_chosen":"DEFECT","items_purchased":["Steam"],"campfire_rested":1,"item_purchase_floors":[7],"current_hp_per_floor":[77,70,69,69,69,69,69,69,69,48,48,48,48,48,72,46,82,55,55,39,39,40,40,0],"gold":17,"neow_bonus":"TEN_PERCENT_HP_BONUS","is_prod":false,"is_daily":false,"chose_seed":false,"campfire_upgraded":2,"win_rate":0.0,"timestamp":1550346018,"path_taken":["M","M","M","$","?","R","$","?","T","E","M","M","R","?","R","BOSS","M","$","?","$","M","?","E"],"build_version":"2019-01-23","purchased_purges":4,"victory":false,"max_hp_per_floor":[82,82,82,82,82,82,82,82,82,82,82,82,82,82,82,82,82,82,82,87,87,87,87,87],"card_choices":[{"not_picked":["Chaos","Hologram"],"picked":"Redo","floor":1},{"not_picked":["Redo","Skim"],"picked":"Consume","floor":2},{"not_picked":["Leap","Defragment"],"picked":"Ball Lightning","floor":3},{"not_picked":["Capacitor","Gash"],"picked":"Static Discharge","floor":10},{"not_picked":["Force Field","Chaos"],"picked":"Leap","floor":11},{"not_picked":["Sweeping Beam","Darkness"],"picked":"Ball Lightning","floor":12},{"not_picked":["Reboot","Amplify"],"picked":"Thunder Strike","floor":16},{"not_picked":["Melter+1","Steam"],"picked":"Self Repair","floor":18},{"not_picked":["Streamline","Scrape"],"picked":"Leap","floor":22}],"player_experience":13065,"relics_obtained":[{"floor":9,"key":"FossilizedHelix"},{"floor":10,"key":"Potion Belt"}],"event_choices":[{"damage_healed":0,"gold_gain":0,"player_choice":"Ignored","damage_taken":0,"max_hp_gain":0,"max_hp_loss":0,"event_name":"Golden Idol","floor":5,"gold_loss":0},{"damage_healed":0,"gold_gain":175,"player_choice":"AGREE","damage_taken":0,"max_hp_gain":0,"max_hp_loss":0,"event_name":"Liars Game","floor":8,"gold_loss":0,"cards_obtained":["Doubt"]},{"damage_healed":0,"gold_gain":0,"player_choice":"Shed Blood","damage_taken":21,"max_hp_gain":5,"max_hp_loss":0,"event_name":"Forgotten Altar","floor":20,"gold_loss":0},{"damage_healed":0,"gold_gain":0,"player_choice":"Ignored","damage_taken":0,"max_hp_gain":0,"max_hp_loss":0,"event_name":"Beggar","floor":23,"gold_loss":0}],"is_beta":false,"boss_relics":[{"not_picked":["Tiny House","Nuclear Battery"],"picked":"Inserter"}],"items_purged_floors":[4,14,19,21],"is_endless":false,"potions_floor_spawned":[1,3,10,12,16,18],"killed_by":"Gremlin Leader","ascension_level":0}