{"gold_per_floor":[111,38,38,38,49,74,87,87,87,87,114,114,142,157,157,157],"floor_reached":16,"playtime":404,"items_purged":[],"score":229,"play_id":"63ed7c6d-8f7a-4dc5-bb1d-672275173aae","local_time":"20190507114758","is_ascension_mode":true,"campfire_choices":[{"data":"Flame Barrier","floor":8.0,"key":"SMITH"},{"data":"Bash","floor":12.0,"key":"SMITH"},{"data":"Rampage","floor":15,"key":"SMITH"}],"neow_cost":"NONE","seed_source_timestamp":0,"circlet_count":0,"master_deck":["AscendersBane","Strike_R","Strike_R","Strike_R","Strike_R","Strike_R","Defend_R","Defend_R","Defend_R","Defend_R","Bash+1","Shrug It Off","Rampage+1","Flame Barrier+1","Rampage"],"special_seed":0,"relics":["Burning Blood","NeowsBlessing","Dream Catcher","Mummified Hand","Sundial","Shuriken","Juzu Bracelet","Blood Vial"],"potions_floor_usage":[16],"damage_taken":[{"damage":0.0,"enemies":"Jaw Worm","floor":1.0,"turns":1.0},{"damage":0.0,"enemies":"Cultist","floor":5.0,"turns":1.0},{"damage":0.0,"enemies":"Lagavulin","floor":6.0,"turns":1.0},{"damage":8.0,"enemies":"2 Louse","floor":7.0,"turns":4.0},{"damage":20.0,"enemies":"Gremlin Nob","floor":11.0,"turns":5.0},{"damage":21.0,"enemies":"3 Sentries","floor":13.0,"turns":9.0},{"damage":0,"enemies":"Large Slime","floor":14,"turns":5},{"damage":66,"enemies":"Slime Boss","floor":16,"turns":8}],"seed_played":"3594276152676527131","potions_obtained":[{"floor":7.0,"key":"PowerPotion"},{"floor":13.0,"key":"EssenceOfSteel"}],"is_trial":false,"path_per_floor":["M","$","?","T","M","E","M","R","T","?","E","R","E","M","R","B"],"character_chosen":"IRONCLAD","items_purchased":["Rampage"],"campfire_rested":0,"item_purchase_floors":[2],"current_hp_per_floor":[78,78,78,78,80,80,78,78,78,78,64,64,49,57,57,0],"gold":157,"neow_bonus":"THREE_ENEMY_KILL","is_prod":false,"is_daily":false,"chose_seed":false,"campfire_upgraded":3,"win_rate":0,"timestamp":1557222478,"path_taken":["M","$","?","?","?","E","M","R","T","?","E","R","E","M","R","BOSS"],"build_version":"2019-01-23","purchased_purges":0,"victory":false,"max_hp_per_floor":[80,80,80,80,80,80,80,80,80,80,80,80,80,80,80,80],"card_choices":[{"not_picked":["Heavy Blade","Feel No Pain"],"picked":"Shrug It Off","floor":1.0},{"not_picked":["Combust","Flex","Fire Breathing"],"picked":"SKIP","floor":5.0},{"not_picked":["Clash","Heavy Blade","Havoc"],"picked":"SKIP","floor":6.0},{"not_picked":["Hemokinesis","Armaments"],"picked":"Flame Barrier","floor":7.0},{"not_picked":["Shockwave","Clothesline"],"picked":"Rampage","floor":11.0},{"not_picked":["Pommel Strike","Seeing Red","Searing Blow"],"picked":"SKIP","floor":13.0},{"not_picked":["Entrench","Fiend Fire","Dropkick"],"picked":"SKIP","floor":14}],"player_experience":194338,"relics_obtained":[{"floor":4.0,"key":"Mummified Hand"},{"floor":6.0,"key":"Sundial"},{"floor":9.0,"key":"Shuriken"},{"floor":11.0,"key":"Juzu Bracelet"},{"floor":13.0,"key":"Blood Vial"}],"event_choices":[{"damage_healed":0.0,"max_hp_gain":0.0,"max_hp_loss":0.0,"gold_gain":0.0,"event_name":"Big Fish","player_choice":"Box","floor":3.0,"gold_loss":0.0,"damage_taken":0.0,"relics_obtained":["Dream Catcher"],"cards_obtained":["Regret"]},{"cards_removed":["Regret"],"damage_healed":0.0,"max_hp_gain":0.0,"max_hp_loss":0.0,"gold_gain":0.0,"event_name":"Purifier","player_choice":"Purged","floor":10.0,"gold_loss":0.0,"damage_taken":0.0}],"is_beta":false,"boss_relics":[],"items_purged_floors":[],"is_endless":false,"potions_floor_spawned":[7,13],"killed_by":"Slime Boss","ascension_level":12}