{"gold_per_floor":[113,113,128,36,66,66,66,92,115,115,150,53,53,65,65,65],"floor_reached":16,"playtime":323,"items_purged":["Strike_B"],"score":170,"play_id":"5a8d6f07-9e32-44b4-9337-21d44401c3d0","local_time":"20190513175629","is_ascension_mode":true,"campfire_choices":[{"data":"Panacea","floor":6.0,"key":"SMITH"},{"data":"Streamline","floor":10.0,"key":"SMITH"},{"floor":15,"key":"REST"}],"neow_cost":"NONE","seed_source_timestamp":2841653003027409,"circlet_count":0,"master_deck":["AscendersBane","Strike_B","Strike_B","Strike_B","Defend_B","Defend_B","Defend_B","Zap+1","Dualcast","Ball Lightning","Leap","Panacea+1","Streamline+1","Gash","Hologram"],"special_seed":0,"relics":["Cracked Core","Tiny Chest","Potion Belt","Lantern","Juzu Bracelet"],"potions_floor_usage":[11],"damage_taken":[{"damage":4.0,"enemies":"Small Slimes","floor":1.0,"turns":3.0},{"damage":1.0,"enemies":"Cultist","floor":3.0,"turns":3.0},{"damage":36.0,"enemies":"Gremlin Nob","floor":8.0,"turns":4.0},{"damage":16,"enemies":"Lagavulin","floor":11,"turns":6},{"damage":0,"enemies":"2 Louse","floor":14,"turns":2},{"damage":31,"enemies":"The Guardian","floor":16,"turns":7}],"seed_played":"-5139284546641129709","potions_obtained":[{"floor":3.0,"key":"SteroidPotion"},{"floor":8.0,"key":"FocusPotion"},{"floor":14,"key":"FearPotion"}],"is_trial":false,"path_per_floor":["M","?","M","$","T","R","?","E","T","R","E","$","?","M","R","B"],"character_chosen":"DEFECT","items_purchased":["Panacea","Gash"],"campfire_rested":1,"item_purchase_floors":[4,12],"current_hp_per_floor":[64,64,63,63,63,63,56,20,20,20,4,4,4,4,26,0],"gold":65,"neow_bonus":"UPGRADE_CARD","is_prod":false,"is_daily":false,"chose_seed":false,"campfire_upgraded":2,"win_rate":0,"timestamp":1557762989,"path_taken":["M","?","?","$","?","R","?","E","T","R","E","$","?","M","R","BOSS"],"build_version":"2019-01-23","purchased_purges":1,"victory":false,"max_hp_per_floor":[75,75,75,75,75,75,75,75,75,75,75,75,75,75,75,75],"card_choices":[{"not_picked":["White Noise","Barrage"],"picked":"Ball Lightning","floor":1.0},{"not_picked":["Gash","Undo"],"picked":"Leap","floor":3.0},{"not_picked":["Barrage","Conserve Battery"],"picked":"Streamline","floor":8.0},{"not_picked":["Ball Lightning","Redo","Rebound"],"picked":"SKIP","floor":11},{"not_picked":["Rip and Tear","Hyperbeam"],"picked":"Hologram","floor":14}],"player_experience":209806,"relics_obtained":[{"floor":5.0,"key":"Tiny Chest"},{"floor":8.0,"key":"Potion Belt"},{"floor":9.0,"key":"Lantern"},{"floor":11,"key":"Juzu Bracelet"}],"event_choices":[{"damage_healed":0.0,"max_hp_gain":0.0,"max_hp_loss":0.0,"gold_gain":0.0,"event_name":"The Woman in Blue","player_choice":"Bought 0 Potions","floor":2.0,"gold_loss":0.0,"damage_taken":0.0},{"cards_removed":["Defend_B"],"damage_healed":0.0,"max_hp_gain":0.0,"max_hp_loss":0.0,"gold_gain":0.0,"event_name":"Golden Wing","player_choice":"Card Removal","floor":7.0,"gold_loss":0.0,"damage_taken":7.0},{"damage_healed":0,"gold_gain":0,"player_choice":"Fled","damage_taken":0,"max_hp_gain":0,"max_hp_loss":0,"event_name":"Scrap Ooze","floor":13,"gold_loss":0}],"is_beta":false,"boss_relics":[],"items_purged_floors":[12],"is_endless":false,"potions_floor_spawned":[3,8,14],"killed_by":"The Guardian","ascension_level":12}