{"gold_per_floor":[111,111,111,127,143,143,159,178,254,273,47,61,72,85,85,190,190,202,472,489,151,178,178,210,210,233,261,274,294,0,0,0,101,101,121,133,144,366,382,382,407,4,4,20,40,40,40,52,52,52],"floor_reached":51,"playtime":1557,"items_purged":["Strike_R","Strike_R","Strike_R+1","Defend_R+1"],"score":890,"play_id":"af5eea93-09e1-47bd-81db-71493bfb7dee","local_time":"20190126053205","is_ascension_mode":false,"campfire_choices":[{"data":"Defend_R","floor":6,"key":"SMITH"},{"data":"Armaments","floor":15,"key":"SMITH"},{"floor":23,"key":"REST"},{"floor":32,"key":"REST"},{"floor":40,"key":"REST"},{"floor":46,"key":"REST"},{"floor":49,"key":"REST"}],"neow_cost":"TEN_PERCENT_HP_LOSS","seed_source_timestamp":83418832729958,"circlet_count":0,"master_deck":["Defend_R+1","Defend_R+1","Defend_R+1","Bash+1","Body Slam+1","Battle Trance","Armaments+1","Feed","Body Slam+1","Shrug It Off+1","Ghostly Armor+1","Panache+1","Barricade+1","Ghostly Armor+1","Impervious+1","Finesse+1","Brutality+1"],"relics":["Burning Blood","Mango","Frozen Egg 2","Bag of Preparation","Fusion Hammer","Toxic Egg 2","Red Mask","Nunchaku","Omamori","Red Skull","Runic Dome","PreservedInsect","Bronze Scales","Meat on the Bone","Pantograph"],"potions_floor_usage":[10,16,20,20,22,29,39],"damage_taken":[{"damage":5,"enemies":"Jaw Worm","floor":1,"turns":4},{"damage":3,"enemies":"Small Slimes","floor":4,"turns":3},{"damage":1,"enemies":"Cultist","floor":5,"turns":3},{"damage":5,"enemies":"Looter","floor":7,"turns":3},{"damage":0,"enemies":"3 Louse","floor":8,"turns":3},{"damage":0,"enemies":"Gremlin Gang","floor":10,"turns":5},{"damage":7,"enemies":"Blue Slaver","floor":12,"turns":3},{"damage":3,"enemies":"Exordium Wildlife","floor":13,"turns":4},{"damage":2,"enemies":"Large Slime","floor":14,"turns":6},{"damage":32,"enemies":"Hexaghost","floor":16,"turns":12},{"damage":0,"enemies":"Shell Parasite","floor":18,"turns":4},{"damage":0,"enemies":"Spheric Guardian","floor":20,"turns":3},{"damage":6,"enemies":"Masked Bandits","floor":22,"turns":4},{"damage":5,"enemies":"Book of Stabbing","floor":24,"turns":5},{"damage":10,"enemies":"Slavers","floor":27,"turns":5},{"damage":0,"enemies":"Centurion and Healer","floor":28,"turns":3},{"damage":0,"enemies":"Snecko","floor":29,"turns":4},{"damage":19,"enemies":"Automaton","floor":33,"turns":11},{"damage":0,"enemies":"Orb Walker","floor":35,"turns":2},{"damage":0,"enemies":"3 Shapes","floor":36,"turns":7},{"damage":0,"enemies":"Jaw Worm Horde","floor":37,"turns":4},{"damage":0,"enemies":"Transient","floor":39,"turns":5},{"damage":0,"enemies":"Nemesis","floor":41,"turns":3},{"damage":0,"enemies":"4 Shapes","floor":44,"turns":6},{"damage":0,"enemies":"3 Darklings","floor":45,"turns":4},{"damage":0,"enemies":"Sphere and 2 Shapes","floor":48,"turns":3},{"damage":5,"enemies":"Time Eater","floor":50,"turns":6}],"seed_played":"-305688651479920519","potions_obtained":[{"floor":4,"key":"Ancient Potion"},{"floor":7,"key":"Regen Potion"},{"floor":8,"key":"Fire Potion"},{"floor":14,"key":"Block Potion"},{"floor":16,"key":"Dexterity Potion"},{"floor":20,"key":"SpeedPotion"},{"floor":29,"key":"Block Potion"},{"floor":33,"key":"SpeedPotion"},{"floor":36,"key":"Energy Potion"},{"floor":44,"key":"Weak Potion"}],"is_trial":false,"path_per_floor":["M","?","?","M","M","R","M","M","T","M","$","M","M","M","R","B",null,"M","?","M","$","?","R","E","?","T","E","M","M","$","?","R","B",null,"M","M","M","?","M","R","E","$","T","M","M","R","T","M","R","B",null],"character_chosen":"IRONCLAD","items_purchased":["Bag of Preparation","Toxic Egg 2","Panache+1","Finesse+1","Bronze Scales"],"campfire_rested":5,"item_purchase_floors":[11,21,30,42,42],"current_hp_per_floor":[86,79,62,65,70,70,71,77,77,83,83,82,85,86,86,60,86,90,54,72,72,75,96,96,96,96,96,104,108,108,108,108,99,112,112,116,120,120,120,120,124,124,124,128,128,128,128,132,132,136],"gold":52,"neow_bonus":"ONE_RARE_RELIC","is_prod":false,"is_daily":false,"chose_seed":false,"campfire_upgraded":2,"win_rate":0.0,"timestamp":1548477125,"path_taken":["M","?","?","M","M","R","?","M","T","M","$","M","M","M","R","BOSS","M","?","?","$","?","R","E","?","T","E","M","M","$","?","R","BOSS","M","?","?","?","M","R","E","$","T","M","M","R","?","M","R","BOSS"],"build_version":"2019-01-23","purchased_purges":4,"victory":true,"max_hp_per_floor":[86,86,86,86,86,86,86,86,86,86,86,86,86,86,86,86,86,90,90,93,93,96,96,96,96,96,100,104,108,108,108,108,112,112,112,116,120,120,120,120,124,124,124,128,128,128,128,132,132,136],"card_choices":[{"not_picked":["Cleave","Pummel"],"picked":"Body Slam","floor":1},{"not_picked":["Flex","Sword Boomerang","Headbutt"],"picked":"SKIP","floor":4},{"not_picked":["Flex","Thunderclap","Clash"],"picked":"SKIP","floor":5},{"not_picked":["Thunderclap","Power Through"],"picked":"Battle Trance","floor":7},{"not_picked":["Headbutt","Thunderclap"],"picked":"Armaments","floor":8},{"not_picked":["Reckless Charge","Cleave","Fire Breathing+1"],"picked":"SKIP","floor":10},{"not_picked":["Cleave","Corruption+1","Carnage"],"picked":"SKIP","floor":12},{"not_picked":["Clothesline","Armaments","Seeing Red"],"picked":"SKIP","floor":13},{"not_picked":["Heavy Blade","Combust+1","Thunderclap"],"picked":"SKIP","floor":14},{"not_picked":["Limit Break","Bludgeon"],"picked":"Feed","floor":16},{"not_picked":["Armaments+1","Shockwave"],"picked":"Body Slam+1","floor":18},{"not_picked":["Rage","Heavy Blade","Flex"],"picked":"SKIP","floor":20},{"not_picked":["Flex+1","Thunderclap"],"picked":"Shrug It Off+1","floor":22},{"not_picked":["Sword Boomerang","Thunderclap","Twin Strike"],"picked":"SKIP","floor":24},{"not_picked":["Dropkick+1","Dark Embrace+1"],"picked":"Ghostly Armor+1","floor":27},{"not_picked":["Warcry+1","Uppercut","Pummel"],"picked":"SKIP","floor":28},{"not_picked":["Iron Wave","Twin Strike+1","Heavy Blade"],"picked":"SKIP","floor":29},{"not_picked":["Dark Embrace+1","Offering+1"],"picked":"Barricade+1","floor":33},{"not_picked":["Sword Boomerang","Body Slam","Inflame+1"],"picked":"SKIP","floor":35},{"not_picked":["Uppercut+1","Inflame+1","Dropkick"],"picked":"SKIP","floor":36},{"not_picked":["Wild Strike","Sword Boomerang+1"],"picked":"Ghostly Armor+1","floor":37},{"not_picked":["Fire Breathing+1","Whirlwind+1","Wild Strike"],"picked":"SKIP","floor":39},{"not_picked":["Infernal Blade+1","Pommel Strike+1"],"picked":"Impervious+1","floor":41},{"not_picked":["Headbutt","Flex+1","Rage+1"],"picked":"SKIP","floor":44},{"not_picked":["Twin Strike","Sword Boomerang+1","Fire Breathing+1"],"picked":"SKIP","floor":45},{"not_picked":["Headbutt+1","Perfected Strike"],"picked":"Brutality+1","floor":48}],"player_experience":8874,"relics_obtained":[{"floor":9,"key":"Frozen Egg 2"},{"floor":22,"key":"Red Mask"},{"floor":24,"key":"Nunchaku"},{"floor":26,"key":"Omamori"},{"floor":27,"key":"Red Skull"},{"floor":41,"key":"PreservedInsect"},{"floor":43,"key":"Meat on the Bone"},{"floor":47,"key":"Pantograph"}],"event_choices":[{"cards_removed":["Strike_R"],"damage_healed":0,"gold_gain":0,"player_choice":"Card Removal","damage_taken":7,"max_hp_gain":0,"max_hp_loss":0,"event_name":"Golden Wing","floor":2,"gold_loss":0},{"damage_healed":0,"gold_gain":0,"player_choice":"Entered Light","damage_taken":17,"max_hp_gain":0,"max_hp_loss":0,"event_name":"Shining Light","floor":3,"gold_loss":0,"cards_upgraded":["Bash","Body Slam"]},{"damage_healed":0,"gold_gain":270,"player_choice":"GOLD GOLD GOLD ","damage_taken":36,"max_hp_gain":0,"max_hp_loss":0,"event_name":"Knowing Skull","floor":19,"potions_obtained":[],"gold_loss":0,"cards_obtained":[]},{"damage_healed":0,"gold_gain":0,"player_choice":"Fought Bandits","damage_taken":0,"max_hp_gain":0,"max_hp_loss":0,"event_name":"Masked Bandits","floor":22,"gold_loss":0},{"damage_healed":0,"gold_gain":0,"player_choice":"Simplicity","damage_taken":0,"max_hp_gain":0,"max_hp_loss":0,"event_name":"Back to Basics","floor":25,"gold_loss":0,"cards_upgraded":["Strike_R","Strike_R","Defend_R","Defend_R","Defend_R"]},{"cards_removed":["Strike_R"],"damage_healed":0,"gold_gain":0,"player_choice":"Card Removal","damage_taken":0,"max_hp_gain":0,"max_hp_loss":0,"event_name":"Wheel of Change","floor":31,"gold_loss":0},{"damage_healed":0,"gold_gain":222,"player_choice":"Wore Mask","damage_taken":0,"max_hp_gain":0,"max_hp_loss":0,"event_name":"Tomb of Lord Red Mask","floor":38,"gold_loss":0}],"is_beta":false,"boss_relics":[{"not_picked":["Orrery","Philosopher\u0027s Stone"],"picked":"Fusion Hammer"},{"not_picked":["Tiny House","Black Star"],"picked":"Runic Dome"}],"items_purged_floors":[11,21,30,42],"is_endless":false,"potions_floor_spawned":[4,7,8,14,16,18,20,29,33,36,37,44,45],"ascension_level":0}