{"gold_per_floor":[119,119,119,132,147,147,190,214,296,314,338,371,371,404,404,533,533,533,533,533,533,533,533,533,533,533,533,533,533,533,387,387,387,387,387,387,387,387,308,308,308,308,308,308,2,2,2,2,2,2,2,2,2,2,2],"floor_reached":55,"playtime":6855,"items_purged":[],"score":1378,"play_id":"77bca9db-78b0-457b-bd20-228856bbda35","local_time":"20190513221814","is_ascension_mode":true,"campfire_choices":[{"floor":6,"key":"REST"},{"floor":13,"key":"REST"},{"floor":15,"key":"REST"},{"floor":28,"key":"REST"},{"floor":32,"key":"RECALL"},{"floor":41,"key":"REST"},{"floor":49,"key":"REST"},{"floor":52,"key":"REST"}],"neow_cost":"NONE","seed_source_timestamp":25924430037613,"circlet_count":0,"master_deck":["AscendersBane","Defend_G+1","Defend_G+1","Defend_G+1","Defend_G+1","Defend_G+1","Strike_G+1","Strike_G+1","Strike_G+1","Strike_G+1","Strike_G+1","Survivor","Neutralize","Crippling Poison","Leg Sweep","Endless Agony","Catalyst","Distraction","Cloak And Dagger","Bouncing Flask","Bullet Time","Backflip","Adrenaline","Terror+1","Acrobatics+1","Dodge and Roll+1","Corpse Explosion","Deadly Poison+1","Cloak And Dagger","Bouncing Flask","Dash","Malaise","PiercingWail+1","Dodge and Roll+1","Cloak And Dagger+1","After Image","After Image","Predator","Footwork+1","Skewer+1","Burst","Escape Plan+1"],"relics":["Fusion Hammer","Incense Burner","Pear","Vajra","Omamori","Ectoplasm","Red Mask","Orichalcum","Strawberry","Boot","Blood Vial","Bottled Flame","Snake Skull","Bronze Scales","White Beast Statue","Turnip","Art of War","Lantern","Ice Cream","Regal Pillow","Anchor"],"potions_floor_usage":[12,16,27,35,50,55,55,55],"damage_taken":[{"damage":0,"enemies":"Small Slimes","floor":1,"turns":4},{"damage":0,"enemies":"2 Louse","floor":4,"turns":3},{"damage":2,"enemies":"Cultist","floor":5,"turns":4},{"damage":40,"enemies":"Gremlin Nob","floor":7,"turns":7},{"damage":0,"enemies":"2 Fungi Beasts","floor":8,"turns":3},{"damage":1,"enemies":"Blue Slaver","floor":10,"turns":5},{"damage":0,"enemies":"Looter","floor":11,"turns":4},{"damage":10,"enemies":"3 Sentries","floor":12,"turns":8},{"damage":13,"enemies":"Gremlin Nob","floor":14,"turns":5},{"damage":20,"enemies":"The Guardian","floor":16,"turns":10},{"damage":0,"enemies":"3 Byrds","floor":18,"turns":7},{"damage":18,"enemies":"Masked Bandits","floor":20,"turns":6},{"damage":0,"enemies":"Shell Parasite","floor":22,"turns":4},{"damage":1,"enemies":"Book of Stabbing","floor":23,"turns":6},{"damage":4,"enemies":"Snake Plant","floor":25,"turns":4},{"damage":0,"enemies":"Slavers","floor":27,"turns":3},{"damage":0,"enemies":"Snecko","floor":29,"turns":3},{"damage":9,"enemies":"Book of Stabbing","floor":30,"turns":5},{"damage":3,"enemies":"Collector","floor":33,"turns":7},{"damage":26,"enemies":"3 Darklings","floor":35,"turns":5},{"damage":0,"enemies":"3 Shapes","floor":36,"turns":5},{"damage":2,"enemies":"2 Orb Walkers","floor":37,"turns":4},{"damage":3,"enemies":"Giant Head","floor":40,"turns":6},{"damage":0,"enemies":"Reptomancer","floor":42,"turns":9},{"damage":6,"enemies":"Sphere and 2 Shapes","floor":44,"turns":4},{"damage":0,"enemies":"Transient","floor":46,"turns":5},{"damage":0,"enemies":"Jaw Worm Horde","floor":47,"turns":2},{"damage":0,"enemies":"Giant Head","floor":48,"turns":6},{"damage":38,"enemies":"Time Eater","floor":50,"turns":11},{"damage":17,"enemies":"Shield and Spear","floor":54,"turns":4},{"damage":73,"enemies":"The Heart","floor":55,"turns":8}],"seed_played":"-7511914010152237438","potions_obtained":[{"floor":1,"key":"Dexterity Potion"},{"floor":5,"key":"GamblersBrew"},{"floor":8,"key":"Weak Potion"},{"floor":10,"key":"SteroidPotion"},{"floor":11,"key":"Fire Potion"},{"floor":16,"key":"Ancient Potion"},{"floor":18,"key":"Swift Potion"},{"floor":27,"key":"Explosive Potion"},{"floor":35,"key":"EssenceOfSteel"},{"floor":37,"key":"Dexterity Potion"},{"floor":42,"key":"SpeedPotion"},{"floor":48,"key":"LiquidBronze"},{"floor":54,"key":"GamblersBrew"}],"is_trial":false,"path_per_floor":["?","?","?","?","?","T","?","?"],"character_chosen":"THE_SILENT","items_purchased":["Bronze Scales","After Image","Ice Cream"],"campfire_rested":7,"item_purchase_floors":[31,39,45],"current_hp_per_floor":[63,46,46,46,44,65,25,25,35,34,34,24,48,35,59,39,70,70,70,52,52,52,58,58,54,54,56,82,84,77,77,77,76,84,60,62,62,62,62,61,87,87,87,81,81,83,85,87,87,49,78,87,87,70,0],"gold":2,"neow_bonus":"BOSS_RELIC","is_prod":false,"is_daily":false,"chose_seed":false,"campfire_upgraded":0,"win_rate":0,"timestamp":1557800294,"path_taken":["M","?","?","M","M","R","E","M","T","M","M","E","R","E","R","BOSS","M","?","?","?","M","E","?","M","T","E","R","M","E","$","R","BOSS","M","M","?","?","$","E","R","E","T","M","$","M","M","E","R","BOSS","R","$","E","BOSS"],"build_version":"2019-01-23","purchased_purges":0,"victory":false,"max_hp_per_floor":[70,70,70,70,70,70,70,70,80,80,80,80,80,80,80,80,80,80,80,80,80,80,87,87,87,87,87,87,87,87,87,87,87,87,87,87,87,87,87,87,87,87,87,87,87,87,87,87,87,87,87,87,87,87,87],"card_choices":[{"not_picked":["Reflex","All Out Attack"],"picked":"Crippling Poison","floor":1},{"not_picked":["Crippling Poison","Endless Agony"],"picked":"Leg Sweep","floor":4},{"not_picked":["Slice","Riddle With Holes"],"picked":"Endless Agony","floor":5},{"not_picked":["Terror","Predator"],"picked":"Catalyst","floor":7},{"not_picked":["Outmaneuver","Blade Dance"],"picked":"Distraction","floor":8},{"not_picked":["Deflect","Outmaneuver"],"picked":"Cloak And Dagger","floor":10},{"not_picked":["Slice","Backstab"],"picked":"Bouncing Flask","floor":11},{"not_picked":["Choke","Dagger Throw"],"picked":"Bullet Time","floor":12},{"not_picked":["All Out Attack","Poisoned Stab"],"picked":"Backflip","floor":14},{"not_picked":["Phantasmal Killer","A Thousand Cuts"],"picked":"Adrenaline","floor":16},{"not_picked":["Quick Slash","Finisher"],"picked":"Terror+1","floor":18},{"not_picked":["Outmaneuver","Bane"],"picked":"Acrobatics+1","floor":20},{"not_picked":["Sucker Punch","Flying Knee"],"picked":"Dodge and Roll+1","floor":22},{"not_picked":["Wraith Form v2","Catalyst+1"],"picked":"Corpse Explosion","floor":23},{"not_picked":["Prepared","All Out Attack"],"picked":"Deadly Poison+1","floor":25},{"not_picked":["Calculated Gamble","Blade Dance"],"picked":"Cloak And Dagger","floor":27},{"not_picked":["Infinite Blades","Predator"],"picked":"Bouncing Flask","floor":29},{"not_picked":["Dagger Spray","Sucker Punch"],"picked":"Dash","floor":30},{"not_picked":["Envenom","Tools of the Trade"],"picked":"Malaise","floor":33},{"not_picked":["Escape Plan","Slice"],"picked":"PiercingWail+1","floor":35},{"not_picked":["Eviscerate+1","Outmaneuver+1"],"picked":"Dodge and Roll+1","floor":36},{"not_picked":["Poisoned Stab+1","PiercingWail"],"picked":"Cloak And Dagger+1","floor":37},{"not_picked":["Blur+1","Dagger Throw+1"],"picked":"After Image","floor":40},{"not_picked":["Terror","Dagger Spray+1"],"picked":"Predator","floor":42},{"not_picked":["Riddle With Holes","Deflect+1"],"picked":"Footwork+1","floor":44},{"not_picked":["Deadly Poison","Bane+1"],"picked":"Skewer+1","floor":46},{"not_picked":["Choke+1","Sucker Punch"],"picked":"Burst","floor":47},{"not_picked":["Flechettes+1","Dodge and Roll"],"picked":"Escape Plan+1","floor":48},{"not_picked":["Bane+1","Dagger Spray+1","Slice"],"picked":"SKIP","floor":54}],"player_experience":457204,"relics_obtained":[{"floor":7,"key":"Incense Burner"},{"floor":9,"key":"Pear"},{"floor":12,"key":"Vajra"},{"floor":14,"key":"Omamori"},{"floor":20,"key":"Red Mask"},{"floor":23,"key":"Strawberry"},{"floor":24,"key":"Boot"},{"floor":26,"key":"Blood Vial"},{"floor":27,"key":"Bottled Flame"},{"floor":30,"key":"Snake Skull"},{"floor":37,"key":"Turnip"},{"floor":40,"key":"Art of War"},{"floor":42,"key":"Lantern"},{"floor":48,"key":"Regal Pillow"},{"floor":54,"key":"Anchor"}],"event_choices":[{"damage_healed":0,"gold_gain":0,"player_choice":"Take Damage","damage_taken":17,"relics_obtained":["Golden Idol"],"max_hp_gain":0,"max_hp_loss":0,"event_name":"Golden Idol","floor":2,"gold_loss":0},{"damage_healed":0,"gold_gain":0,"player_choice":"Ignored","damage_taken":0,"max_hp_gain":0,"max_hp_loss":0,"event_name":"Shining Light","floor":3,"gold_loss":0},{"damage_healed":0,"gold_gain":0,"player_choice":"Simplicity","damage_taken":0,"max_hp_gain":0,"max_hp_loss":0,"event_name":"Back to Basics","floor":19,"gold_loss":0,"cards_upgraded":["Defend_G","Defend_G","Defend_G","Defend_G","Defend_G","Strike_G","Strike_G","Strike_G","Strike_G","Strike_G"]},{"damage_healed":0,"gold_gain":0,"player_choice":"Fought Bandits","damage_taken":0,"max_hp_gain":0,"max_hp_loss":0,"event_name":"Masked Bandits","floor":20,"gold_loss":0},{"damage_healed":0,"gold_gain":0,"player_choice":"Opened","damage_taken":0,"relics_obtained":["Orichalcum"],"max_hp_gain":0,"max_hp_loss":0,"event_name":"The Mausoleum","floor":21,"gold_loss":0,"cards_obtained":["Writhe"]},{"damage_healed":0,"gold_gain":0,"player_choice":"Fight","damage_taken":0,"max_hp_gain":0,"max_hp_loss":0,"event_name":"Mysterious Sphere","floor":37,"gold_loss":0},{"damage_healed":0,"gold_gain":333,"player_choice":"Gave Idol","damage_taken":0,"max_hp_gain":0,"max_hp_loss":0,"event_name":"The Moai Head","floor":38,"relics_lost":["Golden Idol"],"gold_loss":0}],"is_beta":false,"boss_relics":[{"not_picked":["Lizard Tail","Busted Crown"],"picked":"Ectoplasm"},{"not_picked":["Coffee Dripper","Velvet Choker"],"picked":"White Beast Statue"}],"items_purged_floors":[],"is_endless":false,"potions_floor_spawned":[1,5,8,10,11,16,18,25,27,29,33,35,36,37,40,42,44,46,47,48,54],"killed_by":"The Heart","ascension_level":10}