{"gold_per_floor":[109,122,272,31,43,43,43,43,68,68,99,144,154,180,180,257,257,275,288,288,308,319,319,346,361,414,414,464,491,491,511,511,589,589,600,616,716,716,406,406,437,437,437,437,455,489,146,172,172,172,172],"floor_reached":51,"playtime":3419,"items_purged":["Doubt","Bite","Bite"],"score":1462,"play_id":"79ffd3b2-ccff-4de0-9e1c-0d68b4655a9a","local_time":"20190212161014","is_ascension_mode":true,"campfire_choices":[{"data":"Armaments","floor":6.0,"key":"SMITH"},{"data":"Shockwave","floor":8.0,"key":"SMITH"},{"data":"Carnage","floor":10.0,"key":"SMITH"},{"data":"True Grit","floor":15.0,"key":"SMITH"},{"data":"Whirlwind","floor":23.0,"key":"SMITH"},{"data":"Uppercut","floor":27.0,"key":"SMITH"},{"data":"Bash","floor":30.0,"key":"SMITH"},{"data":"Limit Break","floor":32.0,"key":"SMITH"},{"data":"Demon Form","floor":40.0,"key":"SMITH"},{"data":"Feel No Pain","floor":42.0,"key":"SMITH"},{"data":"Flame Barrier","floor":44.0,"key":"SMITH"},{"data":"Flame Barrier","floor":49.0,"key":"SMITH"}],"neow_cost":"NONE","seed_source_timestamp":2872960149937850,"circlet_count":0,"master_deck":["AscendersBane","Defend_R","Defend_R","Defend_R","Defend_R","Bash+1","Exhume","Carnage+1","Shockwave+1","Armaments+1","True Grit+1","Shrug It Off","Limit Break+1","Whirlwind+1","Headbutt","Bite","Bite","Bite","Uppercut+1","Demon Form+1","Ghostly Armor+1","Flame Barrier+1","Flame Barrier+1","Feel No Pain+1","True Grit+1","Feed+1","Shrug It Off","Sword Boomerang+1"],"special_seed":0,"relics":["Burning Blood","Meat on the Bone","Omamori","StoneCalendar","Red Skull","Bottled Flame","Mark of Pain","Anchor","Tiny Chest","Bronze Scales","Velvet Choker","Torii","Molten Egg 2","Orichalcum","Blue Candle","Thread and Needle","Prayer Wheel","Strawberry","Boot"],"potions_floor_usage":[],"damage_taken":[{"damage":12.0,"enemies":"Jaw Worm","floor":1.0,"turns":5.0},{"damage":0.0,"enemies":"Small Slimes","floor":2.0,"turns":2.0},{"damage":2.0,"enemies":"2 Louse","floor":5.0,"turns":3.0},{"damage":30.0,"enemies":"Lagavulin","floor":11.0,"turns":7.0},{"damage":7.0,"enemies":"Exordium Wildlife","floor":13.0,"turns":4.0},{"damage":22.0,"enemies":"3 Sentries","floor":14.0,"turns":7.0},{"damage":36.0,"enemies":"Hexaghost","floor":16.0,"turns":8.0},{"damage":5.0,"enemies":"3 Byrds","floor":18.0,"turns":7.0},{"damage":17.0,"enemies":"Shell Parasite","floor":19.0,"turns":6.0},{"damage":16.0,"enemies":"Centurion and Healer","floor":21.0,"turns":6.0},{"damage":20.0,"enemies":"Shelled Parasite and Fungi","floor":22.0,"turns":5.0},{"damage":33.0,"enemies":"Book of Stabbing","floor":24.0,"turns":5.0},{"damage":11.0,"enemies":"3 Cultists","floor":25.0,"turns":4.0},{"damage":34.0,"enemies":"Slavers","floor":29.0,"turns":7.0},{"damage":12.0,"enemies":"Chosen and Byrds","floor":31.0,"turns":4.0},{"damage":59.0,"enemies":"Champ","floor":33.0,"turns":11.0},{"damage":8.0,"enemies":"3 Shapes","floor":35.0,"turns":7.0},{"damage":14.0,"enemies":"Orb Walker","floor":36.0,"turns":5.0},{"damage":21.0,"enemies":"Mind Bloom Boss Battle","floor":37.0,"turns":7.0},{"damage":45.0,"enemies":"Reptomancer","floor":41.0,"turns":6.0},{"damage":19.0,"enemies":"3 Darklings","floor":45.0,"turns":6.0},{"damage":34.0,"enemies":"Giant Head","floor":46.0,"turns":8.0},{"damage":13.0,"enemies":"Reptomancer","floor":48.0,"turns":7.0},{"damage":19.0,"enemies":"Donu and Deca","floor":50.0,"turns":8.0},{"damage":66,"enemies":"Awakened One","floor":51,"turns":8}],"seed_played":"6052162159841212591","potions_obtained":[{"floor":1.0,"key":"Dexterity Potion"},{"floor":2.0,"key":"Energy Potion"},{"floor":16.0,"key":"EssenceOfSteel"},{"floor":24.0,"key":"SpeedPotion"},{"floor":33.0,"key":"Poison Potion"},{"floor":36.0,"key":"Swift Potion"},{"floor":37.0,"key":"SpeedPotion"},{"floor":45.0,"key":"Ancient Potion"}],"is_trial":false,"path_per_floor":["M","M","?","$","M","R","?","R","T","R","E","T","M","E","R","B",null,"M","M","?","M","M","R","E","M","T","R","?","E","R","M","R","B",null,"M","M","?","T","$","R","E","R","T","R","M","E","$","E","R","B","B"],"character_chosen":"IRONCLAD","items_purchased":["Blood Vial","Orichalcum","Feel No Pain","Shrug It Off","Strawberry"],"campfire_rested":0,"item_purchase_floors":[4,39,39,47,47],"current_hp_per_floor":[62,68,68,68,74,74,74,74,74,74,51,51,52,50,50,34,65,68,59,59,61,57,57,53,54,54,54,54,50,50,51,51,39,66,73,72,68,68,68,68,45,45,45,45,50,45,52,58,58,51,0],"gold":172,"neow_bonus":"ONE_RANDOM_RARE_CARD","is_prod":false,"is_daily":false,"chose_seed":false,"campfire_upgraded":12,"win_rate":0,"timestamp":1549984214,"path_taken":["M","M","?","$","M","R","?","R","T","R","E","?","M","E","R","BOSS","M","M","?","M","M","R","E","M","T","R","?","E","R","M","R","BOSS","M","M","?","?","?","R","E","R","T","R","M","E","$","E","R","BOSS","BOSS"],"build_version":"2019-01-23","purchased_purges":3,"victory":false,"max_hp_per_floor":[75,75,75,75,75,75,75,75,75,75,75,75,75,75,75,75,75,75,75,75,75,75,75,75,75,75,75,75,75,75,75,75,75,75,75,75,75,75,75,75,75,75,75,75,75,75,82,86,86,86,90],"card_choices":[{"not_picked":["Ghostly Armor","Hemokinesis"],"picked":"Carnage","floor":1.0},{"not_picked":["Heavy Blade","True Grit"],"picked":"Shockwave","floor":2.0},{"not_picked":["Infernal Blade","Heavy Blade"],"picked":"Armaments","floor":5.0},{"not_picked":["Carnage","Brutality"],"picked":"True Grit","floor":11.0},{"not_picked":["Havoc","Power Through"],"picked":"Shrug It Off","floor":13.0},{"not_picked":["Berserk","Offering"],"picked":"Limit Break","floor":16.0},{"not_picked":["Heavy Blade","Burning Pact"],"picked":"Whirlwind","floor":18.0},{"not_picked":["Corruption","Anger"],"picked":"Headbutt","floor":19.0},{"not_picked":["Limit Break","Anger"],"picked":"Uppercut","floor":25.0},{"not_picked":["Reaper","Bludgeon"],"picked":"Demon Form","floor":33.0},{"not_picked":["Seeing Red+1","Twin Strike"],"picked":"Ghostly Armor+1","floor":35.0},{"not_picked":["Fire Breathing","Second Wind+1"],"picked":"Flame Barrier","floor":36.0},{"not_picked":["Dropkick","Flex"],"picked":"Flame Barrier","floor":37.0},{"not_picked":["Sword Boomerang+1","Cleave+1"],"picked":"True Grit+1","floor":41.0},{"not_picked":["True Grit+1","Armaments+1"],"picked":"Feed+1","floor":46.0},{"not_picked":["Anger+1","Heavy Blade+1"],"picked":"Sword Boomerang+1","floor":48.0}],"player_experience":1328740,"relics_obtained":[{"floor":9.0,"key":"Omamori"},{"floor":11.0,"key":"StoneCalendar"},{"floor":12.0,"key":"Red Skull"},{"floor":14.0,"key":"Bottled Flame"},{"floor":24.0,"key":"Anchor"},{"floor":26.0,"key":"Tiny Chest"},{"floor":29.0,"key":"Bronze Scales"},{"floor":37.0,"key":"Torii"},{"floor":38.0,"key":"Molten Egg 2"},{"floor":41.0,"key":"Blue Candle"},{"floor":43.0,"key":"Thread and Needle"},{"floor":46.0,"key":"Prayer Wheel"},{"floor":48.0,"key":"Boot"}],"event_choices":[{"damage_healed":0.0,"max_hp_gain":0.0,"max_hp_loss":0.0,"gold_gain":150.0,"event_name":"Liars Game","player_choice":"AGREE","floor":3.0,"gold_loss":0.0,"damage_taken":0.0,"cards_obtained":["Doubt"]},{"damage_healed":0.0,"max_hp_gain":0.0,"max_hp_loss":0.0,"gold_gain":0.0,"event_name":"Dead Adventurer","player_choice":"Searched \u00272\u0027 times","floor":7.0,"gold_loss":0.0,"damage_taken":0.0,"relics_obtained":["Meat on the Bone"]},{"damage_healed":0.0,"max_hp_gain":0.0,"max_hp_loss":0.0,"gold_gain":0.0,"event_name":"Vampires","player_choice":"Became a vampire (Vial)","floor":20.0,"relics_lost":["Blood Vial"],"gold_loss":0.0,"damage_taken":0.0,"cards_obtained":["Bite","Bite","Bite","Bite","Bite"]},{"damage_healed":0.0,"max_hp_gain":0.0,"max_hp_loss":0.0,"gold_gain":50.0,"event_name":"Nest","player_choice":"Stole From Cult","floor":28.0,"gold_loss":0.0,"damage_taken":0.0},{"damage_healed":0.0,"max_hp_gain":0.0,"max_hp_loss":0.0,"gold_gain":0.0,"event_name":"MindBloom","player_choice":"Fight","floor":37.0,"gold_loss":0.0,"damage_taken":0.0}],"is_beta":false,"boss_relics":[{"not_picked":["Sozu","Philosopher\u0027s Stone"],"picked":"Mark of Pain"},{"not_picked":["Lizard Tail","Empty Cage"],"picked":"Velvet Choker"}],"items_purged_floors":[4,39,47],"is_endless":false,"potions_floor_spawned":[1,2,16,18,21,22,24,33,36,37,45,46],"killed_by":"Awakened One","ascension_level":20}