{"gold_per_floor":[115,12,12,12,24,1,38,50,88,100,152,164,210,235,247,259],"floor_reached":16,"playtime":868,"items_purged":[],"score":117,"play_id":"f902493b-e464-4146-b38e-d3f388fce4c5","local_time":"20181121121541","is_ascension_mode":true,"campfire_choices":[{"data":"Neutralize","floor":8,"key":"SMITH"},{"data":"Infinite Blades","floor":12,"key":"SMITH"},{"floor":15,"key":"REST"}],"neow_cost":"NONE","seed_source_timestamp":596911676715979,"circlet_count":0,"master_deck":["Defend_G","Defend_G","Defend_G","Defend_G","Defend_G","Strike_G","Strike_G","Strike_G","Strike_G","Strike_G","Survivor","Neutralize+1","Dodge and Roll","Acrobatics","Infinite Blades+1","Injury","Backstab","Caltrops","Bouncing Flask","Leg Sweep"],"relics":["Ring of the Snake","Golden Idol","MawBank","Potion Belt","Vajra","Bottled Flame","Unceasing Top"],"potions_floor_usage":[16,16],"damage_taken":[{"damage":2,"enemies":"2 Louse","floor":1,"turns":3},{"damage":1,"enemies":"Small Slimes","floor":7,"turns":4},{"damage":29,"enemies":"Lagavulin","floor":11,"turns":8},{"damage":30,"enemies":"Gremlin Nob","floor":13,"turns":5},{"damage":0,"enemies":"Jaw Worm","floor":14,"turns":3},{"damage":47,"enemies":"Slime Boss","floor":16,"turns":11}],"seed_played":"5485782794422717330","potions_obtained":[{"floor":13,"key":"Poison Potion"},{"floor":14,"key":"AttackPotion"}],"is_trial":false,"path_per_floor":["M","$","?","?","?","?","M","R","T","T","E","R","E","M","R","B"],"character_chosen":"THE_SILENT","items_purchased":["Acrobatics","Infinite Blades"],"campfire_rested":1,"item_purchase_floors":[2,2],"current_hp_per_floor":[75,75,75,63,68,82,81,81,81,81,52,52,22,22,46,0],"gold":259,"neow_bonus":"TEN_PERCENT_HP_BONUS","is_prod":false,"is_daily":false,"chose_seed":false,"campfire_upgraded":2,"win_rate":0,"timestamp":1542820541,"path_taken":["M","$","?","?","?","?","M","R","T","?","E","R","E","M","R","BOSS"],"build_version":"2018-11-15","purchased_purges":0,"victory":false,"max_hp_per_floor":[77,77,77,77,82,82,82,82,82,82,82,82,82,82,82,82],"card_choices":[{"not_picked":["Calculated Gamble","Prepared"],"picked":"Dodge and Roll","floor":1},{"not_picked":["Finisher","Deadly Poison"],"picked":"Backstab","floor":7},{"not_picked":["Underhanded Strike","Dagger Throw"],"picked":"Caltrops","floor":11},{"not_picked":["Catalyst","Predator"],"picked":"Bouncing Flask","floor":13},{"not_picked":["Endless Agony","Poisoned Stab"],"picked":"Leg Sweep","floor":14}],"player_experience":126868,"relics_obtained":[{"floor":9,"key":"Potion Belt"},{"floor":10,"key":"Vajra"},{"floor":11,"key":"Bottled Flame"},{"floor":13,"key":"Unceasing Top"}],"event_choices":[{"damage_healed":0,"gold_gain":0,"player_choice":"Take Wound","damage_taken":0,"relics_obtained":["Golden Idol"],"max_hp_gain":0,"max_hp_loss":0,"event_name":"Golden Idol","floor":3,"gold_loss":0,"cards_obtained":["Injury"]},{"damage_healed":0,"gold_gain":0,"player_choice":"Success","damage_taken":12,"relics_obtained":["MawBank"],"max_hp_gain":0,"max_hp_loss":0,"event_name":"Scrap Ooze","floor":4,"gold_loss":0},{"damage_healed":0,"gold_gain":0,"player_choice":"Donut","damage_taken":0,"max_hp_gain":5,"max_hp_loss":0,"event_name":"Big Fish","floor":5,"gold_loss":0},{"damage_healed":20,"gold_gain":0,"player_choice":"Healed","damage_taken":0,"max_hp_gain":0,"max_hp_loss":0,"event_name":"The Cleric","floor":6,"gold_loss":35}],"is_beta":false,"boss_relics":[],"items_purged_floors":[],"is_endless":false,"potions_floor_spawned":[13,14],"killed_by":"Slime Boss","ascension_level":2}