{"gold_per_floor":[117,127,127,146,146,146,182,182,230,230,294,294,319,120,120,213,213,231,251,251,267,267,267],"floor_reached":23,"playtime":1044,"items_purged":["Injury"],"score":325,"play_id":"b9425234-c1cc-43bb-a349-ef65b6f71d0a","local_time":"20190517153131","is_ascension_mode":true,"campfire_choices":[{"data":"Whirlwind","floor":6,"key":"SMITH"},{"data":"Whirlwind","floor":8,"key":"SMITH"},{"floor":10,"key":"REST"},{"floor":15,"key":"REST"}],"neow_cost":"NONE","seed_source_timestamp":88541742597734,"circlet_count":0,"master_deck":["AscendersBane","Strike_R","Strike_R","Strike_R","Strike_R","Strike_R","Defend_R","Defend_R+1","Defend_R","Defend_R","Bash","True Grit","Rage+1","Inflame","Whirlwind+1","Whirlwind+1","Corruption","Impervious","Seeing Red","Feed","Rage","Uppercut","Havoc"],"relics":["Burning Blood","Bloody Idol","Bag of Marbles","Matryoshka","Smiling Mask","Happy Flower","Tiny Chest","Meat on the Bone","War Paint","Red Skull","Sozu"],"potions_floor_usage":[11,16],"damage_taken":[{"damage":21,"enemies":"Jaw Worm","floor":1,"turns":6},{"damage":5,"enemies":"2 Louse","floor":2,"turns":3},{"damage":9,"enemies":"Small Slimes","floor":4,"turns":5},{"damage":24,"enemies":"3 Sentries","floor":7,"turns":9},{"damage":25,"enemies":"Lagavulin","floor":11,"turns":7},{"damage":25,"enemies":"Hexaghost","floor":16,"turns":9},{"damage":13,"enemies":"Shell Parasite","floor":18,"turns":3},{"damage":17,"enemies":"2 Thieves","floor":19,"turns":3},{"damage":11,"enemies":"Centurion and Healer","floor":21,"turns":6},{"damage":13,"enemies":"Colosseum Slavers","floor":22,"turns":5},{"damage":66,"enemies":"Book of Stabbing","floor":23,"turns":6}],"seed_played":"-3121953636432515094","potions_obtained":[{"floor":2,"key":"FearPotion"},{"floor":4,"key":"LiquidBronze"},{"floor":11,"key":"Energy Potion"}],"is_trial":false,"path_per_floor":["?","?","T","T","?","?"],"character_chosen":"IRONCLAD","items_purchased":["Impervious","Seeing Red"],"campfire_rested":2,"item_purchase_floors":[14,14],"current_hp_per_floor":[57,58,58,55,37,37,19,19,19,43,24,24,24,24,48,41,70,63,52,52,52,48,0],"gold":267,"neow_bonus":"THREE_CARDS","is_prod":false,"is_daily":false,"chose_seed":false,"campfire_upgraded":2,"win_rate":0,"timestamp":1558121491,"path_taken":["M","M","?","M","?","R","E","R","T","R","E","?","?","$","R","BOSS","M","M","?","M","?","E"],"build_version":"2019-01-23","purchased_purges":1,"victory":false,"max_hp_per_floor":[80,80,80,80,80,80,80,80,80,80,80,80,80,80,80,80,80,80,80,80,80,83,83],"card_choices":[{"not_picked":["Anger","Hemokinesis"],"picked":"True Grit","floor":0},{"not_picked":["Perfected Strike","Flex"],"picked":"Rage","floor":1},{"not_picked":["True Grit","Body Slam"],"picked":"Inflame","floor":2},{"not_picked":["Evolve","Body Slam"],"picked":"Whirlwind","floor":4},{"not_picked":["Combust","Warcry"],"picked":"Whirlwind","floor":7},{"not_picked":["Twin Strike","Sword Boomerang"],"picked":"Corruption","floor":11},{"not_picked":["Limit Break","Bludgeon"],"picked":"Feed","floor":16},{"not_picked":["Warcry","Cleave"],"picked":"Rage","floor":18},{"not_picked":["Infernal Blade","Heavy Blade"],"picked":"Uppercut","floor":19},{"not_picked":["Perfected Strike","Sever Soul"],"picked":"Havoc","floor":21}],"player_experience":509346,"relics_obtained":[{"floor":7,"key":"Matryoshka"},{"floor":9,"key":"Smiling Mask"},{"floor":9,"key":"Happy Flower"},{"floor":11,"key":"Tiny Chest"},{"floor":12,"key":"Meat on the Bone"},{"floor":12,"key":"War Paint"},{"floor":13,"key":"Red Skull"}],"event_choices":[{"damage_healed":0,"gold_gain":0,"player_choice":"Take Wound","damage_taken":0,"relics_obtained":["Golden Idol"],"max_hp_gain":0,"max_hp_loss":0,"event_name":"Golden Idol","floor":3,"gold_loss":0,"cards_obtained":["Injury"]},{"damage_healed":0,"gold_gain":0,"player_choice":"Success","damage_taken":18,"relics_obtained":["Bag of Marbles"],"max_hp_gain":0,"max_hp_loss":0,"event_name":"Scrap Ooze","floor":5,"gold_loss":0},{"damage_healed":0,"gold_gain":0,"player_choice":"Gave Idol","damage_taken":0,"relics_obtained":["Bloody Idol"],"max_hp_gain":0,"max_hp_loss":0,"event_name":"Forgotten Altar","floor":20,"relics_lost":["Golden Idol"],"gold_loss":0},{"damage_healed":0,"gold_gain":0,"player_choice":"Fight","damage_taken":0,"max_hp_gain":0,"max_hp_loss":0,"event_name":"Colosseum","floor":22,"gold_loss":0},{"damage_healed":0,"gold_gain":0,"player_choice":"Fled From Nobs","damage_taken":0,"max_hp_gain":0,"max_hp_loss":0,"event_name":"Colosseum","floor":22,"gold_loss":0}],"is_beta":false,"boss_relics":[{"not_picked":["Pandora\u0027s Box","Eternal Feather"],"picked":"Sozu"}],"items_purged_floors":[14],"is_endless":false,"potions_floor_spawned":[2,4,11,18,21,22],"killed_by":"Book of Stabbing","ascension_level":13}