{"gold_per_floor":[110,123,123,141,154,154,167,167],"floor_reached":8,"playtime":235,"items_purged":[],"score":85,"play_id":"606de774-d8f9-4a46-9507-1576e9063e04","local_time":"20190529040041","is_ascension_mode":true,"campfire_choices":[{"data":"Cloak And Dagger","floor":6.0,"key":"SMITH"}],"neow_cost":"CURSE","seed_source_timestamp":147387906818611,"circlet_count":0,"master_deck":["AscendersBane","Defend_G","Defend_G","Defend_G","Defend_G","Defend_G","Strike_G","Strike_G","Strike_G","Strike_G","Strike_G","Survivor","Neutralize","Infinite Blades","Dodge and Roll","Cloak And Dagger+1","Footwork","Slice"],"special_seed":0,"relics":["Ring of the Snake","Mango"],"potions_floor_usage":[8],"damage_taken":[{"damage":18.0,"enemies":"Cultist","floor":1.0,"turns":6.0},{"damage":3.0,"enemies":"2 Louse","floor":2.0,"turns":3.0},{"damage":12.0,"enemies":"Small Slimes","floor":4.0,"turns":4.0},{"damage":0.0,"enemies":"Looter","floor":5.0,"turns":4.0},{"damage":0.0,"enemies":"Large Slime","floor":7.0,"turns":6.0},{"damage":47,"enemies":"Gremlin Nob","floor":8,"turns":5}],"seed_played":"-1951598565155400288","potions_obtained":[{"floor":1.0,"key":"FearPotion"},{"floor":7.0,"key":"Energy Potion"}],"is_trial":false,"path_per_floor":["M","M","?","M","M","R","M","E"],"character_chosen":"THE_SILENT","items_purchased":[],"campfire_rested":0,"item_purchase_floors":[],"current_hp_per_floor":[55,52,52,40,40,40,40,0],"gold":167,"neow_bonus":"ONE_RARE_RELIC","is_prod":false,"is_daily":false,"chose_seed":false,"campfire_upgraded":1,"win_rate":0,"timestamp":1559095241,"path_taken":["M","?","?","M","M","R","M","E"],"build_version":"2019-01-23","purchased_purges":0,"victory":false,"max_hp_per_floor":[80,80,80,80,80,80,80,80],"card_choices":[{"not_picked":["Deflect","Flying Knee"],"picked":"Infinite Blades","floor":1.0},{"not_picked":["Catalyst","Bane"],"picked":"Dodge and Roll","floor":2.0},{"not_picked":["Sucker Punch","Leg Sweep"],"picked":"Cloak And Dagger","floor":4.0},{"not_picked":["Outmaneuver","Flying Knee"],"picked":"Footwork","floor":5.0},{"not_picked":["Setup","Dodge and Roll"],"picked":"Slice","floor":7.0}],"player_experience":265551,"relics_obtained":[],"event_choices":[{"cards_removed":["Doubt"],"damage_healed":0.0,"max_hp_gain":0.0,"max_hp_loss":0.0,"gold_gain":0.0,"event_name":"Purifier","player_choice":"Purged","floor":3.0,"gold_loss":0.0,"damage_taken":0.0}],"is_beta":false,"boss_relics":[],"items_purged_floors":[],"is_endless":false,"potions_floor_spawned":[1,7],"killed_by":"Gremlin Nob","ascension_level":14}