{"gold_per_floor":[118,43,57,72,90,116,141,141,166,166,195,27,52,65,65,163,163,181,56,56,75,0,33,44,58,58,58,73,73,73,90,90,187,187,198,198,215,215,215,215,227,227],"floor_reached":42,"playtime":3611,"items_purged":["Strike_B","Defend_B","Defend_B"],"score":438,"play_id":"98387b42-f916-4dcd-b8fd-341a8309dff2","local_time":"20190218003237","is_ascension_mode":false,"campfire_choices":[{"data":"Strike_B","floor":8,"key":"SMITH"},{"floor":10,"key":"REST"},{"floor":15,"key":"REST"},{"floor":27,"key":"REST"},{"floor":30,"key":"REST"},{"floor":32,"key":"REST"},{"floor":40,"key":"REST"}],"neow_cost":"NONE","seed_source_timestamp":220083963953469,"circlet_count":0,"master_deck":["Strike_B+1","Defend_B+1","Zap","Dualcast+1","Ball Lightning","Conserve Battery","Leap","Conserve Battery","Capacitor","Rebound","Sunder","Creative AI","Leap+1","Ball Lightning+1","Echo Form+1","Streamline","Defragment+1"],"relics":["Cracked Core","NeowsBlessing","Happy Flower","Odd Mushroom","Bag of Preparation","Boot","Orichalcum","Sozu","War Paint","Frozen Egg 2","Empty Cage"],"potions_floor_usage":[16,23,25],"damage_taken":[{"damage":0,"enemies":"Cultist","floor":1,"turns":1},{"damage":0,"enemies":"Small Slimes","floor":3,"turns":1},{"damage":0,"enemies":"2 Louse","floor":4,"turns":1},{"damage":1,"enemies":"2 Fungi Beasts","floor":5,"turns":3},{"damage":16,"enemies":"3 Sentries","floor":6,"turns":7},{"damage":10,"enemies":"The Mushroom Lair","floor":7,"turns":6},{"damage":34,"enemies":"Gremlin Nob","floor":11,"turns":5},{"damage":4,"enemies":"3 Sentries","floor":13,"turns":6},{"damage":11,"enemies":"Exordium Thugs","floor":14,"turns":5},{"damage":17,"enemies":"Hexaghost","floor":16,"turns":8},{"damage":8,"enemies":"3 Byrds","floor":18,"turns":3},{"damage":14,"enemies":"2 Thieves","floor":21,"turns":5},{"damage":32,"enemies":"Slavers","floor":23,"turns":5},{"damage":26,"enemies":"Snake Plant","floor":24,"turns":4},{"damage":5,"enemies":"Shelled Parasite and Fungi","floor":25,"turns":4},{"damage":0,"enemies":"Cultist and Chosen","floor":28,"turns":6},{"damage":9,"enemies":"Centurion and Healer","floor":31,"turns":5},{"damage":47,"enemies":"Collector","floor":33,"turns":9},{"damage":3,"enemies":"Orb Walker","floor":35,"turns":4},{"damage":30,"enemies":"3 Darklings","floor":37,"turns":6},{"damage":36,"enemies":"Transient","floor":41,"turns":5},{"damage":32,"enemies":"Sphere and 2 Shapes","floor":42,"turns":3}],"seed_played":"4331520260129106721","potions_obtained":[{"floor":3,"key":"FocusPotion"},{"floor":6,"key":"FairyPotion"},{"floor":11,"key":"SteroidPotion"},{"floor":16,"key":"PowerPotion"}],"is_trial":false,"path_per_floor":["M","$","M","M","M","E","?","R","T","R","E","$","E","M","R","B",null,"M","$","?","M","?","E","M","M","T","R","M","$","R","M","R","B",null,"M","?","M","?","?","R","M","M"],"character_chosen":"DEFECT","items_purchased":["Sunder"],"campfire_rested":6,"item_purchase_floors":[12],"current_hp_per_floor":[75,75,75,75,74,58,48,48,48,70,36,36,32,21,43,26,75,67,67,67,53,53,21,7,2,2,24,24,24,46,37,59,12,75,72,72,42,42,42,64,28,0],"gold":227,"neow_bonus":"THREE_ENEMY_KILL","is_prod":false,"is_daily":false,"chose_seed":false,"campfire_upgraded":1,"win_rate":0.0,"timestamp":1550478757,"path_taken":["M","?","M","M","M","E","?","R","T","R","E","$","E","M","R","BOSS","M","$","?","M","?","E","?","M","T","R","M","?","R","M","R","BOSS","M","?","M","?","?","R","?","M"],"build_version":"2019-01-23","purchased_purges":3,"victory":false,"max_hp_per_floor":[75,75,75,75,75,75,75,75,75,75,75,75,75,75,75,75,75,75,75,75,75,75,75,75,75,75,75,75,75,75,75,75,75,75,75,75,75,75,75,75,75,75],"card_choices":[{"not_picked":["Gash","Coolheaded"],"picked":"Ball Lightning","floor":1},{"not_picked":["Skim","Thunder Strike"],"picked":"Conserve Battery","floor":3},{"not_picked":["Lockon","Turbo"],"picked":"Leap","floor":4},{"not_picked":["Go for the Eyes","Sweeping Beam"],"picked":"Conserve Battery","floor":5},{"not_picked":["Coolheaded","Steam"],"picked":"Capacitor","floor":6},{"not_picked":["Undo","Reboot"],"picked":"Rebound","floor":11},{"not_picked":["Skim","Glacier","FTL"],"picked":"SKIP","floor":13},{"not_picked":["Hello World","Cold Snap","Recycle"],"picked":"SKIP","floor":14},{"not_picked":["All For One","Seek"],"picked":"Creative AI","floor":16},{"not_picked":["Coolheaded","Gash","Rebound"],"picked":"SKIP","floor":18},{"not_picked":["Stack","Double Energy"],"picked":"Leap+1","floor":21},{"not_picked":["Redo+1","Barrage+1","Recycle"],"picked":"SKIP","floor":23},{"not_picked":["Capacitor+1","Blizzard","Glacier"],"picked":"SKIP","floor":24},{"not_picked":["Rebound","Sweeping Beam"],"picked":"Ball Lightning+1","floor":25},{"not_picked":["Rebound","Hologram","Turbo"],"picked":"SKIP","floor":28},{"not_picked":["Beam Cell","Rainbow","Rip and Tear"],"picked":"SKIP","floor":31},{"not_picked":["Creative AI+1","All For One"],"picked":"Echo Form+1","floor":33},{"not_picked":["Conserve Battery+1","Hologram+1"],"picked":"Streamline","floor":35},{"not_picked":["Go for the Eyes","Skim+1","Rebound+1"],"picked":"SKIP","floor":37},{"not_picked":["Consume","Beam Cell+1"],"picked":"Defragment+1","floor":41}],"player_experience":73570,"relics_obtained":[{"floor":6,"key":"Happy Flower"},{"floor":7,"key":"Odd Mushroom"},{"floor":9,"key":"Bag of Preparation"},{"floor":11,"key":"Boot"},{"floor":13,"key":"Orichalcum"},{"floor":23,"key":"War Paint"},{"floor":26,"key":"Frozen Egg 2"}],"event_choices":[{"damage_healed":0,"gold_gain":0,"player_choice":"Fought Mushrooms","damage_taken":0,"max_hp_gain":0,"max_hp_loss":0,"event_name":"Mushrooms","floor":7,"gold_loss":0},{"cards_removed":["Defend_B"],"damage_healed":0,"gold_gain":0,"player_choice":"Gave Gold","damage_taken":0,"max_hp_gain":0,"max_hp_loss":0,"event_name":"Beggar","floor":22,"gold_loss":75},{"damage_healed":0,"gold_gain":0,"player_choice":"Ignored","damage_taken":0,"max_hp_gain":0,"max_hp_loss":0,"event_name":"Tomb of Lord Red Mask","floor":36,"gold_loss":0},{"damage_healed":0,"gold_gain":0,"player_choice":"Ignored","damage_taken":0,"max_hp_gain":0,"max_hp_loss":0,"event_name":"Mysterious Sphere","floor":38,"gold_loss":0},{"damage_healed":0,"gold_gain":0,"player_choice":"Leave","damage_taken":0,"max_hp_gain":0,"max_hp_loss":0,"event_name":"FaceTrader","floor":39,"gold_loss":0}],"is_beta":false,"boss_relics":[{"not_picked":["Astrolabe","Runic Pyramid"],"picked":"Sozu"},{"not_picked":["Coffee Dripper","Nuclear Battery"],"picked":"Empty Cage"}],"items_purged_floors":[2,12,19],"is_endless":false,"potions_floor_spawned":[3,6,11,14,16,28,31,33,35,37],"killed_by":"Sphere and 2 Shapes","ascension_level":0}