{"gold_per_floor":[117,117,135,155,166,166,18,34,34,62,62,80,80,96,96,198,198,182,182,197,197,214,214,228,228,253,266,266,23,52,52,52,151,151,168,168,185,195,195,195,195],"floor_reached":41,"playtime":4662,"items_purged":["Defend_G"],"score":455,"play_id":"b989a98a-bc61-4348-b38d-7c256c17f850","local_time":"20180917015937","is_ascension_mode":false,"campfire_choices":[{"floor":15,"key":"REST"},{"floor":23,"key":"REST"},{"floor":25,"key":"REST"},{"floor":32,"key":"REST"},{"floor":40,"key":"REST"}],"neow_cost":"NONE","seed_source_timestamp":156867730821166,"circlet_count":0,"master_deck":["Defend_G","Defend_G","Defend_G","Defend_G","Strike_G","Strike_G","Strike_G","Strike_G","Strike_G","Survivor","Neutralize+1","Backstab","Dagger Spray","All Out Attack","Backflip","Noxious Fumes","Tactician","Choke","Predator","Choke","Underhanded Strike","Bullet Time","Endless Agony","Flying Knee+1","Deadly Poison+1","Dodge and Roll","Leg Sweep","Crippling Poison","Doppelganger","Neutralize","A Thousand Cuts","Dagger Throw+1","Flying Knee+1","Dodge and Roll+1","Blur+1"],"special_seed":0,"relics":["Ring of the Snake","Sundial","Question Card","Odd Mushroom","Pantograph","Black Star","GremlinMask","Orichalcum","Shuriken","Unceasing Top","Ginger","Sozu"],"potions_floor_usage":[16,16,33,33,41],"damage_taken":[{"damage":7.0,"enemies":"2 Louse","floor":1.0,"turns":3.0},{"damage":1,"enemies":"Cultist","floor":3,"turns":4},{"damage":0,"enemies":"Small Slimes","floor":4,"turns":2},{"damage":10,"enemies":"Exordium Wildlife","floor":5,"turns":2},{"damage":0,"enemies":"Blue Slaver","floor":8,"turns":4},{"damage":13,"enemies":"The Mushroom Lair","floor":10,"turns":3},{"damage":0,"enemies":"Looter","floor":12,"turns":2},{"damage":16,"enemies":"3 Louse","floor":14,"turns":3},{"damage":35,"enemies":"The Guardian","floor":16,"turns":12},{"damage":25,"enemies":"2 Thieves","floor":18,"turns":4},{"damage":15,"enemies":"Shell Parasite","floor":20,"turns":5},{"damage":38,"enemies":"Snake Plant","floor":22,"turns":5},{"damage":20,"enemies":"Chosen and Byrds","floor":24,"turns":6},{"damage":5,"enemies":"Centurion and Healer","floor":27,"turns":6},{"damage":19,"enemies":"Gremlin Leader","floor":30,"turns":6},{"damage":59,"enemies":"Automaton","floor":33,"turns":10},{"damage":42,"enemies":"3 Shapes","floor":35,"turns":5},{"damage":17,"enemies":"Orb Walker","floor":37,"turns":4},{"damage":17,"enemies":"4 Shapes","floor":38,"turns":6},{"damage":30,"enemies":"Giant Head","floor":41,"turns":6}],"seed_played":"-8265261322655739771","potions_obtained":[{"floor":2.0,"key":"FairyPotion"},{"floor":2.0,"key":"GamblersBrew"},{"floor":2.0,"key":"PowerPotion"},{"floor":12,"key":"SteroidPotion"},{"floor":24,"key":"Swift Potion"},{"floor":30,"key":"Block Potion"},{"floor":33,"key":"Poison Potion"}],"is_trial":false,"path_per_floor":["M","?","M","M","M","T","$","M","T","?","?","M","?","M","R","B",null,"M","?","M","?","M","R","M","R","T","M","?","$","E","?","R","B",null,"M","?","M","M","?","R"],"character_chosen":"THE_SILENT","items_purchased":["Noxious Fumes","Shuriken"],"campfire_rested":5,"item_purchase_floors":[7,29],"current_hp_per_floor":[63,63,62,62,52,52,52,52,52,39,32,32,32,16,37,27,70,45,70,55,55,17,38,18,39,39,34,34,34,15,15,36,2,70,28,28,11,6,6,27,0],"gold":195,"neow_bonus":"UPGRADE_CARD","is_prod":false,"is_daily":false,"chose_seed":false,"campfire_upgraded":0,"win_rate":0.0,"timestamp":1537163977,"path_taken":["M","?","M","M","M","?","?","?","T","?","?","?","?","M","R","BOSS","M","?","M","?","?","R","M","R","T","M","?","$","E","?","R","BOSS","M","?","M","M","?","R","E"],"build_version":"2018-09-06","purchased_purges":1,"victory":false,"max_hp_per_floor":[70,70,70,70,70,70,70,70,70,70,70,70,70,70,70,70,70,70,70,70,70,70,70,70,70,70,70,70,70,70,70,70,70,70,70,70,70,70,70,70,70],"card_choices":[{"not_picked":["Underhanded Strike","Sucker Punch"],"picked":"Backstab","floor":1.0},{"not_picked":["Blade Dance","Deflect"],"picked":"Dagger Spray","floor":3},{"not_picked":["Dodge and Roll","Calculated Gamble"],"picked":"All Out Attack","floor":4},{"not_picked":["Dagger Spray","Blade Dance"],"picked":"Backflip","floor":5},{"not_picked":["Leg Sweep","Dagger Spray"],"picked":"Tactician","floor":8},{"not_picked":["Doppelganger","Endless Agony","Quick Slash"],"picked":"Choke","floor":10},{"not_picked":["Backflip","Infinite Blades","Flying Knee"],"picked":"Predator","floor":12},{"not_picked":["Tactician","Flechettes","Quick Slash"],"picked":"Underhanded Strike","floor":14},{"not_picked":["Malaise","A Thousand Cuts","Envenom"],"picked":"Bullet Time","floor":16},{"not_picked":["Slice","Sucker Punch","Blade Dance"],"picked":"Endless Agony","floor":18},{"not_picked":["Infinite Blades+1","Acrobatics","Dagger Throw"],"picked":"Flying Knee+1","floor":20},{"not_picked":["Blade Dance","Acrobatics","Underhanded Strike"],"picked":"Deadly Poison+1","floor":22},{"not_picked":["Prepared+1","Tools of the Trade","Choke+1"],"picked":"Dodge and Roll","floor":24},{"not_picked":["Blade Dance","Dodge and Roll","Poisoned Stab"],"picked":"Leg Sweep","floor":27},{"not_picked":["Outmaneuver","Blur","Quick Slash"],"picked":"Crippling Poison","floor":30},{"not_picked":["Night Terror","Unload","Malaise"],"picked":"A Thousand Cuts","floor":33},{"not_picked":["Calculated Gamble","Deflect+1","Blur"],"picked":"Dagger Throw+1","floor":35},{"not_picked":["Quick Slash","Footwork+1","Dagger Throw+1"],"picked":"Dodge and Roll+1","floor":37},{"not_picked":["Escape Plan+1","Outmaneuver+1","Leg Sweep"],"picked":"Blur+1","floor":38}],"player_experience":15085,"relics_obtained":[{"floor":6,"key":"Sundial"},{"floor":9,"key":"Question Card"},{"floor":10,"key":"Odd Mushroom"},{"floor":26,"key":"Orichalcum"},{"floor":30,"key":"Unceasing Top"},{"floor":30,"key":"Ginger"}],"event_choices":[{"event_name":"The Lab","player_choice":"Got Potions","floor":2.0,"damage_taken":0.0},{"event_name":"Mushrooms","player_choice":"Fought Mushrooms","floor":10,"damage_taken":0},{"event_name":"Scrap Ooze","player_choice":"success","floor":11,"damage_taken":7},{"event_name":"Match and Keep!","player_choice":"2 cards matched","floor":13,"damage_taken":0},{"event_name":"Wheel of Change","player_choice":"Full Heal","floor":19,"damage_taken":0},{"event_name":"FaceTrader","player_choice":"Trade","floor":21,"damage_taken":0},{"event_name":"Purifier","player_choice":"One Purge","floor":28,"damage_taken":0},{"event_name":"Match and Keep!","player_choice":"3 cards matched","floor":31,"damage_taken":0},{"event_name":"Duplicator","player_choice":"One dupe","floor":36,"damage_taken":0},{"event_name":"Fountain of Cleansing","player_choice":"Removed Curse","floor":39,"damage_taken":0}],"is_beta":false,"boss_relics":[{"not_picked":["Orrery","Philosopher\u0027s Stone"],"picked":"Black Star"},{"not_picked":["Runic Pyramid","Velvet Choker"],"picked":"Sozu"}],"items_purged_floors":[7],"is_endless":false,"potions_floor_spawned":[5,8,12,14,24,30,33,35,37,38],"killed_by":"Giant Head","ascension_level":0}