{"gold_per_floor":[110,121,46,56,9,28,28,88,143,143,175,175,175],"floor_reached":13,"playtime":478,"items_purged":["Defend_G"],"score":129,"play_id":"05769af1-1b69-4def-983a-ceb23e8a8dbb","local_time":"20190506220824","is_ascension_mode":true,"campfire_choices":[{"data":"Neutralize","floor":7,"key":"SMITH"},{"floor":10,"key":"REST"}],"neow_cost":"NONE","seed_source_timestamp":2251805514835010,"circlet_count":0,"master_deck":["AscendersBane","Defend_G","Defend_G","Defend_G","Defend_G","Strike_G","Strike_G","Strike_G","Strike_G","Strike_G","Survivor","Neutralize+1","Flying Knee","Blur","Flying Knee","Sucker Punch","Leg Sweep","Footwork+1"],"relics":["Ring of the Snake","NeowsBlessing","Smiling Mask","Boot","Gremlin Horn"],"potions_floor_usage":[8,8,13],"damage_taken":[{"damage":0,"enemies":"Cultist","floor":1,"turns":1},{"damage":0,"enemies":"Jaw Worm","floor":2,"turns":1},{"damage":0,"enemies":"2 Louse","floor":4,"turns":1},{"damage":12,"enemies":"Gremlin Gang","floor":6,"turns":8},{"damage":33,"enemies":"Lagavulin Event","floor":8,"turns":9},{"damage":37,"enemies":"Gremlin Nob","floor":11,"turns":6},{"damage":2,"enemies":"3 Sentries","floor":13,"turns":4}],"seed_played":"-1744644229671588909","potions_obtained":[{"floor":4,"key":"EssenceOfSteel"},{"floor":6,"key":"SkillPotion"},{"floor":11,"key":"LiquidBronze"}],"is_trial":false,"path_per_floor":["M","M","$","M","$","M","R","?","T","R","E","?","E"],"character_chosen":"THE_SILENT","items_purchased":["Flying Knee"],"campfire_rested":1,"item_purchase_floors":[5],"current_hp_per_floor":[63,63,63,63,63,51,51,18,18,39,2,2,0],"gold":175,"neow_bonus":"THREE_ENEMY_KILL","is_prod":false,"is_daily":false,"chose_seed":false,"campfire_upgraded":1,"win_rate":0,"timestamp":1557173304,"path_taken":["M","M","$","M","?","?","R","?","T","R","E","?","E"],"build_version":"2019-01-23","purchased_purges":1,"victory":false,"max_hp_per_floor":[70,70,70,70,70,70,70,70,70,70,70,70,70],"card_choices":[{"not_picked":["Cloak And Dagger","Acrobatics"],"picked":"Flying Knee","floor":1},{"not_picked":["Finisher","Sucker Punch"],"picked":"Blur","floor":2},{"not_picked":["Masterful Stab","Deflect","Venomology"],"picked":"SKIP","floor":4},{"not_picked":["Endless Agony","Dodge and Roll"],"picked":"Sucker Punch","floor":6},{"not_picked":["Concentrate","Outmaneuver"],"picked":"Leg Sweep","floor":8},{"not_picked":["Dodge and Roll","Deflect"],"picked":"Footwork","floor":11}],"player_experience":192646,"relics_obtained":[{"floor":8,"key":"Smiling Mask"},{"floor":9,"key":"Boot"},{"floor":11,"key":"Gremlin Horn"}],"event_choices":[{"damage_healed":0,"gold_gain":0,"player_choice":"Searched \u00272\u0027 times","damage_taken":0,"max_hp_gain":0,"max_hp_loss":0,"event_name":"Dead Adventurer","floor":8,"gold_loss":0},{"damage_healed":0,"gold_gain":0,"player_choice":"Upgraded","damage_taken":0,"max_hp_gain":0,"max_hp_loss":0,"event_name":"Upgrade Shrine","floor":12,"gold_loss":0,"cards_upgraded":["Footwork"]}],"is_beta":false,"boss_relics":[],"items_purged_floors":[3],"is_endless":false,"potions_floor_spawned":[4,6,11],"killed_by":"3 Sentries","ascension_level":11}