{"gold_per_floor":[14,14,26,56,86,98,143,155,247,259,284,296,26,38,38,117,117,128,140,140,63,81,81,81,99,126,158,158,178,103,103,103,177,177,188,206,206,206,216,216,235,235,235,235,49,49,49,49,49,49],"floor_reached":50,"playtime":2496,"items_purged":["Strike_R","Decay"],"score":1006,"play_id":"78cda217-934b-4734-bd0c-b29159075651","local_time":"20190104144753","is_ascension_mode":true,"campfire_choices":[{"data":"Armaments","floor":6.0,"key":"SMITH"},{"floor":8.0,"key":"REST"},{"data":"Clothesline","floor":10.0,"key":"SMITH"},{"data":"Spot Weakness","floor":15.0,"key":"SMITH"},{"floor":23.0,"key":"REST"},{"data":"Double Tap","floor":28.0,"key":"SMITH"},{"data":"Bash","floor":32.0,"key":"SMITH"},{"data":"True Grit","floor":40,"key":"SMITH"},{"data":"Disarm","floor":42,"key":"SMITH"},{"data":"Sword Boomerang","floor":44,"key":"SMITH"},{"data":"Flame Barrier","floor":47,"key":"SMITH"},{"data":"Metallicize","floor":49,"key":"SMITH"}],"neow_cost":"NO_GOLD","seed_source_timestamp":1917913775222365,"circlet_count":0,"master_deck":["AscendersBane","Strike_R","Strike_R","Strike_R","Defend_R","Defend_R","Defend_R","Defend_R","Bash+1","Clothesline+1","Armaments+1","Sword Boomerang+1","Bludgeon","Juggernaut","Spot Weakness+1","Immolate","Metallicize+1","Double Tap+1","Rage+1","True Grit+1","Disarm+1","Pummel","Flame Barrier+1"],"special_seed":0,"relics":["Burning Blood","MawBank","Charon\u0027s Ashes","Ornamental Fan","Pantograph","Velvet Choker","Pen Nib","Centennial Puzzle","Eternal Feather","FossilizedHelix"],"potions_floor_usage":[50],"damage_taken":[{"damage":6.0,"enemies":"2 Louse","floor":1.0,"turns":3.0},{"damage":11.0,"enemies":"Jaw Worm","floor":4.0,"turns":5.0},{"damage":5.0,"enemies":"Small Slimes","floor":5.0,"turns":4.0},{"damage":42.0,"enemies":"Lagavulin","floor":7.0,"turns":7.0},{"damage":20.0,"enemies":"Exordium Thugs","floor":11.0,"turns":5.0},{"damage":4.0,"enemies":"Red Slaver","floor":14.0,"turns":3.0},{"damage":26.0,"enemies":"The Guardian","floor":16.0,"turns":11.0},{"damage":28.0,"enemies":"3 Byrds","floor":18.0,"turns":4.0},{"damage":28.0,"enemies":"Shell Parasite","floor":19.0,"turns":5.0},{"damage":24.0,"enemies":"Sentry and Sphere","floor":22.0,"turns":4.0},{"damage":0.0,"enemies":"Slavers","floor":24.0,"turns":1.0},{"damage":0.0,"enemies":"Centurion and Healer","floor":25.0,"turns":5.0},{"damage":8.0,"enemies":"Gremlin Leader","floor":27.0,"turns":7.0},{"damage":25.0,"enemies":"Snake Plant","floor":29.0,"turns":4.0},{"damage":40.0,"enemies":"Champ","floor":33.0,"turns":8.0},{"damage":22.0,"enemies":"3 Shapes","floor":35.0,"turns":5.0},{"damage":12.0,"enemies":"Orb Walker","floor":36.0,"turns":3.0},{"damage":41,"enemies":"Transient","floor":39,"turns":6},{"damage":21,"enemies":"3 Darklings","floor":41,"turns":2},{"damage":91,"enemies":"Time Eater","floor":50,"turns":10}],"seed_played":"4335864669170299063","potions_obtained":[{"floor":5.0,"key":"Energy Potion"},{"floor":11.0,"key":"Explosive Potion"},{"floor":14.0,"key":"SmokeBomb"},{"floor":16.0,"key":"FearPotion"},{"floor":20.0,"key":"Block Potion"},{"floor":25.0,"key":"Strength Potion"},{"floor":33.0,"key":"Weak Potion"},{"floor":41,"key":"SpeedPotion"}],"is_trial":false,"path_per_floor":["M","?","?","M","M","R","E","R","T","R","M","?","$","M","R","B",null,"M","M","?","$","M","R","E","M","T","E","R","M","$","?","R","B",null,"M","M","?","?","M","R","M","R","T","R","$","?","R","$","R","B"],"character_chosen":"IRONCLAD","items_purchased":["Pantograph","Metallicize","Flame Barrier"],"campfire_rested":2,"item_purchase_floors":[13,21,45],"current_hp_per_floor":[82,47,47,42,43,43,7,33,33,33,19,19,19,21,21,26,73,51,29,29,29,11,37,43,49,49,47,47,28,28,28,28,19,72,56,50,50,50,15,27,12,24,24,36,36,36,48,48,60,0],"gold":49,"neow_bonus":"TWENTY_PERCENT_HP_BONUS","is_prod":false,"is_daily":false,"chose_seed":false,"campfire_upgraded":10,"win_rate":0,"timestamp":1546609673,"path_taken":["M","?","?","M","M","R","E","R","T","R","M","?","$","M","R","BOSS","M","M","?","$","M","R","E","M","T","E","R","?","?","?","R","BOSS","M","M","?","?","M","R","M","R","T","R","?","?","R","$","R","BOSS"],"build_version":"2019-01-03v3","purchased_purges":2,"victory":false,"max_hp_per_floor":[89,89,89,89,89,89,89,89,89,89,89,89,89,89,89,89,89,89,89,89,89,89,89,89,89,89,89,89,89,89,89,89,89,89,89,89,89,89,89,89,89,89,89,89,89,89,89,89,89,89],"card_choices":[{"not_picked":["Cleave","Twin Strike"],"picked":"Clothesline","floor":1.0},{"not_picked":["Clothesline","Havoc"],"picked":"Armaments","floor":4.0},{"not_picked":["Havoc","Carnage"],"picked":"Sword Boomerang","floor":5.0},{"not_picked":["Power Through","Perfected Strike"],"picked":"Bludgeon","floor":7.0},{"not_picked":["Pommel Strike","Intimidate"],"picked":"Spot Weakness","floor":14.0},{"not_picked":["Exhume","Juggernaut"],"picked":"Immolate","floor":16.0},{"not_picked":["Body Slam","Headbutt"],"picked":"Double Tap","floor":22.0},{"not_picked":["Cleave","Anger"],"picked":"Rage+1","floor":25.0},{"not_picked":["Power Through","Clothesline"],"picked":"True Grit","floor":35.0},{"not_picked":["Carnage","Fire Breathing"],"picked":"Disarm","floor":36.0},{"not_picked":["Clothesline","Corruption"],"picked":"Pummel","floor":39}],"player_experience":1309594,"relics_obtained":[{"floor":7.0,"key":"Charon\u0027s Ashes"},{"floor":9.0,"key":"Ornamental Fan"},{"floor":26.0,"key":"Pen Nib"},{"floor":27.0,"key":"Centennial Puzzle"},{"floor":43,"key":"FossilizedHelix"}],"event_choices":[{"damage_healed":0.0,"max_hp_gain":0.0,"max_hp_loss":0.0,"gold_gain":0.0,"event_name":"Scrap Ooze","player_choice":"Success","floor":2.0,"gold_loss":0.0,"damage_taken":35.0,"relics_obtained":["MawBank"]},{"damage_healed":0.0,"max_hp_gain":0.0,"max_hp_loss":0.0,"gold_gain":0.0,"event_name":"Liars Game","player_choice":"Ignored","floor":3.0,"gold_loss":0.0,"damage_taken":0.0},{"damage_healed":0.0,"max_hp_gain":0.0,"max_hp_loss":0.0,"gold_gain":0.0,"cards_transformed":["Strike_R"],"event_name":"Living Wall","player_choice":"Change","floor":12.0,"gold_loss":0.0,"damage_taken":0.0,"cards_obtained":["Juggernaut"]},{"damage_healed":0.0,"max_hp_gain":0.0,"max_hp_loss":0.0,"gold_gain":0.0,"event_name":"Lab","player_choice":"Got Potions","floor":20.0,"gold_loss":0.0,"damage_taken":0.0},{"damage_healed":0.0,"max_hp_gain":0.0,"max_hp_loss":0.0,"gold_gain":0.0,"event_name":"Forgotten Altar","player_choice":"Smashed Altar","floor":31.0,"gold_loss":0.0,"damage_taken":0.0,"cards_obtained":["Decay"]},{"damage_healed":0.0,"max_hp_gain":0.0,"max_hp_loss":0.0,"gold_gain":0.0,"event_name":"Tomb of Lord Red Mask","player_choice":"Ignored","floor":37.0,"gold_loss":0.0,"damage_taken":0.0},{"damage_healed":0,"gold_gain":0,"player_choice":"Ignored","damage_taken":0,"max_hp_gain":0,"max_hp_loss":0,"event_name":"Mysterious Sphere","floor":38,"gold_loss":0},{"damage_healed":0,"gold_gain":0,"player_choice":"Memory 1","damage_taken":0,"max_hp_gain":0,"max_hp_loss":0,"event_name":"SensoryStone","floor":46,"gold_loss":0}],"is_beta":false,"boss_relics":[{"not_picked":["Runic Cube","Black Blood"],"picked":"Velvet Choker"},{"not_picked":["Runic Dome","Mark of Pain"],"picked":"Eternal Feather"}],"items_purged_floors":[30,45],"is_endless":false,"potions_floor_spawned":[5,11,14,16,22,25,33,41],"killed_by":"Time Eater","ascension_level":20}