{"gold_per_floor":[111,111,129,148,160,186,186,216,516,531,531,546,511,541,541,640,640,651,663,54,104,29,29,61,75,75,87],"floor_reached":27,"playtime":1713,"items_purged":[],"score":303,"play_id":"6ccdd22c-e0bc-40a9-845b-f48694ba8220","local_time":"20181120152833","is_ascension_mode":true,"campfire_choices":[{"data":"Catalyst","floor":7,"key":"SMITH"},{"floor":11,"key":"REST"},{"floor":15,"key":"REST"},{"data":"After Image","floor":23,"key":"SMITH"}],"neow_cost":"NONE","seed_source_timestamp":521237241427262,"circlet_count":0,"master_deck":["Defend_G","Defend_G","Defend_G","Defend_G","Defend_G","Strike_G","Strike_G","Strike_G","Strike_G","Strike_G","Survivor","Neutralize","Deadly Poison","Infinite Blades","Catalyst+1","Quick Slash","Catalyst","Deadly Poison","Dash","Infinite Blades","Concentrate","Choke","Malaise","Acrobatics","Deadly Poison+1","Footwork","Backstab","After Image+1","Backflip","Deadly Poison"],"relics":["Ring of the Snake","FaceOfCleric","Happy Flower","Mummified Hand","Old Coin","StoneCalendar","Velvet Choker","Snake Skull","Centennial Puzzle","Membership Card","Boot","MawBank"],"potions_floor_usage":[6,8,12],"damage_taken":[{"damage":0,"enemies":"2 Louse","floor":1,"turns":3},{"damage":0,"enemies":"Cultist","floor":3,"turns":4},{"damage":1,"enemies":"Jaw Worm","floor":4,"turns":5},{"damage":8,"enemies":"Blue Slaver","floor":5,"turns":4},{"damage":11,"enemies":"Lagavulin","floor":6,"turns":7},{"damage":34,"enemies":"Gremlin Nob","floor":8,"turns":4},{"damage":5,"enemies":"Exordium Thugs","floor":10,"turns":5},{"damage":0,"enemies":"Large Slime","floor":12,"turns":3},{"damage":13,"enemies":"Lagavulin","floor":14,"turns":4},{"damage":35,"enemies":"Hexaghost","floor":16,"turns":6},{"damage":18,"enemies":"2 Thieves","floor":18,"turns":4},{"damage":0,"enemies":"Chosen","floor":19,"turns":7},{"damage":41,"enemies":"Slavers","floor":24,"turns":6},{"damage":8,"enemies":"3 Cultists","floor":25,"turns":6},{"damage":20,"enemies":"Gremlin Leader","floor":27,"turns":2}],"seed_played":"1768754813001520459","potions_obtained":[{"floor":1,"key":"LiquidBronze"},{"floor":4,"key":"Dexterity Potion"},{"floor":5,"key":"Swift Potion"},{"floor":6,"key":"SkillPotion"},{"floor":18,"key":"GamblersBrew"},{"floor":24,"key":"SteroidPotion"}],"is_trial":false,"path_per_floor":["M","?","M","M","M","E","R","E","T","M","R","M","?","E","R","B",null,"M","M","$","?","$","R","E","M","T","E"],"character_chosen":"THE_SILENT","items_purchased":["Snake Skull","Footwork","Backstab","Centennial Puzzle","Membership Card","After Image"],"campfire_rested":2,"item_purchase_floors":[20,20,20,20,20,22],"current_hp_per_floor":[70,70,71,71,64,54,54,21,21,17,39,40,59,47,70,36,79,62,63,63,63,63,63,23,16,16,0],"gold":87,"neow_bonus":"THREE_CARDS","is_prod":false,"is_daily":false,"chose_seed":false,"campfire_upgraded":2,"win_rate":0,"timestamp":1542745713,"path_taken":["M","?","M","M","?","E","R","E","T","M","R","M","?","E","R","BOSS","M","M","$","?","?","R","E","M","T","E"],"build_version":"2018-11-15","purchased_purges":0,"victory":false,"max_hp_per_floor":[70,70,71,72,73,74,74,75,75,76,76,77,77,78,78,79,79,80,81,81,81,81,81,82,83,83,83],"card_choices":[{"not_picked":["Outmaneuver","Flying Knee"],"picked":"Deadly Poison","floor":0},{"not_picked":["Quick Slash","Masterful Stab"],"picked":"Infinite Blades","floor":1},{"not_picked":["Deadly Poison","Well Laid Plans"],"picked":"Catalyst","floor":3},{"not_picked":["Dagger Spray","Poisoned Stab"],"picked":"Quick Slash","floor":4},{"not_picked":["Skewer","Calculated Gamble"],"picked":"Catalyst","floor":5},{"not_picked":["Blade Dance","Dagger Spray"],"picked":"Deadly Poison","floor":6},{"not_picked":["Riddle With Holes","Sucker Punch"],"picked":"Dash","floor":8},{"not_picked":["Masterful Stab","Deflect"],"picked":"Infinite Blades","floor":10},{"not_picked":["Dodge and Roll","Flying Knee"],"picked":"Concentrate","floor":12},{"not_picked":["Tactician","All Out Attack"],"picked":"Choke","floor":14},{"not_picked":["Bullet Time","Phantasmal Killer"],"picked":"Malaise","floor":16},{"not_picked":["Slice","Endless Agony"],"picked":"Acrobatics","floor":18},{"not_picked":["Poisoned Stab","Blade Dance"],"picked":"Deadly Poison+1","floor":19},{"not_picked":["Sucker Punch","Infinite Blades"],"picked":"Backflip","floor":24},{"not_picked":["Dagger Spray","PiercingWail"],"picked":"Deadly Poison","floor":25}],"player_experience":116823,"relics_obtained":[{"floor":6,"key":"Happy Flower"},{"floor":8,"key":"Mummified Hand"},{"floor":9,"key":"Old Coin"},{"floor":14,"key":"StoneCalendar"},{"floor":24,"key":"Boot"},{"floor":26,"key":"MawBank"}],"event_choices":[{"damage_healed":0,"gold_gain":0,"player_choice":"Trade","damage_taken":0,"relics_obtained":["FaceOfCleric"],"max_hp_gain":0,"max_hp_loss":0,"event_name":"FaceTrader","floor":2,"gold_loss":0},{"damage_healed":19,"gold_gain":0,"player_choice":"Healed","damage_taken":0,"max_hp_gain":0,"max_hp_loss":0,"event_name":"The Cleric","floor":13,"gold_loss":35},{"damage_healed":0,"gold_gain":100,"player_choice":"Bet on Murderer","damage_taken":0,"max_hp_gain":0,"max_hp_loss":0,"event_name":"The Joust","floor":21,"gold_loss":50}],"is_beta":false,"boss_relics":[{"not_picked":["Snecko Eye","Tiny House"],"picked":"Velvet Choker"}],"items_purged_floors":[],"is_endless":false,"potions_floor_spawned":[1,4,5,6,18,24],"killed_by":"Gremlin Leader","ascension_level":2}