{"gold_per_floor":[113,113,130,143,162,162,162,162,162,162,193,18,30,4,4,82,82,94,104,104],"floor_reached":20,"playtime":1302,"items_purged":[],"score":287,"play_id":"b347b430-75e1-454b-86a1-0426727dbbac","local_time":"20190519025654","is_ascension_mode":true,"campfire_choices":[{"data":"Dualcast","floor":6,"key":"SMITH"},{"data":"Zap","floor":8,"key":"SMITH"},{"data":"Hologram","floor":10,"key":"SMITH"},{"floor":15,"key":"REST"}],"neow_cost":"NONE","seed_source_timestamp":215806067170712,"circlet_count":0,"master_deck":["AscendersBane","Strike_B","Strike_B","Strike_B","Strike_B","Defend_B","Defend_B","Defend_B","Defend_B","Zap+1","Dualcast+1","Hologram+1","Redo","Compile Driver","Skim","Gash","Gash","Self Repair","Capacitor","Cold Snap","Electrodynamics","Beam Cell+1"],"relics":["Cracked Core","Potion Belt","Omamori","Sundial","Fusion Hammer"],"potions_floor_usage":[5,16,16],"damage_taken":[{"damage":2,"enemies":"Jaw Worm","floor":1,"turns":3},{"damage":0,"enemies":"Cultist","floor":3,"turns":3},{"damage":0,"enemies":"2 Louse","floor":4,"turns":1},{"damage":13,"enemies":"Exordium Thugs","floor":5,"turns":4},{"damage":35,"enemies":"3 Sentries","floor":11,"turns":9},{"damage":7,"enemies":"Looter","floor":13,"turns":3},{"damage":39,"enemies":"Hexaghost","floor":16,"turns":9},{"damage":26,"enemies":"2 Thieves","floor":18,"turns":4},{"damage":38,"enemies":"3 Byrds","floor":19,"turns":5},{"damage":28,"enemies":"Colosseum Slavers","floor":20,"turns":3}],"seed_played":"5289136383045706356","potions_obtained":[{"floor":4,"key":"Energy Potion"},{"floor":5,"key":"Swift Potion"},{"floor":16,"key":"FocusPotion"}],"is_trial":false,"path_per_floor":["?","M","?","$","?"],"character_chosen":"DEFECT","items_purchased":["Gash","Self Repair","Strength Potion","Cold Snap"],"campfire_rested":1,"item_purchase_floors":[12,12,12,14],"current_hp_per_floor":[66,66,66,66,53,53,85,85,85,85,50,50,50,50,75,43,75,56,25,0],"gold":104,"neow_bonus":"RANDOM_COMMON_RELIC","is_prod":false,"is_daily":false,"chose_seed":false,"campfire_upgraded":3,"win_rate":0,"timestamp":1558249014,"path_taken":["M","?","?","M","M","R","?","R","T","R","E","$","M","?","R","BOSS","M","M","?"],"build_version":"2019-01-23","purchased_purges":0,"victory":false,"max_hp_per_floor":[75,75,75,75,75,75,85,85,85,85,85,85,85,85,85,85,85,85,85,85],"card_choices":[{"not_picked":["Hello World","Steam Power"],"picked":"Hologram","floor":1},{"not_picked":["Blizzard","Rebound"],"picked":"Redo","floor":3},{"not_picked":["Stack","Blizzard"],"picked":"Compile Driver","floor":4},{"not_picked":["Leap","Redo"],"picked":"Skim","floor":5},{"not_picked":["Steam Power","Meteor Strike"],"picked":"Gash","floor":11},{"not_picked":["Cold Snap","Rebound"],"picked":"Capacitor","floor":13},{"not_picked":["Reboot","Seek"],"picked":"Electrodynamics","floor":16},{"not_picked":["Steam Power+1","Fusion"],"picked":"Beam Cell+1","floor":18},{"not_picked":["Stack","Lockon","Redo"],"picked":"SKIP","floor":19}],"player_experience":564150,"relics_obtained":[{"floor":9,"key":"Omamori"},{"floor":11,"key":"Sundial"}],"event_choices":[{"damage_healed":0,"gold_gain":0,"player_choice":"1 cards matched","damage_taken":0,"max_hp_gain":0,"max_hp_loss":0,"event_name":"Match and Keep!","floor":2,"gold_loss":0,"cards_obtained":["Reboot"]},{"cards_removed":["Reboot"],"damage_healed":22,"gold_gain":0,"player_choice":"Offered Rare","damage_taken":0,"max_hp_gain":10,"max_hp_loss":0,"event_name":"Bonfire Elementals","floor":7,"gold_loss":0},{"damage_healed":0,"gold_gain":0,"player_choice":"Fight","damage_taken":0,"max_hp_gain":0,"max_hp_loss":0,"event_name":"Colosseum","floor":20,"gold_loss":0}],"is_beta":false,"boss_relics":[{"not_picked":["Runic Pyramid","Busted Crown"],"picked":"Fusion Hammer"}],"items_purged_floors":[],"is_endless":false,"potions_floor_spawned":[4,5,16],"killed_by":"Colosseum Slavers","ascension_level":13}