{"gold_per_floor":[117,129,96,96,96,129,129,129,152,152,152,152,165,181,181,304,304,304,214,214,214,214,214,214,214,214,214,214,214,214,139,139,139],"floor_reached":33,"playtime":3440,"items_purged":["Defend_R"],"score":247,"play_id":"bc40306c-7962-4fb5-a19c-1976e1ef70ea","local_time":"20190216003909","is_ascension_mode":false,"campfire_choices":[{"floor":7,"key":"REST"},{"floor":10,"key":"REST"},{"floor":12,"key":"REST"},{"data":"Demon Form","floor":15,"key":"SMITH"},{"data":"Anger","floor":23,"key":"SMITH"},{"floor":25,"key":"REST"},{"data":"Impervious","floor":28,"key":"SMITH"},{"floor":32,"key":"REST"}],"neow_cost":"PERCENT_DAMAGE","seed_source_timestamp":137872163563504,"circlet_count":0,"master_deck":["Strike_R","Strike_R","Strike_R","Strike_R","Strike_R","Defend_R","Defend_R","Defend_R+1","Bash","Armaments","Battle Trance","Armaments","Fire Breathing","Headbutt","Demon Form+1","Rage","Impervious+1","Seeing Red","Twin Strike+1","Rage","Anger+1","Anger","Infernal Blade","Flame Barrier"],"relics":["Burning Blood","StoneCalendar","Golden Idol","Unceasing Top","Dream Catcher","Torii","Ectoplasm","Self Forming Clay"],"potions_floor_usage":[11,30,30,33],"damage_taken":[{"damage":1,"enemies":"Cultist","floor":1,"turns":4},{"damage":2,"enemies":"Small Slimes","floor":2,"turns":4},{"damage":52,"enemies":"Gremlin Nob","floor":6,"turns":5},{"damage":9,"enemies":"3 Sentries","floor":11,"turns":2},{"damage":6,"enemies":"2 Louse","floor":13,"turns":4},{"damage":4,"enemies":"Lots of Slimes","floor":14,"turns":4},{"damage":50,"enemies":"Hexaghost","floor":16,"turns":9},{"damage":16,"enemies":"Shell Parasite","floor":18,"turns":6},{"damage":0,"enemies":"Chosen","floor":20,"turns":6},{"damage":9,"enemies":"Snake Plant","floor":21,"turns":5},{"damage":9,"enemies":"3 Cultists","floor":22,"turns":7},{"damage":17,"enemies":"Centurion and Healer","floor":24,"turns":6},{"damage":20,"enemies":"Chosen and Byrds","floor":27,"turns":7},{"damage":23,"enemies":"Snake Plant","floor":30,"turns":4},{"damage":77,"enemies":"Champ","floor":33,"turns":9}],"seed_played":"8384314101617041280","potions_obtained":[{"floor":2,"key":"LiquidBronze"},{"floor":6,"key":"SmokeBomb"},{"floor":14,"key":"Ancient Potion"},{"floor":20,"key":"FearPotion"},{"floor":29,"key":"AttackPotion"}],"is_trial":false,"path_per_floor":["M","M","?","$","?","E","R","?","T","R","?","R","M","M","R","B",null,"M","?","M","M","M","R","M","R","T","M","R","?","M","$","R","B"],"character_chosen":"IRONCLAD","items_purchased":[],"campfire_rested":5,"item_purchase_floors":[],"current_hp_per_floor":[61,65,65,65,65,19,43,43,43,67,64,80,80,80,80,36,80,70,70,76,73,70,70,59,80,80,66,66,66,49,49,73,0],"gold":139,"neow_bonus":"ONE_RARE_RELIC","is_prod":false,"is_daily":false,"chose_seed":false,"campfire_upgraded":3,"win_rate":0.0,"timestamp":1550306349,"path_taken":["M","M","?","$","?","E","R","?","T","R","?","R","M","M","R","BOSS","M","?","?","M","M","R","M","R","T","M","R","?","M","?","R","BOSS"],"build_version":"2019-01-23","purchased_purges":1,"victory":false,"max_hp_per_floor":[80,80,80,80,80,80,80,80,80,80,80,80,80,80,80,80,80,80,80,80,80,80,80,80,80,80,80,80,80,80,80,80,80],"card_choices":[{"not_picked":["Body Slam","Feel No Pain"],"picked":"Armaments","floor":1},{"not_picked":["Disarm","Pummel"],"picked":"Battle Trance","floor":2},{"not_picked":["Sword Boomerang","Clash"],"picked":"Armaments","floor":6},{"not_picked":["True Grit","Clash"],"picked":"Fire Breathing","floor":10},{"not_picked":["Entrench","Flame Barrier"],"picked":"Headbutt","floor":12},{"not_picked":["Clothesline","Pummel"],"picked":"Demon Form","floor":13},{"not_picked":["Inflame","Clothesline"],"picked":"Rage","floor":14},{"not_picked":["Dark Embrace","Offering"],"picked":"Impervious","floor":16},{"not_picked":["Armaments","Battle Trance"],"picked":"Seeing Red","floor":18},{"not_picked":["Second Wind","Thunderclap"],"picked":"Twin Strike+1","floor":20},{"not_picked":["Clash","Body Slam"],"picked":"Rage","floor":21},{"not_picked":["Hemokinesis+1","Clothesline"],"picked":"Anger","floor":22},{"not_picked":["Rampage","Headbutt"],"picked":"Anger","floor":24},{"not_picked":["Shrug It Off","Feel No Pain"],"picked":"Infernal Blade","floor":27},{"not_picked":["Combust+1","Body Slam","Burning Pact+1"],"picked":"SKIP","floor":30},{"not_picked":["Sword Boomerang","Clash"],"picked":"Flame Barrier","floor":32}],"player_experience":3532,"relics_obtained":[{"floor":6,"key":"Unceasing Top"},{"floor":9,"key":"Dream Catcher"},{"floor":26,"key":"Self Forming Clay"}],"event_choices":[{"damage_healed":0,"gold_gain":0,"player_choice":"Left Gold","damage_taken":0,"max_hp_gain":0,"max_hp_loss":0,"event_name":"World of Goop","floor":3,"gold_loss":33},{"damage_healed":0,"gold_gain":0,"player_choice":"Take Wound","damage_taken":0,"relics_obtained":["Golden Idol"],"max_hp_gain":0,"max_hp_loss":0,"event_name":"Golden Idol","floor":5,"gold_loss":0,"cards_obtained":["Injury"]},{"damage_healed":0,"gold_gain":0,"player_choice":"Ignored","damage_taken":0,"max_hp_gain":0,"max_hp_loss":0,"event_name":"Liars Game","floor":8,"gold_loss":0},{"damage_healed":0,"gold_gain":0,"player_choice":"Searched \u00273\u0027 times","damage_taken":0,"relics_obtained":["Torii"],"max_hp_gain":0,"max_hp_loss":0,"event_name":"Dead Adventurer","floor":11,"gold_loss":0},{"cards_removed":["Injury"],"damage_healed":0,"gold_gain":0,"player_choice":"Upgrade and Remove","damage_taken":0,"max_hp_gain":0,"max_hp_loss":0,"event_name":"Designer","floor":19,"gold_loss":90,"cards_upgraded":["Defend_R"]},{"damage_healed":0,"gold_gain":0,"player_choice":"Got Potions","damage_taken":0,"max_hp_gain":0,"max_hp_loss":0,"event_name":"Lab","floor":29,"gold_loss":0}],"is_beta":false,"boss_relics":[{"not_picked":["Lizard Tail","Coffee Dripper"],"picked":"Ectoplasm"}],"items_purged_floors":[31],"is_endless":false,"potions_floor_spawned":[2,6,11,14,20,27],"killed_by":"Champ","ascension_level":0}