{"gold_per_floor":[10,10,10,10,26,26,59,69,69,100,100,114,114,129,129,206,206,222,222,233,82,93,93,108,108,159,159,171,171,184,184,184,257,257,277,293,5,5,5,5,32,32,32,32,32,32,49,62,62,62],"floor_reached":51,"playtime":1221,"items_purged":["Strike_B"],"score":1189,"play_id":"a97f6041-46cf-4664-a7df-b446627a9523","local_time":"20190522020541","is_ascension_mode":true,"campfire_choices":[{"data":"Dualcast","floor":6.0,"key":"SMITH"},{"data":"Echo Form","floor":11.0,"key":"SMITH"},{"data":"Steam","floor":15.0,"key":"SMITH"},{"data":"Coolheaded","floor":23.0,"key":"SMITH"},{"data":"Hologram","floor":25.0,"key":"SMITH"},{"floor":32.0,"key":"REST"},{"data":"Consume","floor":40.0,"key":"SMITH"},{"floor":44,"key":"REST"},{"floor":46,"key":"REST"},{"data":"Hologram","floor":49,"key":"SMITH"}],"neow_cost":"NO_GOLD","seed_source_timestamp":124910213840440,"circlet_count":0,"master_deck":["AscendersBane","Strike_B+1","Strike_B","Defend_B","Defend_B","Defend_B","Zap+1","Dualcast+1","Echo Form+1","Gash+1","Gash","FTL","Leap","Gash","Steam+1","Leap","All For One","Cold Snap","Coolheaded+1","Steam","Gash","Hologram+1","Coolheaded","All For One","Injury","Chill+1","Consume+1","Go for the Eyes+1","Hologram+1"],"special_seed":0,"relics":["Cracked Core","Pear","Whetstone","Mercury Hourglass","Vajra","White Beast Statue","Omamori","Calling Bell","Pen Nib","Letter Opener","Turnip","Runic Capacitor","Meat on the Bone","Bottled Lightning","Art of War"],"potions_floor_usage":[41,47,50,50],"damage_taken":[{"damage":0.0,"enemies":"2 Louse","floor":1.0,"turns":3.0},{"damage":5.0,"enemies":"Small Slimes","floor":5.0,"turns":3.0},{"damage":15.0,"enemies":"Lagavulin","floor":7.0,"turns":7.0},{"damage":7.0,"enemies":"Jaw Worm","floor":8.0,"turns":3.0},{"damage":21.0,"enemies":"Gremlin Nob","floor":10.0,"turns":4.0},{"damage":0.0,"enemies":"3 Louse","floor":12.0,"turns":2.0},{"damage":0.0,"enemies":"Large Slime","floor":14.0,"turns":5.0},{"damage":12.0,"enemies":"Slime Boss","floor":16.0,"turns":7.0},{"damage":14.0,"enemies":"Chosen","floor":18.0,"turns":4.0},{"damage":0.0,"enemies":"Spheric Guardian","floor":20.0,"turns":3.0},{"damage":10.0,"enemies":"Snake Plant","floor":22.0,"turns":3.0},{"damage":4.0,"enemies":"Centurion and Healer","floor":24.0,"turns":4.0},{"damage":0.0,"enemies":"Slavers","floor":27.0,"turns":1.0},{"damage":1.0,"enemies":"Sentry and Sphere","floor":28.0,"turns":3.0},{"damage":16.0,"enemies":"Snecko","floor":30.0,"turns":4.0},{"damage":38.0,"enemies":"Champ","floor":33.0,"turns":7.0},{"damage":15.0,"enemies":"3 Darklings","floor":35.0,"turns":4.0},{"damage":11.0,"enemies":"Orb Walker","floor":36.0,"turns":2.0},{"damage":40,"enemies":"Giant Head","floor":41,"turns":8},{"damage":0,"enemies":"Jaw Worm Horde","floor":47,"turns":4},{"damage":2,"enemies":"Sphere and 2 Shapes","floor":48,"turns":6},{"damage":47,"enemies":"Donu and Deca","floor":50,"turns":9}],"seed_played":"2357572286818170446","potions_obtained":[{"floor":1.0,"key":"Regen Potion"},{"floor":8.0,"key":"Poison Potion"},{"floor":12.0,"key":"Strength Potion"},{"floor":14.0,"key":"Energy Potion"},{"floor":18.0,"key":"SmokeBomb"},{"floor":28.0,"key":"Explosive Potion"},{"floor":30.0,"key":"Poison Potion"},{"floor":33.0,"key":"Block Potion"},{"floor":35.0,"key":"Regen Potion"},{"floor":36.0,"key":"FearPotion"},{"floor":41,"key":"SpeedPotion"},{"floor":47,"key":"SkillPotion"}],"is_trial":false,"path_per_floor":["M","?","?","?","M","R","E","M","T","E","R","M","?","M","R","B",null,"M","?","M","$","M","R","M","R","T","E","M","?","M","?","R","B",null,"M","M","$","?","T","R","E","$","T","R","?","R","M","M","R","B",null],"character_chosen":"DEFECT","items_purchased":["Steam","Gash","Consume","Runic Capacitor"],"campfire_rested":3,"item_purchase_floors":[21,21,37,37],"current_hp_per_floor":[64,64,74,67,62,62,62,55,55,34,34,34,34,34,34,22,66,52,52,52,52,42,42,38,38,38,38,37,37,21,21,45,7,63,48,42,42,42,42,42,14,14,14,38,38,62,62,60,60,25],"gold":62,"neow_bonus":"THREE_RARE_CARDS","is_prod":false,"is_daily":false,"chose_seed":false,"campfire_upgraded":7,"win_rate":0,"timestamp":1558483541,"path_taken":["M","?","?","?","?","R","E","M","T","E","R","M","?","M","R","BOSS","M","?","M","$","M","R","?","R","T","E","M","?","M","?","R","BOSS","M","?","$","?","?","R","E","?","T","R","?","R","M","M","R","BOSS"],"build_version":"2019-01-23","purchased_purges":1,"victory":true,"max_hp_per_floor":[71,71,81,81,81,81,81,81,81,81,81,81,81,81,81,81,81,81,81,81,81,81,81,81,81,81,81,81,81,81,81,81,81,81,81,81,81,81,81,81,81,81,81,81,81,81,81,81,81,81],"card_choices":[{"not_picked":["Machine Learning","Creative AI"],"picked":"Echo Form","floor":0.0},{"not_picked":["Hello World","Streamline"],"picked":"Gash","floor":1.0},{"not_picked":["Go for the Eyes","Beam Cell"],"picked":"Gash","floor":5.0},{"not_picked":["Reboot","Storm"],"picked":"FTL","floor":7.0},{"not_picked":["Lockon","Undo"],"picked":"Leap","floor":8.0},{"not_picked":["Coolheaded","Blizzard"],"picked":"Gash","floor":10.0},{"not_picked":["Tempest","Stack"],"picked":"Steam","floor":12.0},{"not_picked":["Heatsinks","Redo"],"picked":"Leap","floor":14.0},{"not_picked":["Amplify","Electrodynamics"],"picked":"All For One","floor":16.0},{"not_picked":["Static Discharge","Heatsinks","Sweeping Beam"],"picked":"SKIP","floor":18.0},{"not_picked":["Turbo","Recycle"],"picked":"Coolheaded","floor":20.0},{"not_picked":["Beam Cell","BootSequence","Barrage"],"picked":"SKIP","floor":22.0},{"not_picked":["Core Surge","Leap"],"picked":"Hologram","floor":24.0},{"not_picked":["Steam","Rebound"],"picked":"Coolheaded","floor":28.0},{"not_picked":["FTL","Glacier","Sweeping Beam"],"picked":"SKIP","floor":30.0},{"not_picked":["Stack","Turbo+1"],"picked":"Defragment","floor":35.0},{"not_picked":["Reprogram+1","Redo"],"picked":"Chill+1","floor":36.0},{"not_picked":["Fusion","Sunder"],"picked":"Go for the Eyes+1","floor":41},{"not_picked":["Consume","Hologram","Creative AI"],"picked":"SKIP","floor":47},{"not_picked":["Consume","Creative AI"],"picked":"Hologram","floor":47},{"not_picked":["Streamline","Beam Cell+1","Fusion"],"picked":"SKIP","floor":48}],"player_experience":229614,"relics_obtained":[{"floor":7.0,"key":"Whetstone"},{"floor":9.0,"key":"Mercury Hourglass"},{"floor":10.0,"key":"Vajra"},{"floor":26.0,"key":"Omamori"},{"floor":34.0,"key":"Pen Nib"},{"floor":34.0,"key":"Letter Opener"},{"floor":34.0,"key":"Turnip"},{"floor":39.0,"key":"Meat on the Bone"},{"floor":41,"key":"Bottled Lightning"},{"floor":43,"key":"Art of War"}],"event_choices":[{"damage_healed":0.0,"max_hp_gain":0.0,"max_hp_loss":0.0,"gold_gain":0.0,"event_name":"Living Wall","player_choice":"Grow","floor":2.0,"gold_loss":0.0,"damage_taken":0.0,"cards_upgraded":["Zap"]},{"damage_healed":0.0,"max_hp_gain":0.0,"max_hp_loss":0.0,"gold_gain":0.0,"event_name":"Big Fish","player_choice":"Box","floor":3.0,"gold_loss":0.0,"damage_taken":0.0,"relics_obtained":["Pear"],"cards_obtained":["Regret"]},{"cards_removed":["Regret"],"damage_healed":0.0,"max_hp_gain":0.0,"max_hp_loss":0.0,"gold_gain":0.0,"event_name":"Golden Wing","player_choice":"Card Removal","floor":4.0,"gold_loss":0.0,"damage_taken":7.0},{"damage_healed":0.0,"max_hp_gain":0.0,"max_hp_loss":0.0,"gold_gain":0.0,"event_name":"Liars Game","player_choice":"Ignored","floor":13.0,"gold_loss":0.0,"damage_taken":0.0},{"damage_healed":0.0,"max_hp_gain":0.0,"max_hp_loss":0.0,"gold_gain":0.0,"cards_transformed":["Defend_B"],"event_name":"Transmorgrifier","player_choice":"Transformed","floor":19.0,"gold_loss":0.0,"damage_taken":0.0,"cards_obtained":["Cold Snap"]},{"damage_healed":0.0,"max_hp_gain":0.0,"max_hp_loss":0.0,"gold_gain":0.0,"event_name":"Ghosts","player_choice":"Ignored","floor":29.0,"gold_loss":0.0,"damage_taken":0.0},{"damage_healed":0.0,"max_hp_gain":0.0,"max_hp_loss":0.0,"gold_gain":0.0,"event_name":"Duplicator","player_choice":"Copied","floor":31.0,"gold_loss":0.0,"damage_taken":0.0,"cards_obtained":["All For One"]},{"cards_removed":["Defragment"],"damage_healed":0.0,"max_hp_gain":0.0,"max_hp_loss":0.0,"gold_gain":0.0,"event_name":"Falling","player_choice":"Removed Power","floor":38.0,"gold_loss":0.0,"damage_taken":0.0},{"cards_removed":["Strike_B"],"damage_healed":0,"gold_gain":0,"player_choice":"Offered Basic","damage_taken":0,"max_hp_gain":0,"max_hp_loss":0,"event_name":"Bonfire Elementals","floor":45,"gold_loss":0}],"is_beta":false,"boss_relics":[{"not_picked":["Coffee Dripper","Velvet Choker"],"picked":"White Beast Statue"},{"not_picked":["Runic Pyramid","Tiny House"],"picked":"Calling Bell"}],"items_purged_floors":[21],"is_endless":false,"potions_floor_spawned":[1,8,12,14,18,20,22,24,27,28,30,33,35,36,41,47,48],"ascension_level":14}