{"gold_per_floor":[113,113,132,146,146,146,161,161,191,18,32,62,62,80,80,156,156,132,151,76,76,95,95,95,95,119,137,137],"floor_reached":28,"playtime":1775,"items_purged":["Strike_B"],"score":418,"play_id":"02783b26-dc4e-44c3-9cc8-b27c981e72a2","local_time":"20181011153306","is_ascension_mode":true,"campfire_choices":[{"data":"Zap","floor":6,"key":"SMITH"},{"data":"Barrage","floor":8,"key":"SMITH"},{"floor":13,"key":"REST"},{"floor":15,"key":"REST"},{"data":"Fission","floor":23,"key":"SMITH"},{"floor":25,"key":"REST"}],"neow_cost":"","seed_source_timestamp":2446033169221550,"circlet_count":0,"master_deck":["Strike_B","Strike_B","Defend_B","Defend_B","Defend_B","Defend_B","Zap+1","Dualcast","AscendersBane","Barrage+1","Genetic Algorithm","Barrage","Tempest","Cold Snap","Fission+1","Conserve Battery","Seek","Conserve Battery","Cold Snap","Stack","BootSequence+1"],"relics":["Cracked Core","Tiny Chest","Bronze Scales","Bottled Flame","Sozu","Nilry\u0027s Codex","Oddly Smooth Stone"],"potions_floor_usage":[11,12,16,28],"damage_taken":[{"damage":6,"enemies":"2 Louse","floor":1,"turns":3},{"damage":0,"enemies":"Cultist","floor":3,"turns":3},{"damage":7,"enemies":"Jaw Worm","floor":4,"turns":3},{"damage":11,"enemies":"Blue Slaver","floor":7,"turns":4},{"damage":12,"enemies":"3 Louse","floor":11,"turns":4},{"damage":20,"enemies":"Lagavulin","floor":12,"turns":6},{"damage":13,"enemies":"Exordium Thugs","floor":14,"turns":4},{"damage":28,"enemies":"The Guardian","floor":16,"turns":12},{"damage":6,"enemies":"2 Thieves","floor":18,"turns":4},{"damage":12,"enemies":"Spheric Guardian","floor":19,"turns":4},{"damage":5,"enemies":"Shelled Parasite and Fungi","floor":22,"turns":7},{"damage":1,"enemies":"Centurion and Healer","floor":27,"turns":12},{"damage":41,"enemies":"Cultist and Chosen","floor":28,"turns":5}],"seed_played":"3976615888636174059","potions_obtained":[{"floor":1,"key":"Block Potion"},{"floor":2,"key":"SneckoOil"},{"floor":2,"key":"SpeedPotion"},{"floor":4,"key":"Weak Potion"},{"floor":12,"key":"GamblersBrew"},{"floor":16,"key":"Block Potion"}],"is_trial":false,"path_per_floor":["M","?","M","M","$","R","M","R","T","$","M","E","R","M","R","B",null,"M","M","$","?","M","R","?","R","T","M"],"character_chosen":"DEFECT","items_purchased":["Bronze Scales"],"campfire_rested":3,"item_purchase_floors":[10],"current_hp_per_floor":[58,58,58,51,51,51,40,40,40,40,28,8,29,16,37,9,56,50,38,38,17,12,12,12,33,33,32,0],"gold":137,"neow_bonus":"","is_prod":false,"is_daily":false,"chose_seed":false,"campfire_upgraded":3,"win_rate":0,"timestamp":1539264786,"path_taken":["M","?","M","?","?","R","?","R","T","$","?","E","R","?","R","BOSS","M","M","$","?","M","R","?","R","T","M","M"],"build_version":"2018-10-04v2","purchased_purges":1,"victory":false,"max_hp_per_floor":[71,71,71,71,71,71,71,71,71,71,71,71,71,71,71,71,71,71,71,71,71,71,71,71,71,71,71,71],"card_choices":[{"not_picked":["Double Energy","Steam Power"],"picked":"Barrage","floor":1},{"not_picked":["Ball Lightning","Sweeping Beam"],"picked":"Genetic Algorithm","floor":3},{"not_picked":["Stack","Rebound"],"picked":"Barrage","floor":4},{"not_picked":["Hello World","Consume"],"picked":"Tempest","floor":7},{"not_picked":["Chaos","Force Field"],"picked":"Cold Snap","floor":11},{"not_picked":["Cold Snap","Fusion"],"picked":"Fission","floor":12},{"not_picked":["Sweeping Beam","Doom and Gloom"],"picked":"Conserve Battery","floor":14},{"not_picked":["Biased Cognition","Reboot"],"picked":"Seek","floor":16},{"not_picked":["Gash+1","Streamline+1"],"picked":"Conserve Battery","floor":18},{"not_picked":["Rebound","Turbo"],"picked":"Cold Snap","floor":19},{"not_picked":["Leap","Scrape"],"picked":"Stack","floor":22},{"not_picked":["Ball Lightning","Steam"],"picked":"BootSequence+1","floor":27}],"player_experience":1247821,"relics_obtained":[{"floor":9,"key":"Tiny Chest"},{"floor":12,"key":"Bottled Flame"},{"floor":21,"key":"Nilry\u0027s Codex"},{"floor":26,"key":"Oddly Smooth Stone"}],"event_choices":[{"event_name":"The Lab","player_choice":"Got Potions","floor":2,"damage_taken":0},{"event_name":"Cursed Tome","player_choice":"Obtained Book","floor":21,"damage_taken":0},{"event_name":"Purifier","player_choice":"One Purge","floor":24,"damage_taken":0}],"is_beta":false,"boss_relics":[{"not_picked":["Runic Dome","Busted Crown"],"picked":"Sozu"}],"items_purged_floors":[20],"is_endless":false,"potions_floor_spawned":[1,4,12,16,18],"killed_by":"Cultist and Chosen","ascension_level":18}