{"gold_per_floor":[119,40,51,68,68,87,115,135,185,195,210,220,249,269,269,371,371,385,403,34,51,51,77,77,77,77,104,29,61,61,71,71,171,171,181,181,181,281,281,306,331,348,348,380,394,21,32,47,47,47,47,47,1,1],"floor_reached":54,"playtime":12647,"items_purged":[],"score":1300,"play_id":"305a9adf-1f6f-499d-87d3-a5aa0ca4ce1b","local_time":"20190508203501","is_ascension_mode":true,"campfire_choices":[{"data":"Defragment","floor":15.0,"key":"SMITH"},{"data":"Double Energy","floor":24,"key":"SMITH"},{"data":"Rainbow","floor":30,"key":"SMITH"},{"data":"Coolheaded","floor":32,"key":"SMITH"},{"floor":49,"key":"RECALL"},{"floor":52,"key":"REST"}],"neow_cost":"CURSE","seed_source_timestamp":0,"circlet_count":0,"master_deck":["Strike_B","Strike_B","Strike_B","Defend_B","Defend_B","Defend_B","Zap","Dualcast","Undo","Loop","Conserve Battery","Coolheaded+1","Self Repair","Self Repair","Creative AI","Chill","Coolheaded","Double Energy+1","Hologram","Defragment+1","Echo Form","Stack+1","Glacier+1","Biased Cognition","Skim","Sunder","Go for the Eyes","Conserve Battery","Ghostly","Ghostly","Ghostly","Ghostly","Ghostly","Rainbow+1","Hyperbeam","Secret Weapon","Dark Shackles","The Bomb","Heatsinks","Streamline+1","Glacier","Self Repair","Coolheaded+1","Panache","Blizzard+1","Storm","Redo"],"special_seed":0,"relics":["Cracked Core","Cables","Boot","Bottled Lightning","Busted Crown","DataDisk","Art of War","Regal Pillow","Strawberry","Smiling Mask","Fusion Hammer","Ice Cream","WingedGreaves","Singing Bowl","Mercury Hourglass","OrangePellets"],"potions_floor_usage":[33,44,50,54],"damage_taken":[{"damage":1.0,"enemies":"Cultist","floor":1.0,"turns":3.0},{"damage":7.0,"enemies":"Jaw Worm","floor":3.0,"turns":4.0},{"damage":0.0,"enemies":"Small Slimes","floor":4.0,"turns":5.0},{"damage":6.0,"enemies":"Blue Slaver","floor":6.0,"turns":5.0},{"damage":13.0,"enemies":"Lagavulin","floor":7.0,"turns":10.0},{"damage":0.0,"enemies":"Large Slime","floor":8.0,"turns":6.0},{"damage":4.0,"enemies":"3 Louse","floor":10.0,"turns":5.0},{"damage":5.0,"enemies":"Blue Slaver","floor":11.0,"turns":5.0},{"damage":7.0,"enemies":"Red Slaver","floor":12.0,"turns":5.0},{"damage":7.0,"enemies":"3 Sentries","floor":13.0,"turns":10.0},{"damage":14.0,"enemies":"Gremlin Gang","floor":14.0,"turns":9.0},{"damage":25.0,"enemies":"Slime Boss","floor":16.0,"turns":17.0},{"damage":8.0,"enemies":"Chosen","floor":18.0,"turns":5.0},{"damage":14.0,"enemies":"Shell Parasite","floor":19.0,"turns":8.0},{"damage":7.0,"enemies":"3 Cultists","floor":21.0,"turns":7.0},{"damage":10.0,"enemies":"Gremlin Leader","floor":23.0,"turns":10.0},{"damage":0,"enemies":"Slavers","floor":27,"turns":10},{"damage":0,"enemies":"Gremlin Leader","floor":29,"turns":8},{"damage":18,"enemies":"Centurion and Healer","floor":31,"turns":11},{"damage":0,"enemies":"Champ","floor":33,"turns":10},{"damage":0,"enemies":"Orb Walker","floor":35,"turns":7},{"damage":0,"enemies":"Mind Bloom Boss Battle","floor":38,"turns":7},{"damage":3,"enemies":"Nemesis","floor":40,"turns":7},{"damage":0,"enemies":"Reptomancer","floor":41,"turns":8},{"damage":0,"enemies":"3 Shapes","floor":42,"turns":4},{"damage":29,"enemies":"Giant Head","floor":44,"turns":10},{"damage":0,"enemies":"Maw","floor":45,"turns":8},{"damage":0,"enemies":"4 Shapes","floor":47,"turns":4},{"damage":0,"enemies":"Jaw Worm Horde","floor":48,"turns":4},{"damage":17,"enemies":"Awakened One","floor":50,"turns":9},{"damage":54,"enemies":"Shield and Spear","floor":54,"turns":2}],"seed_played":"-6846847800384214949","potions_obtained":[{"floor":1.0,"key":"Ancient Potion"},{"floor":4.0,"key":"Weak Potion"},{"floor":6.0,"key":"Ancient Potion"},{"floor":12.0,"key":"Energy Potion"},{"floor":13.0,"key":"Strength Potion"},{"floor":19.0,"key":"FearPotion"},{"floor":21.0,"key":"Explosive Potion"},{"floor":23.0,"key":"Dexterity Potion"},{"floor":40,"key":"LiquidBronze"},{"floor":48,"key":"FocusPotion"}],"is_trial":false,"path_per_floor":["M","?","M","M","?","?","?","?","?","?","?","M","M"],"character_chosen":"DEFECT","items_purchased":["Loop","Biased Cognition","Skim","DataDisk","Sunder","Panache","OrangePellets","Redo"],"campfire_rested":1,"item_purchase_floors":[2,20,20,20,20,46,46,53],"current_hp_per_floor":[81,81,74,74,74,68,62,76,76,86,89,89,89,89,89,78,86,85,85,85,89,89,89,89,44,44,51,51,51,51,51,51,51,51,51,51,41,48,48,51,51,51,51,43,53,53,53,53,53,43,51,53,53,0],"gold":1,"neow_bonus":"TWENTY_PERCENT_HP_BONUS","is_prod":false,"is_daily":false,"chose_seed":false,"campfire_upgraded":4,"win_rate":0,"timestamp":1557362101,"path_taken":["M","$","?","M","?","?","E","M","T","M","M","M","E","M","R","BOSS","M","?","$","M","?","E","R","?","T","E","?","E","R","M","R","BOSS","M","?","?","?","?","E","E","M","T","E","?","$","?","M","R","BOSS","R","$","E"],"build_version":"2019-01-23","purchased_purges":0,"victory":false,"max_hp_per_floor":[89,89,89,89,89,89,89,89,89,89,89,89,89,89,89,89,89,89,89,89,89,89,89,89,44,44,51,51,51,51,51,51,51,51,51,51,51,51,51,51,51,51,51,51,53,53,53,53,53,53,53,53,53,53],"card_choices":[{"not_picked":["Compile Driver","Stack"],"picked":"Undo","floor":1.0},{"not_picked":["Reinforced Body","Sweeping Beam"],"picked":"Conserve Battery","floor":3.0},{"not_picked":["Steam","Doom and Gloom"],"picked":"Coolheaded","floor":4.0},{"not_picked":["Barrage","Beam Cell"],"picked":"Self Repair","floor":6.0},{"not_picked":["Go for the Eyes","Beam Cell"],"picked":"Self Repair","floor":7.0},{"not_picked":["Conserve Battery","Gash"],"picked":"Creative AI","floor":8.0},{"not_picked":["Cold Snap","Self Repair"],"picked":"Chill","floor":10.0},{"not_picked":["Go for the Eyes","Scrape"],"picked":"Coolheaded","floor":11.0},{"not_picked":["Tempest","Go for the Eyes"],"picked":"Double Energy","floor":12.0},{"not_picked":["Beam Cell","Reprogram"],"picked":"Hologram","floor":13.0},{"not_picked":["Rebound","Static Discharge"],"picked":"Defragment","floor":14.0},{"not_picked":["All For One","Hyperbeam"],"picked":"Echo Form","floor":16.0},{"not_picked":[],"picked":"Stack+1","floor":18.0},{"not_picked":[],"picked":"Glacier+1","floor":19.0},{"not_picked":[],"picked":"Go for the Eyes","floor":21.0},{"not_picked":[],"picked":"Sweeping Beam+1","floor":23.0},{"not_picked":[],"picked":"Rainbow","floor":27},{"not_picked":["Lockon"],"picked":"SKIP","floor":29},{"not_picked":["Stack"],"picked":"SKIP","floor":31},{"not_picked":[],"picked":"Hyperbeam","floor":33},{"not_picked":["Rip and Tear"],"picked":"SKIP","floor":35},{"not_picked":[],"picked":"Secret Weapon","floor":37},{"not_picked":[],"picked":"Dark Shackles","floor":37},{"not_picked":[],"picked":"The Bomb","floor":37},{"not_picked":[],"picked":"Heatsinks","floor":38},{"not_picked":[],"picked":"Streamline+1","floor":40},{"not_picked":[],"picked":"Glacier","floor":41},{"not_picked":[],"picked":"Self Repair","floor":42},{"not_picked":[],"picked":"Coolheaded+1","floor":44},{"not_picked":["Steam+1"],"picked":"Singing Bowl","floor":45},{"not_picked":[],"picked":"Blizzard+1","floor":47},{"not_picked":[],"picked":"Storm","floor":48}],"player_experience":317074,"relics_obtained":[{"floor":7.0,"key":"Cables"},{"floor":9.0,"key":"Boot"},{"floor":13.0,"key":"Bottled Lightning"},{"floor":23.0,"key":"Art of War"},{"floor":26,"key":"Regal Pillow"},{"floor":27,"key":"Strawberry"},{"floor":29,"key":"Smiling Mask"},{"floor":38,"key":"Ice Cream"},{"floor":40,"key":"WingedGreaves"},{"floor":41,"key":"Singing Bowl"},{"floor":44,"key":"Mercury Hourglass"}],"event_choices":[{"cards_removed":["Strike_B"],"damage_healed":0.0,"max_hp_gain":0.0,"max_hp_loss":0.0,"gold_gain":0.0,"event_name":"Purifier","player_choice":"Purged","floor":5.0,"gold_loss":0.0,"damage_taken":0.0},{"damage_healed":0.0,"max_hp_gain":0.0,"max_hp_loss":0.0,"gold_gain":0.0,"event_name":"The Library","player_choice":"Read","floor":22.0,"gold_loss":0.0,"damage_taken":0.0,"cards_obtained":["Conserve Battery"]},{"damage_healed":0,"gold_gain":0,"player_choice":"Became a Ghost","damage_taken":0,"max_hp_gain":0,"max_hp_loss":45,"event_name":"Ghosts","floor":25,"gold_loss":0,"cards_obtained":["Ghostly","Ghostly","Ghostly","Ghostly","Ghostly"]},{"cards_removed":["Doubt"],"damage_healed":0,"gold_gain":0,"player_choice":"Gave Gold","damage_taken":0,"max_hp_gain":0,"max_hp_loss":0,"event_name":"Beggar","floor":28,"gold_loss":75},{"cards_removed":["Sweeping Beam"],"damage_healed":0,"gold_gain":0,"player_choice":"Removed Attack","damage_taken":0,"max_hp_gain":0,"max_hp_loss":0,"event_name":"Falling","floor":36,"gold_loss":0},{"damage_healed":0,"gold_gain":0,"player_choice":"Memory 3","damage_taken":10,"max_hp_gain":0,"max_hp_loss":0,"event_name":"SensoryStone","floor":37,"gold_loss":0},{"damage_healed":0,"gold_gain":0,"player_choice":"Fight","damage_taken":0,"max_hp_gain":0,"max_hp_loss":0,"event_name":"MindBloom","floor":38,"gold_loss":0},{"cards_removed":["Defend_B"],"damage_healed":0,"gold_gain":0,"player_choice":"Offered Basic","damage_taken":0,"max_hp_gain":0,"max_hp_loss":0,"event_name":"Bonfire Elementals","floor":39,"gold_loss":0}],"is_beta":false,"boss_relics":[{"not_picked":["Velvet Choker","Tiny House"],"picked":"Busted Crown"},{"not_picked":["Empty Cage","Snecko Eye"],"picked":"Fusion Hammer"}],"items_purged_floors":[],"is_endless":false,"potions_floor_spawned":[1,4,6,7,12,13,19,21,23,27,40,41,42,48],"killed_by":"Shield and Spear","ascension_level":7}