{"gold_per_floor":[210,210,485,502,520,549,233,233,233,408,483,547,565,577,577,681,681,698,698,717,717,502,529,628,543,543,543,543,553,57,83,83,184,184,204,216,227,238,251,277,277,306,306,406,424,440,460,471,471,471],"floor_reached":51,"playtime":10096,"items_purged":["Regret","Strike_G","Strike_G+1"],"score":999,"play_id":"f297ef42-e340-412b-88eb-d1a20c5b0209","local_time":"20190515024556","is_ascension_mode":false,"campfire_choices":[{"data":"Secret Technique","floor":8,"key":"SMITH"},{"floor":15,"key":"REST"},{"data":"Deadly Poison","floor":27,"key":"SMITH"},{"data":"Well Laid Plans","floor":32,"key":"SMITH"},{"data":"Noxious Fumes","floor":49,"key":"SMITH"}],"neow_cost":"NONE","seed_source_timestamp":116134652906729,"circlet_count":0,"master_deck":["Defend_G+1","Defend_G+1","Defend_G+1","Defend_G+1","Defend_G+1","Strike_G+1","Strike_G+1","Strike_G+1","Survivor","Neutralize","Crippling Poison+1","Deadly Poison+1","Secret Technique+1","Backflip","Blade Dance+1","Poisoned Stab","Blur+1","Burst+1","Backflip+1","Expertise+1","Crippling Poison+1","Blur+1","Deadly Poison+1","Noxious Fumes+1","Deadly Poison+1","Calculated Gamble+1","Master of Strategy+1","Well Laid Plans+1","Burst+1","Calculated Gamble+1","Prepared+1","Crippling Poison+1","Blur+1","Blur+1","Prepared+1","Calculated Gamble+1"],"relics":["Ring of the Snake","Tough Bandages","Toxic Egg 2","Vajra","Cursed Key","Bronze Scales","Pocketwatch","Paper Crane","Coffee Dripper","Bottled Lightning","Centennial Puzzle","StoneCalendar"],"potions_floor_usage":[6,6,16,33,48],"damage_taken":[{"damage":0,"enemies":"Small Slimes","floor":1,"turns":7},{"damage":5,"enemies":"Jaw Worm","floor":4,"turns":4},{"damage":1,"enemies":"Cultist","floor":5,"turns":5},{"damage":9,"enemies":"Lagavulin","floor":6,"turns":6},{"damage":23,"enemies":"Lagavulin Event","floor":12,"turns":7},{"damage":0,"enemies":"2 Fungi Beasts","floor":13,"turns":4},{"damage":2,"enemies":"Looter","floor":14,"turns":3},{"damage":14,"enemies":"Hexaghost","floor":16,"turns":8},{"damage":0,"enemies":"3 Byrds","floor":18,"turns":4},{"damage":0,"enemies":"Chosen","floor":20,"turns":4},{"damage":7,"enemies":"Gremlin Leader","floor":23,"turns":7},{"damage":0,"enemies":"3 Cultists","floor":29,"turns":3},{"damage":0,"enemies":"Book of Stabbing","floor":31,"turns":5},{"damage":0,"enemies":"Champ","floor":33,"turns":9},{"damage":0,"enemies":"Orb Walker","floor":35,"turns":3},{"damage":0,"enemies":"3 Darklings","floor":36,"turns":4},{"damage":0,"enemies":"Sphere and 2 Shapes","floor":37,"turns":3},{"damage":0,"enemies":"Maw","floor":38,"turns":5},{"damage":0,"enemies":"Writhing Mass","floor":39,"turns":6},{"damage":0,"enemies":"Giant Head","floor":40,"turns":7},{"damage":0,"enemies":"Reptomancer","floor":42,"turns":5},{"damage":0,"enemies":"Mind Bloom Boss Battle","floor":44,"turns":7},{"damage":0,"enemies":"3 Darklings","floor":45,"turns":4},{"damage":0,"enemies":"Spire Growth","floor":46,"turns":4},{"damage":0,"enemies":"Jaw Worm Horde","floor":47,"turns":3},{"damage":0,"enemies":"Writhing Mass","floor":48,"turns":4},{"damage":0,"enemies":"Donu and Deca","floor":50,"turns":8}],"seed_played":"-9144686325181343902","potions_obtained":[{"floor":1,"key":"Block Potion"},{"floor":4,"key":"GamblersBrew"},{"floor":13,"key":"SkillPotion"},{"floor":16,"key":"Weak Potion"},{"floor":18,"key":"Block Potion"},{"floor":23,"key":"GamblersBrew"},{"floor":36,"key":"Weak Potion"},{"floor":42,"key":"SpeedPotion"}],"is_trial":false,"path_per_floor":["M","?","?","M","M","E","$","R","T","?","?","?","M","M","R","B",null,"M","?","M","$","$","E","?","?","T","R","?","M","$","E","R","B",null,"M","M","M","M","M","E","?","E","T","?","M","M","M","M","R","B",null],"character_chosen":"THE_SILENT","items_purchased":["Secret Technique","Backflip","Crippling Poison+1","Blur+1","Noxious Fumes","Deadly Poison+1","Calculated Gamble+1","Master of Strategy+1","Energy Potion"],"campfire_rested":1,"item_purchase_floors":[7,7,22,22,30,30,30,30,30],"current_hp_per_floor":[70,70,70,65,64,55,55,55,55,55,44,21,21,19,40,26,70,70,70,70,70,70,63,63,63,63,63,63,63,63,63,63,63,70,70,70,70,70,70,70,70,70,70,70,70,70,70,70,70,70],"gold":471,"neow_bonus":"HUNDRED_GOLD","is_prod":false,"is_daily":false,"chose_seed":false,"campfire_upgraded":4,"win_rate":0.0,"timestamp":1557899156,"path_taken":["M","?","?","?","M","E","$","R","T","?","?","?","M","M","R","BOSS","M","?","?","?","$","E","?","?","T","R","?","?","$","E","R","BOSS","M","?","M","M","M","E","?","E","T","?","M","M","M","M","R","BOSS"],"build_version":"2019-01-23","purchased_purges":3,"victory":true,"max_hp_per_floor":[70,70,70,70,70,70,70,70,70,70,70,70,70,70,70,70,70,70,70,70,70,70,70,70,70,70,70,70,70,70,70,70,70,70,70,70,70,70,70,70,70,70,70,70,70,70,70,70,70,70],"card_choices":[{"not_picked":["Footwork","Expertise"],"picked":"Crippling Poison","floor":1},{"not_picked":["Slice","Calculated Gamble"],"picked":"Deadly Poison","floor":4},{"not_picked":["All Out Attack","Flying Knee","Outmaneuver"],"picked":"SKIP","floor":5},{"not_picked":["Skewer","Leg Sweep"],"picked":"Dagger Throw","floor":6},{"not_picked":["A Thousand Cuts","Caltrops"],"picked":"Blade Dance+1","floor":12},{"not_picked":["Underhanded Strike","Flying Knee"],"picked":"Poisoned Stab","floor":13},{"not_picked":["Dagger Spray","Glass Knife"],"picked":"Blur+1","floor":14},{"not_picked":["Doppelganger+1","Adrenaline+1"],"picked":"Burst+1","floor":16},{"not_picked":["Well Laid Plans","Slice"],"picked":"Backflip+1","floor":18},{"not_picked":["Eviscerate","Outmaneuver+1"],"picked":"Expertise+1","floor":20},{"not_picked":["Sucker Punch","Distraction+1"],"picked":"Deadly Poison+1","floor":23},{"not_picked":["Backstab","Flechettes","Leg Sweep+1"],"picked":"SKIP","floor":29},{"not_picked":["Backstab","Flechettes","Leg Sweep+1"],"picked":"SKIP","floor":29},{"not_picked":["Escape Plan+1","Night Terror+1"],"picked":"Well Laid Plans","floor":31},{"not_picked":["Die Die Die","Envenom"],"picked":"Burst+1","floor":33},{"not_picked":["PiercingWail+1","Leg Sweep+1","Outmaneuver+1"],"picked":"SKIP","floor":35},{"not_picked":["PiercingWail+1","Backflip+1","Dagger Throw"],"picked":"SKIP","floor":36},{"not_picked":["PiercingWail+1","Blade Dance+1"],"picked":"Calculated Gamble+1","floor":37},{"not_picked":["Choke+1","Eviscerate","Skewer+1"],"picked":"SKIP","floor":38},{"not_picked":["Terror+1","Flying Knee+1"],"picked":"Prepared+1","floor":39},{"not_picked":["Masterful Stab","Slice"],"picked":"Crippling Poison+1","floor":40},{"not_picked":["Finisher+1","Dagger Throw+1"],"picked":"Blur+1","floor":42},{"not_picked":["Venomology+1","Dodge and Roll+1"],"picked":"Blur+1","floor":44},{"not_picked":["Riddle With Holes","All Out Attack","Sucker Punch+1"],"picked":"SKIP","floor":45},{"not_picked":["Flechettes","Infinite Blades","Escape Plan+1"],"picked":"SKIP","floor":46},{"not_picked":["Outmaneuver+1","All Out Attack"],"picked":"Prepared+1","floor":47},{"not_picked":["Quick Slash","Poisoned Stab"],"picked":"Calculated Gamble+1","floor":48}],"player_experience":42480,"relics_obtained":[{"floor":6,"key":"Tough Bandages"},{"floor":9,"key":"Toxic Egg 2"},{"floor":12,"key":"Vajra"},{"floor":23,"key":"Bronze Scales"},{"floor":31,"key":"Paper Crane"},{"floor":40,"key":"Bottled Lightning"},{"floor":42,"key":"Centennial Puzzle"},{"floor":44,"key":"StoneCalendar"}],"event_choices":[{"damage_healed":0,"gold_gain":0,"player_choice":"Grow","damage_taken":0,"max_hp_gain":0,"max_hp_loss":0,"event_name":"Living Wall","floor":2,"gold_loss":0,"cards_upgraded":["Crippling Poison"]},{"damage_healed":0,"gold_gain":275,"player_choice":"Desecrate","damage_taken":0,"max_hp_gain":0,"max_hp_loss":0,"event_name":"Golden Shrine","floor":3,"gold_loss":0,"cards_obtained":["Regret"]},{"damage_healed":0,"gold_gain":175,"player_choice":"AGREE","damage_taken":0,"max_hp_gain":0,"max_hp_loss":0,"event_name":"Liars Game","floor":10,"gold_loss":0,"cards_obtained":["Doubt"]},{"damage_healed":0,"gold_gain":75,"player_choice":"Gather Gold","damage_taken":11,"max_hp_gain":0,"max_hp_loss":0,"event_name":"World of Goop","floor":11,"gold_loss":0},{"damage_healed":0,"gold_gain":30,"player_choice":"Searched \u00272\u0027 times","damage_taken":0,"max_hp_gain":0,"max_hp_loss":0,"event_name":"Dead Adventurer","floor":12,"gold_loss":0},{"cards_removed":["Doubt"],"damage_healed":0,"gold_gain":0,"player_choice":"Removed Curses","damage_taken":0,"max_hp_gain":0,"max_hp_loss":0,"event_name":"Fountain of Cleansing","floor":19,"gold_loss":0},{"damage_healed":0,"gold_gain":99,"player_choice":"Stole From Cult","damage_taken":0,"max_hp_gain":0,"max_hp_loss":0,"event_name":"Nest","floor":24,"gold_loss":0},{"damage_healed":0,"gold_gain":0,"player_choice":"Obtained Relic","damage_taken":0,"relics_obtained":["Pocketwatch"],"max_hp_gain":0,"max_hp_loss":0,"event_name":"Addict","floor":25,"gold_loss":85},{"damage_healed":0,"gold_gain":0,"player_choice":"Simplicity","damage_taken":0,"max_hp_gain":0,"max_hp_loss":0,"event_name":"Back to Basics","floor":28,"gold_loss":0,"cards_upgraded":["Defend_G","Defend_G","Defend_G","Defend_G","Defend_G","Strike_G","Strike_G","Strike_G","Strike_G"]},{"cards_removed":["Dagger Throw"],"damage_healed":0,"gold_gain":0,"player_choice":"Removed Attack","damage_taken":0,"max_hp_gain":0,"max_hp_loss":0,"event_name":"Falling","floor":41,"gold_loss":0},{"damage_healed":0,"gold_gain":0,"player_choice":"Fight","damage_taken":0,"max_hp_gain":0,"max_hp_loss":0,"event_name":"MindBloom","floor":44,"gold_loss":0}],"is_beta":false,"boss_relics":[{"not_picked":["Snecko Eye","Fusion Hammer"],"picked":"Cursed Key"},{"not_picked":["Runic Dome","Velvet Choker"],"picked":"Coffee Dripper"}],"items_purged_floors":[7,22,30],"is_endless":false,"potions_floor_spawned":[1,4,13,16,18,23,29,36,37,42,45,47],"ascension_level":0}