{"gold_per_floor":[114,127,141,154,154,189,189,210,289,289,323,339,355,369,369,500,500,513,513,77,95,113,113,175,191,191,211,9,9,26,46,46,143,143,156,171,171,6,22,22,37,37,63,63,163,179,179,191,191,191],"floor_reached":50,"playtime":7091,"items_purged":["Strike_G","Injury","Regret"],"score":557,"play_id":"29055a5b-5a6f-4f84-ba0b-3267602e4932","local_time":"20190530182024","is_ascension_mode":false,"campfire_choices":[{"floor":7,"key":"REST"},{"data":"After Image","floor":10,"key":"SMITH"},{"data":"Cloak And Dagger","floor":15,"key":"SMITH"},{"data":"Noxious Fumes","floor":23,"key":"SMITH"},{"data":"Cloak And Dagger","floor":29,"key":"SMITH"},{"floor":32,"key":"REST"},{"data":"Burst","floor":40,"key":"SMITH"},{"data":"After Image","floor":49,"key":"SMITH"}],"neow_cost":"NONE","seed_source_timestamp":1074934050812232,"circlet_count":0,"master_deck":["Defend_G","Defend_G","Defend_G","Defend_G","Defend_G","Strike_G","Strike_G","Strike_G","Strike_G","Survivor","Neutralize","Cloak And Dagger+1","Cloak And Dagger","Cloak And Dagger+1","Prepared","After Image+1","Escape Plan","Sucker Punch","Slice","Deadly Poison","Crippling Poison","Corpse Explosion","Noxious Fumes+1","Acrobatics","Poisoned Stab","Good Instincts+1","Deadly Poison","Backflip","Dodge and Roll","Cloak And Dagger","Deflect","Calculated Gamble+1","Cloak And Dagger","After Image+1","Shame","Decay","Blade Dance+1","Accuracy","Escape Plan","Burst+1","Bandage Up","Parasite","Backflip","Escape Plan+1"],"relics":["Ring of the Snake","Bloody Idol","Kunai","Dodecahedron","Mango","Orrery","Letter Opener","Tiny Chest","Pantograph","Calling Bell","Boot","Sundial","Pocketwatch","Bottled Lightning","Smiling Mask","Ginger","Regal Pillow"],"potions_floor_usage":[4,14,18,24,25,31,41,50],"damage_taken":[{"damage":0,"enemies":"Cultist","floor":1,"turns":4},{"damage":0,"enemies":"2 Louse","floor":2,"turns":4},{"damage":0,"enemies":"Jaw Worm","floor":3,"turns":4},{"damage":2,"enemies":"Exordium Thugs","floor":4,"turns":5},{"damage":42,"enemies":"Gremlin Nob","floor":6,"turns":7},{"damage":0,"enemies":"Blue Slaver","floor":8,"turns":5},{"damage":0,"enemies":"Lagavulin","floor":11,"turns":13},{"damage":6,"enemies":"3 Louse","floor":12,"turns":4},{"damage":0,"enemies":"Exordium Thugs","floor":13,"turns":8},{"damage":3,"enemies":"Large Slime","floor":14,"turns":7},{"damage":7,"enemies":"The Guardian","floor":16,"turns":17},{"damage":3,"enemies":"2 Thieves","floor":18,"turns":4},{"damage":3,"enemies":"3 Byrds","floor":21,"turns":6},{"damage":7,"enemies":"Snake Plant","floor":22,"turns":6},{"damage":56,"enemies":"Slavers","floor":24,"turns":5},{"damage":5,"enemies":"Snecko","floor":25,"turns":5},{"damage":6,"enemies":"Centurion and Healer","floor":27,"turns":6},{"damage":10,"enemies":"Sentry and Sphere","floor":30,"turns":6},{"damage":1,"enemies":"3 Cultists","floor":31,"turns":5},{"damage":58,"enemies":"Collector","floor":33,"turns":11},{"damage":1,"enemies":"3 Shapes","floor":35,"turns":3},{"damage":16,"enemies":"3 Darklings","floor":36,"turns":7},{"damage":7,"enemies":"Maw","floor":39,"turns":10},{"damage":8,"enemies":"Sphere and 2 Shapes","floor":41,"turns":8},{"damage":2,"enemies":"Mind Bloom Boss Battle","floor":45,"turns":8},{"damage":0,"enemies":"Writhing Mass","floor":46,"turns":8},{"damage":8,"enemies":"3 Darklings","floor":48,"turns":4},{"damage":107,"enemies":"Time Eater","floor":50,"turns":15}],"seed_played":"-2143632790319405117","potions_obtained":[{"floor":1,"key":"Swift Potion"},{"floor":8,"key":"LiquidBronze"},{"floor":13,"key":"AttackPotion"},{"floor":16,"key":"Ancient Potion"},{"floor":24,"key":"Energy Potion"},{"floor":25,"key":"AttackPotion"},{"floor":33,"key":"GhostInAJar"},{"floor":36,"key":"Ancient Potion"},{"floor":39,"key":"FearPotion"},{"floor":41,"key":"GhostInAJar"}],"is_trial":false,"path_per_floor":["M","M","M","M","?","E","R","M","T","R","E","M","M","M","R","B",null,"M","?","$","M","M","R","E","M","T","M","$","R","M","M","R","B",null,"M","M","?","$","M","R","M","T","T","?","?","M","T","M","R","B"],"character_chosen":"THE_SILENT","items_purchased":["Poisoned Stab","Letter Opener","Good Instincts","Cloak And Dagger","Deflect","Escape Plan"],"campfire_rested":2,"item_purchase_floors":[20,20,20,28,28,38],"current_hp_per_floor":[70,70,70,68,68,26,47,47,47,47,61,55,55,52,52,45,84,81,81,81,83,81,81,35,35,35,34,34,34,29,33,58,30,84,84,73,73,73,71,71,68,68,73,73,84,84,84,81,81,0],"gold":191,"neow_bonus":"THREE_CARDS","is_prod":false,"is_daily":false,"chose_seed":false,"campfire_upgraded":6,"win_rate":0.0,"timestamp":1559262024,"path_taken":["M","M","M","?","?","E","R","M","T","R","E","M","M","M","R","BOSS","M","?","$","M","M","R","E","M","T","M","$","R","M","M","R","BOSS","M","M","?","?","M","R","M","?","T","?","?","M","?","?","R","BOSS"],"build_version":"2019-01-23","purchased_purges":3,"victory":false,"max_hp_per_floor":[70,70,70,70,70,70,70,70,70,70,84,84,84,84,84,84,84,84,84,84,84,84,84,84,84,84,84,84,84,84,84,84,84,84,84,84,84,84,84,84,84,84,84,84,84,84,84,84,84,84],"card_choices":[{"not_picked":["Slice","Acrobatics"],"picked":"Cloak And Dagger","floor":0},{"not_picked":["Calculated Gamble","Quick Slash"],"picked":"Cloak And Dagger","floor":1},{"not_picked":["Endless Agony","Dagger Spray"],"picked":"Cloak And Dagger","floor":2},{"not_picked":["Reflex","Outmaneuver"],"picked":"Prepared","floor":3},{"not_picked":["Underhanded Strike","Heel Hook"],"picked":"After Image","floor":4},{"not_picked":["Underhanded Strike","Deadly Poison"],"picked":"Escape Plan","floor":6},{"not_picked":["Prepared","Flying Knee"],"picked":"Sucker Punch","floor":8},{"not_picked":["Riddle With Holes","All Out Attack"],"picked":"Slice","floor":11},{"not_picked":["Flechettes","Deflect"],"picked":"Deadly Poison","floor":12},{"not_picked":["All Out Attack","PiercingWail","Prepared"],"picked":"SKIP","floor":13},{"not_picked":["Blur","Distraction"],"picked":"Crippling Poison","floor":14},{"not_picked":["Storm of Steel","Night Terror"],"picked":"Corpse Explosion","floor":16},{"not_picked":["Cloak And Dagger","Poisoned Stab"],"picked":"Noxious Fumes","floor":17},{"not_picked":["All Out Attack","Underhanded Strike"],"picked":"Acrobatics","floor":17},{"not_picked":["Deflect","Prepared","Tactician"],"picked":"SKIP","floor":18},{"not_picked":["Deflect","Unload","Accuracy"],"picked":"SKIP","floor":21},{"not_picked":["Terror","Sucker Punch","PiercingWail+1"],"picked":"SKIP","floor":22},{"not_picked":["Blade Dance","Sucker Punch"],"picked":"Deadly Poison","floor":24},{"not_picked":["Sucker Punch","Outmaneuver"],"picked":"Backflip","floor":25},{"not_picked":["Dagger Spray","Calculated Gamble"],"picked":"Dodge and Roll","floor":27},{"not_picked":["Acrobatics","Quick Slash"],"picked":"Calculated Gamble+1","floor":30},{"not_picked":["Dagger Throw","Acrobatics"],"picked":"Cloak And Dagger","floor":31},{"not_picked":["Venomology","Night Terror"],"picked":"After Image","floor":33},{"not_picked":["Sucker Punch+1","Reflex"],"picked":"Blade Dance+1","floor":35},{"not_picked":["Acrobatics+1","Bane+1"],"picked":"Accuracy","floor":36},{"not_picked":["Dodge and Roll+1","Flechettes+1"],"picked":"Burst","floor":39},{"not_picked":["Deflect","Acrobatics","Underhanded Strike+1"],"picked":"SKIP","floor":41},{"not_picked":["PanicButton","Swift Strike"],"picked":"Bandage Up","floor":44},{"not_picked":["Predator","Sucker Punch"],"picked":"Backflip","floor":46},{"not_picked":["Bane+1","Deadly Poison"],"picked":"Escape Plan+1","floor":48}],"player_experience":24194,"relics_obtained":[{"floor":6,"key":"Kunai"},{"floor":9,"key":"Dodecahedron"},{"floor":11,"key":"Mango"},{"floor":24,"key":"Tiny Chest"},{"floor":26,"key":"Pantograph"},{"floor":34,"key":"Boot"},{"floor":34,"key":"Sundial"},{"floor":34,"key":"Pocketwatch"},{"floor":42,"key":"Bottled Lightning"},{"floor":43,"key":"Smiling Mask"},{"floor":45,"key":"Ginger"},{"floor":47,"key":"Regal Pillow"}],"event_choices":[{"damage_healed":0,"gold_gain":0,"player_choice":"Take Wound","damage_taken":0,"relics_obtained":["Golden Idol"],"max_hp_gain":0,"max_hp_loss":0,"event_name":"Golden Idol","floor":5,"gold_loss":0,"cards_obtained":["Injury"]},{"damage_healed":0,"gold_gain":0,"player_choice":"Gave Idol","damage_taken":0,"relics_obtained":["Bloody Idol"],"max_hp_gain":0,"max_hp_loss":0,"event_name":"Forgotten Altar","floor":19,"relics_lost":["Golden Idol"],"gold_loss":0},{"damage_healed":0,"gold_gain":0,"player_choice":"Forge","damage_taken":0,"max_hp_gain":0,"max_hp_loss":0,"event_name":"Accursed Blacksmith","floor":37,"gold_loss":0,"cards_upgraded":["Good Instincts"]},{"damage_healed":0,"gold_gain":0,"player_choice":"Memory 1","damage_taken":0,"max_hp_gain":0,"max_hp_loss":0,"event_name":"SensoryStone","floor":44,"gold_loss":0},{"damage_healed":0,"gold_gain":0,"player_choice":"Fight","damage_taken":0,"max_hp_gain":0,"max_hp_loss":0,"event_name":"MindBloom","floor":45,"gold_loss":0}],"is_beta":false,"boss_relics":[{"not_picked":["Philosopher\u0027s Stone","Black Star"],"picked":"Orrery"},{"not_picked":["Eternal Feather","Cursed Key"],"picked":"Calling Bell"}],"items_purged_floors":[20,28,38],"is_endless":false,"potions_floor_spawned":[1,8,13,16,24,25,33,36,39,41],"killed_by":"Time Eater","ascension_level":0}