{"gold_per_floor":[109,109,120,42,56,56,88,88,88,118,128,147,147,147,147,244,244,262,277,277],"floor_reached":20,"playtime":2063,"items_purged":[],"score":184,"play_id":"52773897-2a95-4b47-8ed2-d0e57a9e589a","local_time":"20190528210503","is_ascension_mode":false,"campfire_choices":[{"data":"Noxious Fumes","floor":6,"key":"SMITH"},{"floor":13,"key":"REST"},{"data":"Noxious Fumes","floor":15,"key":"SMITH"}],"neow_cost":"NONE","seed_source_timestamp":917042674339868,"circlet_count":0,"master_deck":["Defend_G","Defend_G","Defend_G","Defend_G","Defend_G","Strike_G+1","Survivor","Neutralize+1","Quick Slash","Deadly Poison","Noxious Fumes+1","Acrobatics","Escape Plan","Parasite","Madness","Deadly Poison","Noxious Fumes+1","Underhanded Strike","Burst","Masterful Stab+1","After Image+1","All Out Attack+1","Well Laid Plans"],"relics":["Ring of the Snake","Pocketwatch","Whetstone","Darkstone Periapt","Centennial Puzzle","Astrolabe"],"potions_floor_usage":[],"damage_taken":[{"damage":0,"enemies":"Small Slimes","floor":1,"turns":5},{"damage":0,"enemies":"Jaw Worm","floor":3,"turns":3},{"damage":0,"enemies":"Cultist","floor":5,"turns":3},{"damage":19,"enemies":"Lagavulin","floor":7,"turns":7},{"damage":23,"enemies":"3 Sentries","floor":10,"turns":7},{"damage":0,"enemies":"Exordium Wildlife","floor":11,"turns":3},{"damage":0,"enemies":"Large Slime","floor":12,"turns":4},{"damage":22,"enemies":"Hexaghost","floor":16,"turns":9},{"damage":10,"enemies":"Spheric Guardian","floor":18,"turns":4},{"damage":19,"enemies":"2 Thieves","floor":19,"turns":5},{"damage":20,"enemies":"Colosseum Slavers","floor":20,"turns":4},{"damage":30,"enemies":"Colosseum Nobs","floor":20,"turns":3}],"seed_played":"223247192639343868","potions_obtained":[{"floor":1,"key":"GhostInAJar"},{"floor":3,"key":"SmokeBomb"},{"floor":16,"key":"Regen Potion"}],"is_trial":false,"path_per_floor":["M","?","M","$","M","R","E","?","T","E","M","M","R","?","R","B",null,"M","M","?"],"character_chosen":"THE_SILENT","items_purchased":["Noxious Fumes"],"campfire_rested":1,"item_purchase_floors":[4],"current_hp_per_floor":[77,74,74,74,74,74,55,55,55,32,32,32,55,55,55,33,77,67,48,0],"gold":277,"neow_bonus":"TEN_PERCENT_HP_BONUS","is_prod":false,"is_daily":false,"chose_seed":false,"campfire_upgraded":2,"win_rate":0.0,"timestamp":1559099103,"path_taken":["M","?","M","$","M","R","E","?","T","E","M","?","R","?","R","BOSS","M","M","?"],"build_version":"2019-01-23","purchased_purges":0,"victory":false,"max_hp_per_floor":[77,77,77,77,77,77,77,77,77,77,77,77,77,77,77,77,77,77,77,77],"card_choices":[{"not_picked":["Reflex","Backstab"],"picked":"Quick Slash","floor":1},{"not_picked":["Expertise","Prepared"],"picked":"Deadly Poison","floor":3},{"not_picked":["PiercingWail","Dodge and Roll"],"picked":"Acrobatics","floor":5},{"not_picked":["Blade Dance","Acrobatics","Caltrops"],"picked":"SKIP","floor":7},{"not_picked":["PiercingWail","Reflex"],"picked":"Deadly Poison","floor":10},{"not_picked":["Acrobatics","Quick Slash"],"picked":"Noxious Fumes","floor":11},{"not_picked":["Caltrops","Dagger Spray"],"picked":"Underhanded Strike","floor":12},{"not_picked":["Glass Knife","A Thousand Cuts"],"picked":"Burst","floor":16},{"not_picked":["Underhanded Strike","Blade Dance","Masterful Stab"],"picked":"SKIP","floor":18},{"not_picked":["Dodge and Roll","Deadly Poison"],"picked":"Well Laid Plans","floor":19}],"player_experience":6258,"relics_obtained":[{"floor":7,"key":"Whetstone"},{"floor":9,"key":"Darkstone Periapt"},{"floor":10,"key":"Centennial Puzzle"}],"event_choices":[{"damage_healed":0,"gold_gain":0,"player_choice":"Success","damage_taken":3,"relics_obtained":["Pocketwatch"],"max_hp_gain":0,"max_hp_loss":0,"event_name":"Scrap Ooze","floor":2,"gold_loss":0},{"damage_healed":0,"gold_gain":0,"player_choice":"3 cards matched","damage_taken":0,"max_hp_gain":0,"max_hp_loss":0,"event_name":"Match and Keep!","floor":8,"gold_loss":0,"cards_obtained":["Escape Plan","Parasite","Madness"]},{"damage_healed":0,"gold_gain":0,"player_choice":"3 cards matched","damage_taken":0,"max_hp_gain":0,"max_hp_loss":0,"event_name":"Match and Keep!","floor":8,"gold_loss":0,"cards_obtained":["Escape Plan","Parasite","Madness"]},{"cards_removed":["Strike_G"],"damage_healed":0,"gold_gain":0,"player_choice":"Forget","damage_taken":0,"max_hp_gain":0,"max_hp_loss":0,"event_name":"Living Wall","floor":14,"gold_loss":0},{"damage_healed":0,"gold_gain":0,"player_choice":"Fight","damage_taken":0,"max_hp_gain":0,"max_hp_loss":0,"event_name":"Colosseum","floor":20,"gold_loss":0},{"damage_healed":0,"gold_gain":0,"player_choice":"Fought Nobs","damage_taken":0,"max_hp_gain":0,"max_hp_loss":0,"event_name":"Colosseum","floor":20,"gold_loss":0}],"is_beta":false,"boss_relics":[{"not_picked":["Sozu","Runic Dome"],"picked":"Astrolabe"}],"items_purged_floors":[],"is_endless":false,"potions_floor_spawned":[1,3,16,20],"killed_by":"Colosseum Nobs","ascension_level":0}