{"gold_per_floor":[142,142,242,20,35,35,52,87,113,113,129,161,171,171,171,301,301,325,345,364,463,120,120,163,163,163,16,57,57,80,105,105,230,230,251,271,9,9,28,28,61,61,61,61,79,79,98,47,47,47],"floor_reached":50,"playtime":2279,"items_purged":["Regret","Strike_B","Strike_B"],"score":831,"play_id":"3547a7b2-18ef-47a4-bde3-ff39c90bbb30","local_time":"20180805094413","is_ascension_mode":true,"campfire_choices":[{"data":"Hyperbeam","floor":6.0,"key":"SMITH"},{"data":"Beam Cell","floor":10.0,"key":"SMITH"},{"floor":15.0,"key":"REST"},{"floor":23.0,"key":"REST"},{"floor":25.0,"key":"REST"},{"floor":29.0,"key":"REST"},{"floor":32.0,"key":"REST"},{"floor":40,"key":"REST"},{"data":"Apotheosis","floor":42,"key":"SMITH"},{"data":"Reboot","floor":44,"key":"SMITH"},{"data":"BootSequence","floor":49,"key":"SMITH"}],"neow_cost":"NONE","seed_source_timestamp":2077616578255916,"circlet_count":0,"master_deck":["Strike_B","Strike_B","Defend_B","Defend_B","Defend_B","Defend_B","Zap","Dualcast","AscendersBane","Hologram","Hyperbeam+1","FTL","BootSequence+1","White Noise","Beam Cell+1","Conserve Battery","Beam Cell","Core Surge","Conserve Battery","Sunder","Conserve Battery","Apotheosis+1","Hologram","Fusion","Leap","Go for the Eyes+1","Recycle","Leap","Reboot+1","Go for the Eyes","Good Instincts","Leap+1","Steam+1","Normality","Steam+1","Stack"],"special_seed":0,"relics":["Cracked Core","Tiny Chest","Potion Belt","DataDisk","Bag of Marbles","Unceasing Top","Golden Idol","Cursed Key","Anchor","Centennial Puzzle","Eternal Feather","Shuriken","Pen Nib","Nunchaku"],"potions_floor_usage":[41,50,50],"damage_taken":[{"damage":0.0,"enemies":"2 Louse","floor":1.0,"turns":3.0},{"damage":2.0,"enemies":"Jaw Worm","floor":5.0,"turns":3.0},{"damage":0.0,"enemies":"Small Slimes","floor":7.0,"turns":3.0},{"damage":24.0,"enemies":"Gremlin Nob","floor":8.0,"turns":5.0},{"damage":0.0,"enemies":"Red Slaver","floor":11.0,"turns":1.0},{"damage":12.0,"enemies":"Lagavulin","floor":12.0,"turns":3.0},{"damage":0.0,"enemies":"Blue Slaver","floor":13.0,"turns":1.0},{"damage":13.0,"enemies":"Slime Boss","floor":16.0,"turns":5.0},{"damage":14.0,"enemies":"3 Byrds","floor":18.0,"turns":4.0},{"damage":0.0,"enemies":"Spheric Guardian","floor":19.0,"turns":2.0},{"damage":31.0,"enemies":"Snake Plant","floor":20.0,"turns":4.0},{"damage":21.0,"enemies":"Book of Stabbing","floor":24.0,"turns":3.0},{"damage":39.0,"enemies":"Slavers","floor":28.0,"turns":5.0},{"damage":15.0,"enemies":"Cultist and Chosen","floor":30.0,"turns":6.0},{"damage":2.0,"enemies":"Snecko","floor":31.0,"turns":5.0},{"damage":19.0,"enemies":"Collector","floor":33.0,"turns":7.0},{"damage":20.0,"enemies":"Orb Walker","floor":35.0,"turns":4.0},{"damage":11.0,"enemies":"3 Shapes","floor":36.0,"turns":4.0},{"damage":24,"enemies":"Transient","floor":39,"turns":5},{"damage":30,"enemies":"2 Orb Walkers","floor":41,"turns":5},{"damage":21,"enemies":"Sphere and 2 Shapes","floor":45,"turns":4},{"damage":0,"enemies":"Flame Bruiser 2 Orb","floor":47,"turns":5},{"damage":63,"enemies":"Donu and Deca","floor":50,"turns":7}],"seed_played":"9057555461943733292","potions_obtained":[{"floor":5.0,"key":"Weak Potion"},{"floor":7.0,"key":"Energy Potion"},{"floor":12.0,"key":"FocusPotion"},{"floor":19.0,"key":"SkillPotion"},{"floor":20.0,"key":"Explosive Potion"},{"floor":28.0,"key":"FocusPotion"},{"floor":30.0,"key":"SteroidPotion"},{"floor":39,"key":"Regen Potion"},{"floor":45,"key":"PowerPotion"}],"is_trial":false,"path_per_floor":["M","?","?","$","M","R","M","E","T","R","M","E","M","?","R","B",null,"M","M","M","?","$","R","E","R","T","$","E","R","M","M","R","B",null,"M","M","$","?","M","R","E","R","T","R","M","?","M","$","R"],"character_chosen":"DEFECT","items_purchased":["Hyperbeam","FTL","Apotheosis","Hologram","Leap","Shuriken","Strength Potion"],"campfire_rested":6,"item_purchase_floors":[4,4,22,22,27,37,48],"current_hp_per_floor":[68,68,68,68,66,66,66,42,42,42,42,30,30,12,34,21,62,48,48,17,17,17,39,18,40,40,40,1,23,8,6,28,9,59,39,28,28,28,4,44,26,44,44,62,41,41,41,41,62,0],"gold":47,"neow_bonus":"RANDOM_COMMON_RELIC","is_prod":false,"is_daily":false,"chose_seed":false,"campfire_upgraded":5,"win_rate":0,"timestamp":1533455053,"path_taken":["M","?","?","$","M","R","M","E","T","R","M","E","M","?","R","BOSS","M","M","M","?","$","R","E","R","T","?","E","R","M","?","R","BOSS","M","?","$","?","M","R","E","R","T","R","M","?","M","$","R","BOSS"],"build_version":"2018-08-02","purchased_purges":3,"victory":false,"max_hp_per_floor":[75,75,75,75,75,75,75,75,75,75,75,75,75,75,75,75,75,75,75,75,75,75,75,75,75,75,75,75,75,75,75,75,75,75,75,75,75,75,75,75,75,75,75,75,75,75,75,75,75,75],"card_choices":[{"not_picked":["Tempest","Aggregate"],"picked":"Hologram","floor":1.0},{"not_picked":["Hologram","Cold Snap"],"picked":"BootSequence","floor":5.0},{"not_picked":["Darkness","Go for the Eyes"],"picked":"White Noise","floor":7.0},{"not_picked":["Melter","Sweeping Beam"],"picked":"Beam Cell","floor":8.0},{"not_picked":["Stack","Hologram"],"picked":"Conserve Battery","floor":11.0},{"not_picked":["Storm","Coolheaded"],"picked":"Beam Cell","floor":13.0},{"not_picked":["Meteor Strike","Rainbow"],"picked":"Core Surge","floor":16.0},{"not_picked":["Barrage+1","Compile Driver"],"picked":"Conserve Battery","floor":18.0},{"not_picked":["Meteor Strike","Capacitor"],"picked":"Sunder","floor":19.0},{"not_picked":["Redo","Reinforced Body"],"picked":"Conserve Battery","floor":20.0},{"not_picked":["Conserve Battery","Rebound"],"picked":"Fusion","floor":24.0},{"not_picked":["Barrage","Fission"],"picked":"Go for the Eyes+1","floor":28.0},{"not_picked":["Rebound+1","Leap"],"picked":"Recycle","floor":30.0},{"not_picked":["Compile Driver+1","Ball Lightning+1"],"picked":"Leap","floor":31.0},{"not_picked":["Core Surge","Biased Cognition"],"picked":"Reboot","floor":33.0},{"not_picked":["Force Field","Fusion+1"],"picked":"Go for the Eyes","floor":35.0},{"not_picked":["Magnetism","Swift Strike"],"picked":"Good Instincts","floor":38.0},{"not_picked":["Skim+1","Ball Lightning"],"picked":"Leap+1","floor":39},{"not_picked":["Reinforced Body","Loop"],"picked":"Steam+1","floor":41},{"not_picked":["Hologram+1","Stack+1"],"picked":"Steam+1","floor":45},{"not_picked":["Force Field","Cold Snap+1"],"picked":"Stack","floor":47}],"player_experience":910339,"relics_obtained":[{"floor":8.0,"key":"DataDisk"},{"floor":9.0,"key":"Bag of Marbles"},{"floor":12.0,"key":"Unceasing Top"},{"floor":24.0,"key":"Anchor"},{"floor":28.0,"key":"Centennial Puzzle"},{"floor":41,"key":"Pen Nib"},{"floor":43,"key":"Nunchaku"}],"event_choices":[{"event_name":"Big Fish","player_choice":"Box","floor":2.0,"damage_taken":0.0},{"event_name":"Golden Shrine","player_choice":"Pray","floor":3.0,"damage_taken":0.0},{"event_name":"Golden Idol","player_choice":"Take Damage","floor":14.0,"damage_taken":0.0},{"event_name":"Nest","player_choice":"Stole From Cult","floor":21.0,"damage_taken":0.0},{"event_name":"SensoryStone","player_choice":"Memory 1","floor":38.0,"damage_taken":0.0},{"event_name":"Tomb of Lord Red Mask","player_choice":"Ignored","floor":46,"damage_taken":0}],"is_beta":false,"boss_relics":[{"not_picked":["Fusion Hammer","Astrolabe"],"picked":"Cursed Key"},{"not_picked":["Runic Dome","Busted Crown"],"picked":"Eternal Feather"}],"items_purged_floors":[4,22,27],"is_endless":false,"potions_floor_spawned":[5,7,12,19,20,28,30,39,45],"killed_by":"Donu and Deca","ascension_level":11}