{"gold_per_floor":[116,128,145,70,87,116,116,116,116,0,28,28,41,60,60,135,135,149,149,164,181,57,57,57,57,57,106,106,205,220,220,220,296,296,314,330,430,77,77],"floor_reached":39,"playtime":2369,"items_purged":["Defend_G","Strike_G+1"],"score":661,"play_id":"934f094f-2a71-423e-88e6-d4c0b1dad7d4","local_time":"20190524154403","is_ascension_mode":true,"campfire_choices":[{"data":"Deadly Poison","floor":7.0,"key":"SMITH"},{"floor":12.0,"key":"REST"},{"data":"Bouncing Flask","floor":15.0,"key":"SMITH"},{"floor":23.0,"key":"REST"},{"floor":28.0,"key":"REST"},{"floor":32.0,"key":"REST"}],"neow_cost":"TEN_PERCENT_HP_LOSS","seed_source_timestamp":345734686252078,"circlet_count":0,"master_deck":["AscendersBane","Defend_G","Defend_G","Defend_G","Defend_G","Survivor","Neutralize","Bouncing Flask+1","Dodge and Roll","Deadly Poison+1","Footwork","Footwork","Deadly Poison","Wraith Form v2","Backflip+1","Prepared+1","Flying Knee+1","After Image","Noxious Fumes","Tools of the Trade","Blur+1"],"special_seed":0,"relics":["Ring of the Snake","The Specimen","Dead Branch","The Courier","Shuriken","Astrolabe","Darkstone Periapt","Whetstone","Regal Pillow","Empty Cage","Unceasing Top","Snake Skull","ClockworkSouvenir"],"potions_floor_usage":[39],"damage_taken":[{"damage":2.0,"enemies":"Cultist","floor":1.0,"turns":4.0},{"damage":4.0,"enemies":"Jaw Worm","floor":2.0,"turns":5.0},{"damage":2.0,"enemies":"Small Slimes","floor":3.0,"turns":4.0},{"damage":1.0,"enemies":"Looter","floor":5.0,"turns":4.0},{"damage":20.0,"enemies":"Lagavulin","floor":6.0,"turns":6.0},{"damage":5.0,"enemies":"3 Sentries","floor":11.0,"turns":6.0},{"damage":0.0,"enemies":"2 Fungi Beasts","floor":13.0,"turns":4.0},{"damage":4.0,"enemies":"Exordium Wildlife","floor":14.0,"turns":4.0},{"damage":7.0,"enemies":"Hexaghost","floor":16.0,"turns":9.0},{"damage":12.0,"enemies":"2 Thieves","floor":18.0,"turns":4.0},{"damage":0.0,"enemies":"Chosen","floor":20.0,"turns":5.0},{"damage":29.0,"enemies":"Snecko","floor":21.0,"turns":8.0},{"damage":25.0,"enemies":"Colosseum Slavers","floor":25.0,"turns":7.0},{"damage":14.0,"enemies":"Chosen and Byrds","floor":30.0,"turns":6.0},{"damage":55.0,"enemies":"Champ","floor":33.0,"turns":15.0},{"damage":16.0,"enemies":"3 Shapes","floor":35.0,"turns":5.0},{"damage":14.0,"enemies":"3 Darklings","floor":36.0,"turns":7.0},{"damage":7,"enemies":"Mind Bloom Boss Battle","floor":37,"turns":8},{"damage":14,"enemies":"Jaw Worm Horde","floor":39,"turns":4}],"seed_played":"7748505406544250099","potions_obtained":[{"floor":5.0,"key":"FairyPotion"},{"floor":6.0,"key":"Block Potion"},{"floor":20.0,"key":"LiquidBronze"},{"floor":30.0,"key":"Explosive Potion"},{"floor":33.0,"key":"Ancient Potion"},{"floor":37,"key":"Dexterity Potion"}],"is_trial":false,"path_per_floor":["M","M","M","$","M","E","R","?","T","$","E","R","M","M","R","B",null,"M","?","M","M","$","R","?","?","T","T","R","?","M","T","R","B",null,"M","M","?","$","M"],"character_chosen":"THE_SILENT","items_purchased":["Footwork","Footwork","After Image","Noxious Fumes","Snake Skull","ClockworkSouvenir"],"campfire_rested":4,"item_purchase_floors":[10,10,22,22,38,38],"current_hp_per_floor":[57,53,51,51,50,30,30,23,23,23,18,36,36,32,32,25,51,39,39,39,10,10,28,28,3,3,3,21,21,7,7,40,6,47,31,17,10,10,0],"gold":77,"neow_bonus":"ONE_RARE_RELIC","is_prod":false,"is_daily":false,"chose_seed":false,"campfire_upgraded":2,"win_rate":0,"timestamp":1558705443,"path_taken":["M","?","M","?","M","E","R","?","T","$","E","R","M","M","R","BOSS","M","?","M","M","$","R","?","?","T","?","R","?","?","?","R","BOSS","M","?","?","$","M"],"build_version":"2019-01-23","purchased_purges":2,"victory":false,"max_hp_per_floor":[60,60,60,60,60,60,60,60,60,60,60,60,60,60,60,60,60,60,60,60,60,60,60,60,60,60,60,60,60,60,60,60,60,60,60,60,60,60,60],"card_choices":[{"not_picked":["Quick Slash","PiercingWail","Dodge and Roll"],"picked":"SKIP","floor":1.0},{"not_picked":["Dodge and Roll","PiercingWail"],"picked":"Bouncing Flask","floor":2.0},{"not_picked":["Skewer","Prepared"],"picked":"Dodge and Roll","floor":3.0},{"not_picked":["Concentrate","Footwork"],"picked":"Deadly Poison","floor":5.0},{"not_picked":["Choke","Accuracy","Dodge and Roll"],"picked":"SKIP","floor":6.0},{"not_picked":["Storm of Steel","Sucker Punch","Dagger Throw"],"picked":"SKIP","floor":11.0},{"not_picked":["Eviscerate","Outmaneuver"],"picked":"Infinite Blades","floor":13.0},{"not_picked":["Backflip","Acrobatics"],"picked":"Deadly Poison","floor":14.0},{"not_picked":["A Thousand Cuts","Glass Knife"],"picked":"Wraith Form v2","floor":16.0},{"not_picked":["Quick Slash","Slice","Skewer"],"picked":"SKIP","floor":18.0},{"not_picked":["Poisoned Stab","Prepared","Deflect"],"picked":"SKIP","floor":20.0},{"not_picked":["Riddle With Holes+1","Quick Slash","Tactician"],"picked":"SKIP","floor":21.0},{"not_picked":["Masterful Stab","Calculated Gamble","Sucker Punch"],"picked":"SKIP","floor":30.0},{"not_picked":["Adrenaline","Venomology"],"picked":"Tools of the Trade","floor":33.0},{"not_picked":["Outmaneuver","Riddle With Holes","Dagger Spray"],"picked":"SKIP","floor":35.0},{"not_picked":["Riddle With Holes","Acrobatics"],"picked":"Blur+1","floor":36.0}],"player_experience":241346,"relics_obtained":[{"floor":6.0,"key":"Dead Branch"},{"floor":9.0,"key":"The Courier"},{"floor":11.0,"key":"Shuriken"},{"floor":26.0,"key":"Darkstone Periapt"},{"floor":27.0,"key":"Whetstone"},{"floor":31.0,"key":"Regal Pillow"},{"floor":37,"key":"Unceasing Top"}],"event_choices":[{"cards_removed":["Strike_G"],"damage_healed":0.0,"max_hp_gain":0.0,"max_hp_loss":0.0,"gold_gain":0.0,"event_name":"Golden Wing","player_choice":"Card Removal","floor":8.0,"gold_loss":0.0,"damage_taken":7.0},{"damage_healed":0.0,"max_hp_gain":0.0,"max_hp_loss":0.0,"gold_gain":0.0,"event_name":"Ghosts","player_choice":"Ignored","floor":19.0,"gold_loss":0.0,"damage_taken":0.0},{"damage_healed":0.0,"max_hp_gain":0.0,"max_hp_loss":0.0,"gold_gain":0.0,"event_name":"Forgotten Altar","player_choice":"Smashed Altar","floor":24.0,"gold_loss":0.0,"damage_taken":0.0,"cards_obtained":["Decay"]},{"damage_healed":0.0,"max_hp_gain":0.0,"max_hp_loss":0.0,"gold_gain":0.0,"event_name":"Colosseum","player_choice":"Fight","floor":25.0,"gold_loss":0.0,"damage_taken":0.0},{"damage_healed":0.0,"max_hp_gain":0.0,"max_hp_loss":0.0,"gold_gain":0.0,"event_name":"Colosseum","player_choice":"Fled From Nobs","floor":25.0,"gold_loss":0.0,"damage_taken":0.0},{"damage_healed":0.0,"max_hp_gain":0.0,"max_hp_loss":0.0,"gold_gain":99.0,"event_name":"Nest","player_choice":"Stole From Cult","floor":29.0,"gold_loss":0.0,"damage_taken":0.0},{"damage_healed":0,"gold_gain":0,"player_choice":"Fight","damage_taken":0,"max_hp_gain":0,"max_hp_loss":0,"event_name":"MindBloom","floor":37,"gold_loss":0}],"is_beta":false,"boss_relics":[{"not_picked":["Tiny House","Calling Bell"],"picked":"Astrolabe"},{"not_picked":["WristBlade","Eternal Feather"],"picked":"Empty Cage"}],"items_purged_floors":[4,38],"is_endless":false,"potions_floor_spawned":[5,6,16,20,30,33,37],"killed_by":"Jaw Worm Horde","ascension_level":14}