{"gold_per_floor":[369,369,46,46,63,63,90,100,100,119,146,46,46,110,110,184,184,197,72,72,72,87,87,120,136,136,167,167,193,193,223,223,295,295,305,305,305,305,305,305],"floor_reached":40,"playtime":1057,"items_purged":["Strike_R","Strike_R","Strike_R"],"score":818,"play_id":"04a976be-0ab0-411f-8d86-e7ddcaa5247c","local_time":"20190523115423","is_ascension_mode":true,"campfire_choices":[{"data":"Bash","floor":6.0,"key":"SMITH"},{"data":"Whirlwind","floor":13.0,"key":"SMITH"},{"data":"Rage","floor":15.0,"key":"SMITH"},{"data":"Double Tap","floor":23.0,"key":"SMITH"},{"data":"Defend_R","floor":28.0,"key":"SMITH"},{"data":"Flame Barrier","floor":32.0,"key":"SMITH"}],"neow_cost":"PERCENT_DAMAGE","seed_source_timestamp":246798643834306,"circlet_count":0,"master_deck":["AscendersBane","Defend_R+1","Defend_R+1","Defend_R","Bash+1","Whirlwind+1","Rage+1","Double Tap+1","Intimidate","Flame Barrier+1","Dropkick+1","Purity","Dramatic Entrance","Panache","Madness","Madness"],"special_seed":0,"relics":["Burning Blood","Meat on the Bone","FossilizedHelix","Bottled Flame","Odd Mushroom","Turnip","Philosopher\u0027s Stone","Dream Catcher","Blue Candle","Whetstone","Juzu Bracelet","Dodecahedron","Fusion Hammer"],"potions_floor_usage":[40],"damage_taken":[{"damage":8.0,"enemies":"Jaw Worm","floor":1.0,"turns":4.0},{"damage":5.0,"enemies":"Small Slimes","floor":5.0,"turns":3.0},{"damage":26.0,"enemies":"Gremlin Nob","floor":7.0,"turns":4.0},{"damage":0.0,"enemies":"2 Louse","floor":8.0,"turns":1.0},{"damage":0.0,"enemies":"2 Fungi Beasts","floor":10.0,"turns":3.0},{"damage":8.0,"enemies":"The Mushroom Lair","floor":11.0,"turns":4.0},{"damage":0.0,"enemies":"Gremlin Nob","floor":14.0,"turns":3.0},{"damage":43.0,"enemies":"The Guardian","floor":16.0,"turns":14.0},{"damage":0.0,"enemies":"Spheric Guardian","floor":18.0,"turns":4.0},{"damage":0.0,"enemies":"2 Thieves","floor":22.0,"turns":2.0},{"damage":11.0,"enemies":"Slavers","floor":24.0,"turns":3.0},{"damage":0.0,"enemies":"3 Cultists","floor":25.0,"turns":3.0},{"damage":16.0,"enemies":"Gremlin Leader","floor":27.0,"turns":4.0},{"damage":0.0,"enemies":"Book of Stabbing","floor":29.0,"turns":4.0},{"damage":37.0,"enemies":"Slavers","floor":31.0,"turns":5.0},{"damage":23.0,"enemies":"Champ","floor":33.0,"turns":8.0},{"damage":21.0,"enemies":"3 Shapes","floor":35.0,"turns":5.0},{"damage":44,"enemies":"Giant Head","floor":40,"turns":7}],"seed_played":"-8337542029972798488","potions_obtained":[{"floor":1.0,"key":"EntropicBrew"},{"floor":11.0,"key":"Poison Potion"},{"floor":14.0,"key":"Swift Potion"},{"floor":18.0,"key":"Block Potion"},{"floor":22.0,"key":"Block Potion"},{"floor":25.0,"key":"Dexterity Potion"},{"floor":27.0,"key":"Dexterity Potion"},{"floor":35.0,"key":"SpeedPotion"}],"is_trial":false,"path_per_floor":["M","?","$","?","M","R","E","M","T","M","?","$","R","?","R","B",null,"M","$","?","?","M","R","E","M","T","E","R","E","?","E","R","B",null,"M","?","?","?","?","E"],"character_chosen":"IRONCLAD","items_purchased":["Meat on the Bone"],"campfire_rested":0,"item_purchase_floors":[3],"current_hp_per_floor":[48,48,48,33,53,53,45,51,51,57,55,55,55,61,61,36,65,71,71,71,75,75,75,70,75,75,65,65,71,71,52,52,47,68,53,53,53,43,34,0],"gold":305,"neow_bonus":"TWO_FIFTY_GOLD","is_prod":false,"is_daily":false,"chose_seed":false,"campfire_upgraded":6,"win_rate":0,"timestamp":1558605263,"path_taken":["M","?","$","?","M","R","E","M","T","?","?","$","R","?","R","BOSS","M","$","?","?","M","R","E","M","T","E","R","E","?","E","R","BOSS","M","?","?","?","?","E"],"build_version":"2019-01-23","purchased_purges":3,"victory":false,"max_hp_per_floor":[75,75,75,75,75,75,75,75,75,75,75,75,75,75,75,75,75,75,75,75,75,75,75,75,75,75,75,75,75,75,75,75,75,75,75,75,75,75,75,75],"card_choices":[{"not_picked":["Disarm","Flex"],"picked":"Dropkick","floor":1.0},{"not_picked":["Armaments","Perfected Strike","Heavy Blade"],"picked":"SKIP","floor":5.0},{"not_picked":["Havoc","Pommel Strike"],"picked":"Whirlwind","floor":7.0},{"not_picked":["Headbutt","Dual Wield","Sever Soul"],"picked":"SKIP","floor":8.0},{"not_picked":["Entrench","Havoc"],"picked":"Rage","floor":10.0},{"not_picked":["Limit Break","Reaper"],"picked":"Double Tap","floor":16.0},{"not_picked":["Combust","Seeing Red","Clothesline"],"picked":"SKIP","floor":18.0},{"not_picked":["Headbutt","Anger","Pommel Strike"],"picked":"SKIP","floor":22.0},{"not_picked":["Sword Boomerang","Uppercut","Wild Strike"],"picked":"SKIP","floor":24.0},{"not_picked":["Havoc","Heavy Blade","Twin Strike"],"picked":"SKIP","floor":25.0},{"not_picked":["Havoc+1","Blood for Blood","Headbutt+1"],"picked":"SKIP","floor":27.0},{"not_picked":["Feed","Cleave","Dual Wield"],"picked":"SKIP","floor":29.0},{"not_picked":["Dark Embrace","Heavy Blade"],"picked":"Dropkick+1","floor":31.0},{"not_picked":["Anger","Carnage+1","Iron Wave"],"picked":"SKIP","floor":35.0},{"not_picked":["Blind","Deep Breath"],"picked":"Purity","floor":38.0},{"not_picked":["Discovery","Panacea"],"picked":"Dramatic Entrance","floor":38.0},{"not_picked":["PanicButton","Secret Technique"],"picked":"Panache","floor":38.0}],"player_experience":234908,"relics_obtained":[{"floor":7.0,"key":"FossilizedHelix"},{"floor":9.0,"key":"Bottled Flame"},{"floor":11.0,"key":"Odd Mushroom"},{"floor":14.0,"key":"Turnip"},{"floor":24.0,"key":"Dream Catcher"},{"floor":26.0,"key":"Blue Candle"},{"floor":27.0,"key":"Whetstone"},{"floor":29.0,"key":"Juzu Bracelet"},{"floor":31.0,"key":"Dodecahedron"}],"event_choices":[{"cards_removed":["Strike_R"],"damage_healed":0.0,"max_hp_gain":0.0,"max_hp_loss":0.0,"gold_gain":0.0,"event_name":"Living Wall","player_choice":"Forget","floor":2.0,"gold_loss":0.0,"damage_taken":0.0},{"damage_healed":0.0,"max_hp_gain":0.0,"max_hp_loss":0.0,"gold_gain":0.0,"event_name":"Shining Light","player_choice":"Entered Light","floor":4.0,"gold_loss":0.0,"damage_taken":15.0,"cards_upgraded":["Strike_R","Defend_R"]},{"damage_healed":0.0,"max_hp_gain":0.0,"max_hp_loss":0.0,"gold_gain":0.0,"event_name":"Mushrooms","player_choice":"Fought Mushrooms","floor":11.0,"gold_loss":0.0,"damage_taken":0.0},{"damage_healed":0.0,"max_hp_gain":0.0,"max_hp_loss":0.0,"gold_gain":30.0,"event_name":"Dead Adventurer","player_choice":"Searched \u00273\u0027 times","floor":14.0,"gold_loss":0.0,"damage_taken":0.0},{"damage_healed":0.0,"max_hp_gain":0.0,"max_hp_loss":0.0,"gold_gain":0.0,"cards_transformed":["Defend_R","Strike_R"],"event_name":"Drug Dealer","player_choice":"Became Test Subject","floor":20.0,"gold_loss":0.0,"damage_taken":0.0,"cards_obtained":["Whirlwind","Intimidate"]},{"cards_removed":["Whirlwind"],"damage_healed":4.0,"max_hp_gain":0.0,"max_hp_loss":0.0,"gold_gain":0.0,"event_name":"Bonfire Elementals","player_choice":"Offered Uncommon","floor":21.0,"gold_loss":0.0,"damage_taken":0.0},{"damage_healed":0.0,"max_hp_gain":0.0,"max_hp_loss":0.0,"gold_gain":0.0,"event_name":"The Library","player_choice":"Read","floor":30.0,"gold_loss":0.0,"damage_taken":0.0,"cards_obtained":["Flame Barrier"]},{"damage_healed":0.0,"max_hp_gain":0.0,"max_hp_loss":0.0,"gold_gain":0.0,"event_name":"Tomb of Lord Red Mask","player_choice":"Ignored","floor":36.0,"gold_loss":0.0,"damage_taken":0.0},{"cards_removed":["Dropkick"],"damage_healed":0.0,"max_hp_gain":0.0,"max_hp_loss":0.0,"gold_gain":0.0,"event_name":"Falling","player_choice":"Removed Attack","floor":37.0,"gold_loss":0.0,"damage_taken":0.0},{"damage_healed":0.0,"max_hp_gain":0.0,"max_hp_loss":0.0,"gold_gain":0.0,"event_name":"SensoryStone","player_choice":"Memory 3","floor":38.0,"gold_loss":0.0,"damage_taken":10.0},{"damage_healed":0.0,"max_hp_gain":0.0,"max_hp_loss":0.0,"gold_gain":0.0,"event_name":"Winding Halls","player_choice":"Embrace Madness","floor":39.0,"gold_loss":0.0,"damage_taken":9.0,"cards_obtained":["Madness","Madness"]}],"is_beta":false,"boss_relics":[{"not_picked":["Ectoplasm","Runic Dome"],"picked":"Philosopher\u0027s Stone"},{"not_picked":["Cursed Key","Runic Cube"],"picked":"Fusion Hammer"}],"items_purged_floors":[3,12,19],"is_endless":false,"potions_floor_spawned":[1,11,14,18,22,25,27,35],"killed_by":"Giant Head","ascension_level":14}