{"gold_per_floor":[214,214,214,237,187,187,218,243,243,243,273,317,341,309,309,309],"floor_reached":16,"playtime":519,"items_purged":[],"score":167,"play_id":"434c78f3-eb91-482b-8df3-7b8e8aec67b3","local_time":"20190417133010","is_ascension_mode":true,"campfire_choices":[{"data":"Cloak And Dagger","floor":6,"key":"SMITH"},{"floor":10,"key":"REST"},{"floor":15,"key":"REST"}],"neow_cost":"NONE","seed_source_timestamp":579033763606097,"circlet_count":0,"master_deck":["AscendersBane","Defend_G","Defend_G","Defend_G","Defend_G","Defend_G","Strike_G","Strike_G","Strike_G","Strike_G","Strike_G","Survivor","Neutralize","Cloak And Dagger+1","Accuracy","Cloak And Dagger","Infinite Blades"],"relics":["Ring of the Snake","Kunai","Golden Idol","Turnip","Omamori","Odd Mushroom","Question Card"],"potions_floor_usage":[7,11,12,12],"damage_taken":[{"damage":3,"enemies":"2 Louse","floor":1,"turns":4},{"damage":3,"enemies":"Jaw Worm","floor":4,"turns":6},{"damage":24,"enemies":"Lagavulin","floor":7,"turns":12},{"damage":5,"enemies":"Small Slimes","floor":8,"turns":5},{"damage":1,"enemies":"The Mushroom Lair","floor":11,"turns":4},{"damage":11,"enemies":"3 Sentries","floor":12,"turns":12},{"damage":2,"enemies":"Blue Slaver","floor":13,"turns":4},{"damage":44,"enemies":"Slime Boss","floor":16,"turns":10}],"seed_played":"7220597035771638361","potions_obtained":[{"floor":1,"key":"SkillPotion"},{"floor":7,"key":"GhostInAJar"},{"floor":8,"key":"AttackPotion"},{"floor":11,"key":"LiquidBronze"}],"is_trial":false,"path_per_floor":["M","?","?","M","?","R","E","M","T","R","?","E","M","?","R","B"],"character_chosen":"THE_SILENT","items_purchased":[],"campfire_rested":2,"item_purchase_floors":[],"current_hp_per_floor":[60,60,43,40,40,40,16,11,11,32,31,20,18,18,39,0],"gold":309,"neow_bonus":"HUNDRED_GOLD","is_prod":false,"is_daily":false,"chose_seed":false,"campfire_upgraded":1,"win_rate":0,"timestamp":1555500610,"path_taken":["M","?","?","M","?","R","E","?","T","R","?","E","M","?","R","BOSS"],"build_version":"2019-01-23","purchased_purges":0,"victory":false,"max_hp_per_floor":[70,70,70,70,70,70,70,70,70,70,70,70,70,70,70,70],"card_choices":[{"not_picked":["Distraction","Eviscerate","Backstab"],"picked":"SKIP","floor":1},{"not_picked":["Tactician","Noxious Fumes"],"picked":"Cloak And Dagger","floor":4},{"not_picked":["Footwork","Noxious Fumes"],"picked":"Accuracy","floor":7},{"not_picked":["Concentrate","Acrobatics","Heel Hook"],"picked":"SKIP","floor":8},{"not_picked":["Slice","Calculated Gamble"],"picked":"Cloak And Dagger","floor":12},{"not_picked":["Acrobatics","Concentrate","Footwork"],"picked":"Infinite Blades","floor":13}],"player_experience":183554,"relics_obtained":[{"floor":7,"key":"Turnip"},{"floor":9,"key":"Omamori"},{"floor":11,"key":"Odd Mushroom"},{"floor":12,"key":"Question Card"}],"event_choices":[{"damage_healed":0,"gold_gain":0,"player_choice":"Box","damage_taken":0,"relics_obtained":["Kunai"],"max_hp_gain":0,"max_hp_loss":0,"event_name":"Big Fish","floor":2,"gold_loss":0,"cards_obtained":["Regret"]},{"damage_healed":0,"gold_gain":0,"player_choice":"Take Damage","damage_taken":17,"relics_obtained":["Golden Idol"],"max_hp_gain":0,"max_hp_loss":0,"event_name":"Golden Idol","floor":3,"gold_loss":0},{"cards_removed":["Regret"],"damage_healed":0,"gold_gain":0,"player_choice":"Card Removal","damage_taken":0,"max_hp_gain":0,"max_hp_loss":0,"event_name":"The Cleric","floor":5,"gold_loss":50},{"damage_healed":0,"gold_gain":0,"player_choice":"Fought Mushrooms","damage_taken":0,"max_hp_gain":0,"max_hp_loss":0,"event_name":"Mushrooms","floor":11,"gold_loss":0},{"damage_healed":0,"gold_gain":0,"player_choice":"Left Gold","damage_taken":0,"max_hp_gain":0,"max_hp_loss":0,"event_name":"World of Goop","floor":14,"gold_loss":32}],"is_beta":false,"boss_relics":[],"items_purged_floors":[],"is_endless":false,"potions_floor_spawned":[1,7,8,11],"killed_by":"Slime Boss","ascension_level":11}