{"gold_per_floor":[119,135,14,89,89,114,127,144,144,178,188,220,232,245,245,245],"floor_reached":16,"playtime":502,"items_purged":["Strike_R"],"score":253,"play_id":"a88c1e36-a8c6-40bb-8ae4-f28a469b527e","local_time":"20190522212107","is_ascension_mode":true,"campfire_choices":[{"data":"Armaments","floor":15,"key":"SMITH"}],"neow_cost":"NONE","seed_source_timestamp":195034137546259,"circlet_count":0,"master_deck":["AscendersBane","Strike_R","Strike_R+1","Strike_R+1","Strike_R","Defend_R","Defend_R","Defend_R","Defend_R","Bash","Headbutt","Body Slam","True Grit","True Grit","Cleave","Feel No Pain+1","Armaments+1","Sentinel","Entrench"],"special_seed":0,"relics":["Burning Blood","NeowsBlessing","Bag of Marbles","Blue Candle","Frozen Egg 2","Blood Vial"],"potions_floor_usage":[12,12],"damage_taken":[{"damage":0.0,"enemies":"Jaw Worm","floor":1.0,"turns":1.0},{"damage":0.0,"enemies":"2 Louse","floor":2.0,"turns":1.0},{"damage":0.0,"enemies":"Lagavulin","floor":6.0,"turns":1.0},{"damage":0.0,"enemies":"Cultist","floor":7.0,"turns":3.0},{"damage":3.0,"enemies":"Lots of Slimes","floor":8.0,"turns":3.0},{"damage":26.0,"enemies":"3 Sentries","floor":10.0,"turns":9.0},{"damage":0,"enemies":"Looter","floor":11,"turns":4},{"damage":11,"enemies":"Gremlin Nob","floor":12,"turns":4},{"damage":5,"enemies":"Exordium Wildlife","floor":13,"turns":6},{"damage":6,"enemies":"3 Louse","floor":14,"turns":3},{"damage":54,"enemies":"Hexaghost","floor":16,"turns":15}],"seed_played":"8393134123769923925","potions_obtained":[{"floor":1.0,"key":"PowerPotion"},{"floor":7.0,"key":"AttackPotion"},{"floor":10.0,"key":"SpeedPotion"},{"floor":12,"key":"SteroidPotion"}],"is_trial":false,"path_per_floor":["M","M","$","?","?","E","M","M","T","E","M","E","M","M","R","B"],"character_chosen":"IRONCLAD","items_purchased":["True Grit"],"campfire_rested":0,"item_purchase_floors":[3],"current_hp_per_floor":[74,75,75,64,49,55,61,64,64,44,50,45,48,50,50,0],"gold":245,"neow_bonus":"THREE_ENEMY_KILL","is_prod":false,"is_daily":false,"chose_seed":false,"campfire_upgraded":1,"win_rate":0,"timestamp":1558552867,"path_taken":["M","M","$","?","?","E","M","M","T","E","M","E","M","M","R","BOSS"],"build_version":"2019-01-23","purchased_purges":1,"victory":false,"max_hp_per_floor":[75,75,75,75,75,75,75,75,75,75,75,75,75,75,75,75],"card_choices":[{"not_picked":["Twin Strike","Flex"],"picked":"Headbutt","floor":1.0},{"not_picked":["Heavy Blade","Anger"],"picked":"Body Slam","floor":2.0},{"not_picked":["Iron Wave","Clothesline"],"picked":"True Grit","floor":6.0},{"not_picked":["Bludgeon","Carnage"],"picked":"Cleave","floor":7.0},{"not_picked":["Shockwave","Sword Boomerang","Iron Wave"],"picked":"SKIP","floor":8.0},{"not_picked":["Reckless Charge","Sword Boomerang"],"picked":"Feel No Pain","floor":10.0},{"not_picked":["Flame Barrier","Shrug It Off"],"picked":"Armaments","floor":11},{"not_picked":["Sever Soul","Combust+1"],"picked":"Sentinel","floor":12},{"not_picked":["Demon Form+1","Sword Boomerang"],"picked":"Entrench","floor":13},{"not_picked":["Twin Strike","Disarm","Perfected Strike"],"picked":"SKIP","floor":14}],"player_experience":231894,"relics_obtained":[{"floor":6.0,"key":"Bag of Marbles"},{"floor":9.0,"key":"Blue Candle"},{"floor":10.0,"key":"Frozen Egg 2"},{"floor":12,"key":"Blood Vial"}],"event_choices":[{"damage_healed":0.0,"max_hp_gain":0.0,"max_hp_loss":0.0,"gold_gain":75.0,"event_name":"World of Goop","player_choice":"Gather Gold","floor":4.0,"gold_loss":0.0,"damage_taken":11.0},{"damage_healed":0.0,"max_hp_gain":0.0,"max_hp_loss":0.0,"gold_gain":0.0,"event_name":"Shining Light","player_choice":"Entered Light","floor":5.0,"gold_loss":0.0,"damage_taken":15.0,"cards_upgraded":["Strike_R","Strike_R"]}],"is_beta":false,"boss_relics":[],"items_purged_floors":[3],"is_endless":false,"potions_floor_spawned":[1,7,10,12],"killed_by":"Hexaghost","ascension_level":14}