{"gold_per_floor":[115,132,132,145,160,185,185,216,216,242,242,242,267,267,267,364,364,382,382,382,57,74,107,107,138,188,205,232,232,147,158,158,256,256,267,53,64,79,79,79,108,108,108,127,127,139,173,57,57,57],"floor_reached":51,"playtime":4652,"items_purged":["Offering"],"score":983,"play_id":"eea90545-94fc-4e3a-b430-1c327d178d90","local_time":"20190502200559","is_ascension_mode":true,"campfire_choices":[{"floor":7,"key":"REST"},{"floor":11,"key":"REST"},{"floor":15,"key":"REST"},{"data":"Entrench","floor":24,"key":"SMITH"},{"data":"Body Slam","floor":32,"key":"SMITH"},{"floor":40,"key":"REST"},{"floor":45,"key":"REST"},{"floor":49,"key":"REST"}],"neow_cost":"NONE","seed_source_timestamp":3818374558524967,"circlet_count":0,"master_deck":["Bash","Seeing Red+1","Ghostly Armor","Body Slam+1","Intimidate","Juggernaut","Seeing Red","Feel No Pain","Offering","Burning Pact","Heavy Blade","Headbutt","Rupture","Offering","Fire Breathing","Entrench+1","Body Slam","Spot Weakness","Uppercut+1","True Grit","Barricade","Shockwave","Body Slam+1","Demon Form+1","Bludgeon+1","Flash of Steel+1","Trip","Secret Technique","Battle Trance+1","Ghostly Armor","Disarm+1","Iron Wave+1","Power Through"],"relics":["Burning Blood","Bag of Marbles","Anchor","Mercury Hourglass","Mango","Pantograph","Mummified Hand","Pandora\u0027s Box","Smiling Mask","Molten Egg 2","Ancient Tea Set","Meat on the Bone","Strawberry","Frozen Egg 2","Kunai","Mark of Pain","Oddly Smooth Stone","Pen Nib","Sundial","Dodecahedron"],"potions_floor_usage":[8,16,23,28,38,41,50],"damage_taken":[{"damage":4,"enemies":"Small Slimes","floor":1,"turns":5},{"damage":3,"enemies":"2 Louse","floor":2,"turns":5},{"damage":1,"enemies":"Cultist","floor":4,"turns":3},{"damage":2,"enemies":"2 Fungi Beasts","floor":5,"turns":5},{"damage":68,"enemies":"Lagavulin","floor":6,"turns":11},{"damage":22,"enemies":"Gremlin Nob","floor":8,"turns":4},{"damage":31,"enemies":"Lagavulin","floor":10,"turns":8},{"damage":46,"enemies":"Gremlin Nob","floor":13,"turns":5},{"damage":39,"enemies":"The Guardian","floor":16,"turns":11},{"damage":15,"enemies":"Chosen","floor":18,"turns":1},{"damage":6,"enemies":"2 Thieves","floor":22,"turns":2},{"damage":22,"enemies":"Slavers","floor":23,"turns":2},{"damage":18,"enemies":"Book of Stabbing","floor":25,"turns":4},{"damage":6,"enemies":"3 Cultists","floor":27,"turns":4},{"damage":32,"enemies":"Slavers","floor":28,"turns":5},{"damage":0,"enemies":"Cultist and Chosen","floor":31,"turns":5},{"damage":61,"enemies":"Collector","floor":33,"turns":7},{"damage":35,"enemies":"3 Darklings","floor":35,"turns":5},{"damage":0,"enemies":"Orb Walker","floor":37,"turns":3},{"damage":60,"enemies":"Sphere and 2 Shapes","floor":38,"turns":9},{"damage":45,"enemies":"Reptomancer","floor":41,"turns":5},{"damage":0,"enemies":"Maw","floor":44,"turns":5},{"damage":37,"enemies":"Writhing Mass","floor":46,"turns":4},{"damage":15,"enemies":"Giant Head","floor":47,"turns":6},{"damage":52,"enemies":"Donu and Deca","floor":50,"turns":6}],"seed_played":"-8205474450082763473","potions_obtained":[{"floor":2,"key":"SneckoOil"},{"floor":4,"key":"Explosive Potion"},{"floor":6,"key":"LiquidBronze"},{"floor":10,"key":"Strength Potion"},{"floor":14,"key":"EntropicBrew"},{"floor":14,"key":"Swift Potion"},{"floor":16,"key":"Poison Potion"},{"floor":23,"key":"SpeedPotion"},{"floor":25,"key":"Block Potion"},{"floor":27,"key":"SkillPotion"},{"floor":28,"key":"SneckoOil"},{"floor":37,"key":"PowerPotion"},{"floor":38,"key":"Energy Potion"},{"floor":47,"key":"Poison Potion"}],"is_trial":false,"path_per_floor":["?","?","?","?","?","M","?","?","?","?"],"character_chosen":"IRONCLAD","items_purchased":["Spot Weakness","Molten Egg 2","Oddly Smooth Stone","Bludgeon+1","Iron Wave+1","Power Through"],"campfire_rested":6,"item_purchase_floors":[21,21,36,36,48,48],"current_hp_per_floor":[88,88,88,88,88,26,52,36,36,25,55,48,8,8,38,30,84,75,75,75,75,75,59,59,47,54,66,52,52,52,70,70,52,95,66,66,72,30,20,52,25,25,25,43,75,56,59,59,91,63],"gold":57,"neow_bonus":"TEN_PERCENT_HP_BONUS","is_prod":false,"is_daily":false,"chose_seed":false,"campfire_upgraded":2,"win_rate":0,"timestamp":1556841959,"path_taken":["M","M","?","M","M","E","R","E","T","E","R","?","E","?","R","BOSS","M","?","?","$","?","E","R","E","T","M","E","?","?","M","R","BOSS","M","$","M","M","?","R","E","?","T","M","R","M","E","$","R","BOSS"],"build_version":"2019-01-23","purchased_purges":1,"victory":true,"max_hp_per_floor":[88,88,88,88,88,88,88,88,88,102,102,102,102,102,102,102,102,102,102,102,102,102,102,102,102,109,109,109,109,109,109,109,109,109,109,109,109,109,109,109,109,109,109,109,109,109,109,109,109,109],"card_choices":[{"not_picked":["Clothesline","Clash"],"picked":"Seeing Red","floor":1},{"not_picked":["Wild Strike","Perfected Strike"],"picked":"Ghostly Armor","floor":2},{"not_picked":["Cleave","Thunderclap"],"picked":"Body Slam","floor":4},{"not_picked":["Thunderclap","Searing Blow"],"picked":"Intimidate","floor":5},{"not_picked":["Battle Trance","Pommel Strike"],"picked":"Juggernaut","floor":6},{"not_picked":["Flex","Iron Wave","Sever Soul"],"picked":"SKIP","floor":8},{"not_picked":["Twin Strike","Warcry"],"picked":"Seeing Red","floor":10},{"not_picked":["Searing Blow","Seeing Red"],"picked":"Feel No Pain","floor":13},{"not_picked":["Limit Break","Brutality"],"picked":"Offering","floor":16},{"not_picked":["Carnage","Twin Strike"],"picked":"Body Slam","floor":18},{"not_picked":["Shockwave","Clothesline+1"],"picked":"Uppercut+1","floor":22},{"not_picked":["Seeing Red","Second Wind"],"picked":"True Grit","floor":23},{"not_picked":["Pommel Strike+1","Sever Soul+1"],"picked":"Barricade","floor":25},{"not_picked":["Havoc","Anger+1"],"picked":"Shockwave","floor":27},{"not_picked":["Sword Boomerang+1","Twin Strike+1","Perfected Strike+1"],"picked":"SKIP","floor":28},{"not_picked":["Anger+1","Sword Boomerang+1"],"picked":"Body Slam+1","floor":31},{"not_picked":["Offering","Barricade+1"],"picked":"Demon Form+1","floor":33},{"not_picked":["Corruption+1","Cleave+1","Anger+1"],"picked":"SKIP","floor":35},{"not_picked":["Sword Boomerang+1","Corruption+1","Second Wind"],"picked":"SKIP","floor":37},{"not_picked":["Heavy Blade+1","Flex"],"picked":"Warcry","floor":38},{"not_picked":["PanicButton","Forethought"],"picked":"Flash of Steel+1","floor":39},{"not_picked":["Deep Breath","Swift Strike+1"],"picked":"Trip","floor":39},{"not_picked":["Enlightenment","Bandage Up"],"picked":"Secret Technique","floor":39},{"not_picked":["Clothesline+1","Thunderclap+1","Flex"],"picked":"SKIP","floor":41},{"not_picked":["Clothesline+1","Feel No Pain+1"],"picked":"Battle Trance+1","floor":44},{"not_picked":["Dropkick+1","Evolve+1"],"picked":"Ghostly Armor","floor":46},{"not_picked":["Sword Boomerang+1","Evolve+1"],"picked":"Disarm+1","floor":47}],"player_experience":209338,"relics_obtained":[{"floor":6,"key":"Bag of Marbles"},{"floor":8,"key":"Anchor"},{"floor":9,"key":"Mercury Hourglass"},{"floor":10,"key":"Mango"},{"floor":13,"key":"Mummified Hand"},{"floor":23,"key":"Ancient Tea Set"},{"floor":25,"key":"Meat on the Bone"},{"floor":26,"key":"Strawberry"},{"floor":28,"key":"Frozen Egg 2"},{"floor":41,"key":"Pen Nib"},{"floor":43,"key":"Sundial"},{"floor":47,"key":"Dodecahedron"}],"event_choices":[{"damage_healed":0,"gold_gain":0,"player_choice":"Grow","damage_taken":0,"max_hp_gain":0,"max_hp_loss":0,"event_name":"Living Wall","floor":3,"gold_loss":0,"cards_upgraded":["Seeing Red"]},{"damage_healed":0,"gold_gain":0,"player_choice":"Success","damage_taken":7,"relics_obtained":["Pantograph"],"max_hp_gain":0,"max_hp_loss":0,"event_name":"Scrap Ooze","floor":12,"gold_loss":0},{"damage_healed":0,"gold_gain":0,"player_choice":"Got Potions","damage_taken":0,"max_hp_gain":0,"max_hp_loss":0,"event_name":"Lab","floor":14,"gold_loss":0},{"cards_removed":["Hemokinesis"],"damage_healed":0,"gold_gain":0,"player_choice":"Elegance","damage_taken":0,"max_hp_gain":0,"max_hp_loss":0,"event_name":"Back to Basics","floor":19,"gold_loss":0},{"damage_healed":0,"gold_gain":0,"player_choice":"Gave Potion","damage_taken":0,"relics_obtained":["Smiling Mask"],"max_hp_gain":0,"max_hp_loss":0,"event_name":"WeMeetAgain","floor":20,"gold_loss":0},{"damage_healed":0,"gold_gain":0,"player_choice":"Ignored","damage_taken":0,"max_hp_gain":0,"max_hp_loss":0,"event_name":"Vampires","floor":29,"gold_loss":0},{"damage_healed":0,"gold_gain":0,"player_choice":"Obtained Relic","damage_taken":0,"relics_obtained":["Kunai"],"max_hp_gain":0,"max_hp_loss":0,"event_name":"Addict","floor":30,"gold_loss":85},{"damage_healed":0,"gold_gain":0,"player_choice":"Memory 3","damage_taken":10,"max_hp_gain":0,"max_hp_loss":0,"event_name":"SensoryStone","floor":39,"gold_loss":0},{"cards_removed":["Warcry"],"damage_healed":0,"gold_gain":0,"player_choice":"Purged","damage_taken":0,"max_hp_gain":0,"max_hp_loss":0,"event_name":"Purifier","floor":42,"gold_loss":0}],"is_beta":false,"boss_relics":[{"not_picked":["Black Star","Orrery"],"picked":"Pandora\u0027s Box"},{"not_picked":["Black Blood","Velvet Choker"],"picked":"Mark of Pain"}],"items_purged_floors":[21],"is_endless":false,"potions_floor_spawned":[2,4,6,10,16,23,25,27,28,31,37,38,47],"ascension_level":5}