{"gold_per_floor":[118,68,83,101,111,111,141,121,121,121,135,135,36,47,47,149,149,160,160,160,178,178,211,211,224,305,322,372,68,68,85,85,186,186,206,218,218,238,238,238,252,262,262,262,262,273,303,313,313,313],"floor_reached":51,"playtime":1541,"items_purged":["Strike_R"],"score":1064,"play_id":"9182ca8b-0abd-4d38-961b-2aa9ebd145ef","local_time":"20190411140327","is_ascension_mode":true,"campfire_choices":[{"data":"Armaments","floor":6.0,"key":"SMITH"},{"floor":10.0,"key":"REST"},{"data":"Juggernaut","floor":15,"key":"SMITH"},{"data":"Body Slam","floor":24,"key":"SMITH"},{"data":"Brutality","floor":30,"key":"SMITH"},{"data":"Body Slam","floor":32,"key":"SMITH"},{"data":"Shrug It Off","floor":40,"key":"SMITH"},{"data":"Iron Wave","floor":44,"key":"SMITH"},{"data":"Defend_R","floor":49,"key":"SMITH"}],"neow_cost":"TEN_PERCENT_HP_LOSS","seed_source_timestamp":61558619533573,"circlet_count":0,"master_deck":["AscendersBane","Strike_R","Strike_R","Strike_R","Defend_R+1","Defend_R","Defend_R","Defend_R","Bash","Juggernaut+1","Armaments+1","Body Slam+1","Shrug It Off+1","Iron Wave+1","Brutality+1","Shame","Necronomicurse","Decay","Reaper","Clothesline","Uppercut+1","Body Slam+1","Madness","Madness","True Grit+1","True Grit+1","Metallicize+1"],"special_seed":0,"relics":["Burning Blood","Gremlin Horn","Du-Vu Doll","Busted Crown","Ice Cream","Necronomicon","Ornamental Fan","Paper Frog","Calipers","Sozu","Mercury Hourglass","Meat on the Bone"],"potions_floor_usage":[16,23,23,27,33],"damage_taken":[{"damage":10.0,"enemies":"Jaw Worm","floor":1.0,"turns":5.0},{"damage":8.0,"enemies":"Small Slimes","floor":3.0,"turns":4.0},{"damage":11.0,"enemies":"2 Louse","floor":4.0,"turns":3.0},{"damage":10.0,"enemies":"2 Fungi Beasts","floor":5.0,"turns":3.0},{"damage":44.0,"enemies":"3 Sentries","floor":7.0,"turns":11.0},{"damage":17.0,"enemies":"Lots of Slimes","floor":11.0,"turns":3.0},{"damage":7.0,"enemies":"Exordium Thugs","floor":14.0,"turns":4.0},{"damage":46,"enemies":"Hexaghost","floor":16,"turns":11},{"damage":17,"enemies":"Spheric Guardian","floor":18,"turns":4},{"damage":19,"enemies":"Chosen","floor":21,"turns":5},{"damage":3,"enemies":"Gremlin Leader","floor":23,"turns":4},{"damage":12,"enemies":"3 Cultists","floor":25,"turns":5},{"damage":0,"enemies":"Snake Plant","floor":27,"turns":2},{"damage":10,"enemies":"Shelled Parasite and Fungi","floor":31,"turns":2},{"damage":43,"enemies":"Automaton","floor":33,"turns":7},{"damage":4,"enemies":"Orb Walker","floor":35,"turns":2},{"damage":18,"enemies":"3 Darklings","floor":36,"turns":3},{"damage":26,"enemies":"Spire Growth","floor":38,"turns":4},{"damage":4,"enemies":"Maw","floor":41,"turns":5},{"damage":35,"enemies":"Jaw Worm Horde","floor":42,"turns":4},{"damage":10,"enemies":"Spire Growth","floor":46,"turns":4},{"damage":5,"enemies":"Reptomancer","floor":47,"turns":5},{"damage":4,"enemies":"Transient","floor":48,"turns":5},{"damage":44,"enemies":"Donu and Deca","floor":50,"turns":9}],"seed_played":"-2109192344033795692","potions_obtained":[{"floor":1.0,"key":"AttackPotion"},{"floor":11.0,"key":"EssenceOfSteel"},{"floor":16,"key":"Fruit Juice"},{"floor":18,"key":"Strength Potion"},{"floor":25,"key":"SteroidPotion"},{"floor":31,"key":"AttackPotion"}],"is_trial":false,"path_per_floor":["M","?","M","M","M","R","E","?","T","R","M","?","$","M","R","B",null,"M","?","?","M","?","E","R","M","T","M","?","$","R","M","R","B",null,"M","M","?","M","?","R","M","M","T","R","?","M","E","M","R","B",null],"character_chosen":"IRONCLAD","items_purchased":["Shrug It Off","Calipers"],"campfire_rested":1,"item_purchase_floors":[13,29],"current_hp_per_floor":[68,68,66,61,57,57,19,19,19,40,29,53,53,52,52,17,62,51,51,35,22,22,25,25,67,67,73,73,73,73,77,77,52,71,73,72,62,58,58,58,71,53,53,53,53,64,77,77,77,64],"gold":313,"neow_bonus":"THREE_RARE_CARDS","is_prod":false,"is_daily":false,"chose_seed":false,"campfire_upgraded":8,"win_rate":0,"timestamp":1554984207,"path_taken":["M","?","M","M","M","R","E","?","T","R","M","?","$","M","R","BOSS","M","?","?","M","?","E","R","M","T","M","?","$","R","M","R","BOSS","M","?","?","M","?","R","?","M","T","R","?","M","E","M","R","BOSS"],"build_version":"2019-01-23","purchased_purges":1,"victory":true,"max_hp_per_floor":[72,72,72,72,72,72,72,72,72,72,72,72,72,72,72,77,77,77,77,77,77,77,77,77,77,77,77,77,77,77,77,77,77,77,77,77,77,77,77,77,77,77,77,77,77,77,77,77,77,77],"card_choices":[{"not_picked":["Reaper","Fiend Fire"],"picked":"Juggernaut","floor":0.0},{"not_picked":["Dual Wield","Havoc","Twin Strike"],"picked":"SKIP","floor":1.0},{"not_picked":["Headbutt","Warcry"],"picked":"Armaments","floor":3.0},{"not_picked":["Uppercut","Heavy Blade","Wild Strike"],"picked":"SKIP","floor":4.0},{"not_picked":["Blood for Blood","Pommel Strike"],"picked":"Body Slam","floor":5.0},{"not_picked":["Clothesline","Pommel Strike","Combust"],"picked":"SKIP","floor":7.0},{"not_picked":["Seeing Red","Clash","Sword Boomerang"],"picked":"SKIP","floor":11.0},{"not_picked":["Disarm","Shrug It Off"],"picked":"Iron Wave","floor":14},{"not_picked":["Impervious","Offering"],"picked":"Brutality","floor":16},{"not_picked":["Sword Boomerang+1"],"picked":"SKIP","floor":18},{"not_picked":["Thunderclap"],"picked":"SKIP","floor":21},{"not_picked":[],"picked":"Reaper","floor":23},{"not_picked":[],"picked":"Clothesline","floor":25},{"not_picked":[],"picked":"Uppercut+1","floor":27},{"not_picked":[],"picked":"Body Slam","floor":31},{"not_picked":["Thunderclap"],"picked":"SKIP","floor":35},{"not_picked":["Flex"],"picked":"SKIP","floor":36},{"not_picked":["Wild Strike"],"picked":"SKIP","floor":38},{"not_picked":[],"picked":"True Grit+1","floor":41},{"not_picked":["Twin Strike+1"],"picked":"SKIP","floor":42},{"not_picked":[],"picked":"Metallicize+1","floor":46},{"not_picked":["Warcry"],"picked":"SKIP","floor":47},{"not_picked":["Clothesline"],"picked":"SKIP","floor":48}],"player_experience":165561,"relics_obtained":[{"floor":7.0,"key":"Gremlin Horn"},{"floor":9.0,"key":"Du-Vu Doll"},{"floor":20,"key":"Necronomicon"},{"floor":23,"key":"Ornamental Fan"},{"floor":26,"key":"Paper Frog"},{"floor":43,"key":"Mercury Hourglass"},{"floor":47,"key":"Meat on the Bone"}],"event_choices":[{"cards_removed":["Strike_R"],"damage_healed":0.0,"max_hp_gain":0.0,"max_hp_loss":0.0,"gold_gain":0.0,"event_name":"The Cleric","player_choice":"Card Removal","floor":2.0,"gold_loss":50.0,"damage_taken":0.0},{"damage_healed":0.0,"max_hp_gain":0.0,"max_hp_loss":0.0,"gold_gain":0.0,"event_name":"World of Goop","player_choice":"Left Gold","floor":8.0,"gold_loss":20.0,"damage_taken":0.0},{"damage_healed":24.0,"max_hp_gain":0.0,"max_hp_loss":0.0,"gold_gain":0.0,"event_name":"Big Fish","player_choice":"Banana","floor":12.0,"gold_loss":0.0,"damage_taken":0.0},{"damage_healed":0,"gold_gain":0,"player_choice":"Stole Relic","damage_taken":0,"relics_obtained":["Ice Cream"],"max_hp_gain":0,"max_hp_loss":0,"event_name":"Addict","floor":19,"gold_loss":0,"cards_obtained":["Shame"]},{"damage_healed":0,"gold_gain":0,"player_choice":"Obtained Book","damage_taken":16,"max_hp_gain":0,"max_hp_loss":0,"event_name":"Cursed Tome","floor":20,"gold_loss":0},{"damage_healed":0,"gold_gain":0,"player_choice":"Smashed Altar","damage_taken":0,"max_hp_gain":0,"max_hp_loss":0,"event_name":"Forgotten Altar","floor":22,"gold_loss":0,"cards_obtained":["Decay"]},{"damage_healed":0,"gold_gain":100,"player_choice":"Bet on Murderer","damage_taken":0,"max_hp_gain":0,"max_hp_loss":0,"event_name":"The Joust","floor":28,"gold_loss":50},{"damage_healed":0,"gold_gain":0,"player_choice":"Embrace Madness","damage_taken":10,"max_hp_gain":0,"max_hp_loss":0,"event_name":"Winding Halls","floor":37,"gold_loss":0,"cards_obtained":["Madness","Madness"]},{"damage_healed":0,"gold_gain":0,"player_choice":"Got Potions","damage_taken":0,"max_hp_gain":0,"max_hp_loss":0,"event_name":"Lab","floor":39,"gold_loss":0},{"damage_healed":0,"gold_gain":0,"player_choice":"Copied","damage_taken":0,"max_hp_gain":0,"max_hp_loss":0,"event_name":"Duplicator","floor":45,"gold_loss":0,"cards_obtained":["True Grit"]}],"is_beta":false,"boss_relics":[{"not_picked":["Lizard Tail","Philosopher\u0027s Stone"],"picked":"Busted Crown"},{"not_picked":["Runic Cube","Runic Dome"],"picked":"Sozu"}],"items_purged_floors":[13],"is_endless":false,"potions_floor_spawned":[1,11,16,18,25,31,36,38,41],"ascension_level":10}