{"gold_per_floor":[117,192,192,209,209,242,242,255,278,278,278,297,297,146,146,244,244,257,257,133,149,64,97,97,107,132,145,345,345,360,375,375,478,478,491,491,503,521,532,532,564,564,617,634,649,104,104,123,123,123],"floor_reached":51,"playtime":9105,"items_purged":["Strike_R","Strike_R","Strike_R"],"score":749,"play_id":"7a15b0d1-439d-43a8-8279-4d1112ebb5c5","local_time":"20190528170552","is_ascension_mode":false,"campfire_choices":[{"floor":7.0,"key":"REST"},{"floor":11.0,"key":"REST"},{"floor":13.0,"key":"REST"},{"data":"Armaments","floor":15.0,"key":"SMITH"},{"floor":24.0,"key":"REST"},{"floor":29.0,"key":"REST"},{"floor":32.0,"key":"REST"},{"data":"Barricade","floor":40.0,"key":"SMITH"},{"data":"Entrench","floor":42.0,"key":"SMITH"},{"floor":49,"key":"REST"}],"neow_cost":"NONE","seed_source_timestamp":0,"circlet_count":0,"master_deck":["Defend_R+1","Defend_R+1","Defend_R+1","Bash+1","Entrench+1","Armaments+1","Dropkick+1","Body Slam+1","Juggernaut+1","True Grit+1","Iron Wave+1","Shrug It Off+1","Barricade+1","Power Through+1","Dual Wield+1","Metallicize+1","Iron Wave+1","Body Slam+1","Battle Trance+1","Shrug It Off+1","Impervious+1","True Grit+1","Flame Barrier+1","Parasite","Warcry+1","Offering+1","Armaments+1"],"special_seed":0,"relics":["Burning Blood","Smiling Mask","Dream Catcher","Potion Belt","Runic Pyramid","Gremlin Horn","Bag of Marbles","Centennial Puzzle","Philosopher\u0027s Stone","Self Forming Clay","Oddly Smooth Stone","Bird Faced Urn","Mark of the Bloom"],"potions_floor_usage":[50,50,50,50],"damage_taken":[{"damage":3.0,"enemies":"Jaw Worm","floor":1.0,"turns":5.0},{"damage":4.0,"enemies":"Small Slimes","floor":4.0,"turns":6.0},{"damage":43.0,"enemies":"3 Sentries","floor":6.0,"turns":16.0},{"damage":0.0,"enemies":"Cultist","floor":8.0,"turns":3.0},{"damage":24.0,"enemies":"Exordium Thugs","floor":12.0,"turns":4.0},{"damage":51.0,"enemies":"Hexaghost","floor":16.0,"turns":12.0},{"damage":2.0,"enemies":"Chosen","floor":18.0,"turns":6.0},{"damage":7.0,"enemies":"Shell Parasite","floor":21.0,"turns":8.0},{"damage":43.0,"enemies":"Slavers","floor":23.0,"turns":11.0},{"damage":20.0,"enemies":"Cultist and Chosen","floor":25.0,"turns":7.0},{"damage":36.0,"enemies":"3 Cultists","floor":27.0,"turns":8.0},{"damage":29.0,"enemies":"Sentry and Sphere","floor":30.0,"turns":6.0},{"damage":9.0,"enemies":"Centurion and Healer","floor":31.0,"turns":8.0},{"damage":11.0,"enemies":"Automaton","floor":33.0,"turns":10.0},{"damage":0.0,"enemies":"3 Darklings","floor":35.0,"turns":5.0},{"damage":1.0,"enemies":"Orb Walker","floor":37.0,"turns":4.0},{"damage":16.0,"enemies":"Writhing Mass","floor":38.0,"turns":7.0},{"damage":3.0,"enemies":"Jaw Worm Horde","floor":39.0,"turns":6.0},{"damage":2.0,"enemies":"Nemesis","floor":41.0,"turns":7.0},{"damage":0.0,"enemies":"Transient","floor":44.0,"turns":5.0},{"damage":4.0,"enemies":"Sphere and 2 Shapes","floor":45.0,"turns":6.0},{"damage":6.0,"enemies":"3 Darklings","floor":48.0,"turns":4.0},{"damage":0,"enemies":"Time Eater","floor":50,"turns":6}],"seed_played":"-5559128345870442288","potions_obtained":[{"floor":4.0,"key":"SpeedPotion"},{"floor":6.0,"key":"Poison Potion"},{"floor":16.0,"key":"SkillPotion"},{"floor":21.0,"key":"Dexterity Potion"},{"floor":23.0,"key":"Regen Potion"},{"floor":25.0,"key":"Explosive Potion"},{"floor":38.0,"key":"Strength Potion"},{"floor":41.0,"key":"Dexterity Potion"}],"is_trial":false,"path_per_floor":["M","?","?","M","?","E","R","M","T","T","R","M","R","$","R","B",null,"M","?","$","M","?","E","R","M","T","M","?","R","M","M","R","B",null,"M","?","M","M","M","R","E","R","T","M","M","$","?","M","R","B",null],"character_chosen":"IRONCLAD","items_purchased":["Iron Wave","Shrug It Off","Dual Wield","Block Potion","Energy Potion","FearPotion","Armaments","Bird Faced Urn"],"campfire_rested":7,"item_purchase_floors":[14,14,20,46,46,46,46,46],"current_hp_per_floor":[80,69,62,64,64,27,51,57,57,57,80,62,80,80,80,35,80,80,90,90,89,89,52,79,65,65,49,49,76,53,50,77,72,90,90,90,90,80,83,83,87,87,87,90,90,90,90,84,84,84],"gold":123,"neow_bonus":"UPGRADE_CARD","is_prod":false,"is_daily":false,"chose_seed":false,"campfire_upgraded":3,"win_rate":0.0,"timestamp":1559077552,"path_taken":["M","?","?","M","?","E","R","?","T","?","R","M","R","$","R","BOSS","M","?","$","?","?","E","R","M","T","M","?","R","M","?","R","BOSS","M","?","M","M","M","R","E","R","T","M","M","$","?","M","R","BOSS"],"build_version":"2019-01-23","purchased_purges":3,"victory":true,"max_hp_per_floor":[80,80,80,80,80,80,80,80,80,80,80,80,80,80,80,80,80,80,90,90,90,90,90,90,90,90,90,90,90,90,90,90,90,90,90,90,90,90,90,90,90,90,90,90,90,90,90,90,90,90],"card_choices":[{"not_picked":["Clash","Uppercut"],"picked":"Entrench","floor":1.0},{"not_picked":["Clothesline","Uppercut"],"picked":"Armaments","floor":4.0},{"not_picked":["Clothesline","Sword Boomerang"],"picked":"Fiend Fire","floor":6.0},{"not_picked":["Clash","Thunderclap","Infernal Blade"],"picked":"SKIP","floor":8.0},{"not_picked":["Sword Boomerang","Clothesline"],"picked":"Body Slam","floor":11.0},{"not_picked":["Twin Strike","Rage"],"picked":"Juggernaut","floor":12.0},{"not_picked":["Rampage","Perfected Strike"],"picked":"True Grit","floor":13.0},{"not_picked":["Fiend Fire","Double Tap"],"picked":"Barricade","floor":16.0},{"not_picked":["Thunderclap","Rage+1"],"picked":"Power Through+1","floor":18.0},{"not_picked":["Rupture","Whirlwind"],"picked":"Metallicize","floor":21.0},{"not_picked":["Reckless Charge+1","Hemokinesis","Intimidate+1"],"picked":"SKIP","floor":23.0},{"not_picked":["Headbutt","Intimidate"],"picked":"Iron Wave","floor":24.0},{"not_picked":["Clothesline+1","Fire Breathing"],"picked":"Body Slam+1","floor":25.0},{"not_picked":["Pommel Strike","Disarm","Flex"],"picked":"SKIP","floor":27.0},{"not_picked":["Dropkick+1","Limit Break"],"picked":"Battle Trance","floor":29.0},{"not_picked":["Infernal Blade","Pommel Strike"],"picked":"Shrug It Off","floor":30.0},{"not_picked":["Dual Wield","Dropkick","Heavy Blade"],"picked":"SKIP","floor":31.0},{"not_picked":["Reaper","Double Tap"],"picked":"Impervious","floor":33.0},{"not_picked":["Clothesline","Combust+1"],"picked":"True Grit+1","floor":35.0},{"not_picked":["Heavy Blade+1","True Grit"],"picked":"Flame Barrier+1","floor":37.0},{"not_picked":["Flex","Carnage+1","Corruption+1"],"picked":"SKIP","floor":38.0},{"not_picked":["True Grit","Thunderclap","Iron Wave"],"picked":"SKIP","floor":39.0},{"not_picked":["Heavy Blade","Blood for Blood+1","Twin Strike+1"],"picked":"SKIP","floor":41.0},{"not_picked":["Sever Soul","Pommel Strike"],"picked":"Warcry","floor":44.0},{"not_picked":["Clothesline","Searing Blow+1"],"picked":"Offering","floor":45.0},{"not_picked":["Cleave+1","Iron Wave+1","Flex"],"picked":"SKIP","floor":48.0}],"player_experience":22168,"relics_obtained":[{"floor":6.0,"key":"Smiling Mask"},{"floor":9.0,"key":"Dream Catcher"},{"floor":10.0,"key":"Potion Belt"},{"floor":23.0,"key":"Bag of Marbles"},{"floor":26.0,"key":"Centennial Puzzle"},{"floor":41.0,"key":"Self Forming Clay"},{"floor":43.0,"key":"Oddly Smooth Stone"}],"event_choices":[{"damage_healed":0.0,"max_hp_gain":0.0,"max_hp_loss":0.0,"gold_gain":75.0,"event_name":"World of Goop","player_choice":"Gather Gold","floor":2.0,"gold_loss":0.0,"damage_taken":11.0},{"cards_removed":["Strike_R"],"damage_healed":0.0,"max_hp_gain":0.0,"max_hp_loss":0.0,"gold_gain":0.0,"event_name":"Golden Wing","player_choice":"Card Removal","floor":3.0,"gold_loss":0.0,"damage_taken":7.0},{"damage_healed":0.0,"max_hp_gain":0.0,"max_hp_loss":0.0,"gold_gain":0.0,"cards_transformed":["Strike_R"],"event_name":"Transmorgrifier","player_choice":"Transformed","floor":5.0,"gold_loss":0.0,"damage_taken":0.0,"cards_obtained":["Dropkick"]},{"cards_removed":["Fiend Fire"],"damage_healed":0.0,"max_hp_gain":10.0,"max_hp_loss":0.0,"gold_gain":0.0,"event_name":"Bonfire Elementals","player_choice":"Offered Rare","floor":19.0,"gold_loss":0.0,"damage_taken":0.0},{"damage_healed":0.0,"max_hp_gain":0.0,"max_hp_loss":0.0,"gold_gain":0.0,"event_name":"Addict","player_choice":"Obtained Relic","floor":22.0,"gold_loss":85.0,"damage_taken":0.0,"relics_obtained":["Gremlin Horn"]},{"damage_healed":0.0,"max_hp_gain":0.0,"max_hp_loss":0.0,"gold_gain":250.0,"event_name":"The Joust","player_choice":"Bet on Owner","floor":28.0,"gold_loss":50.0,"damage_taken":0.0},{"cards_removed":["Defend_R"],"damage_healed":0.0,"max_hp_gain":0.0,"max_hp_loss":0.0,"gold_gain":0.0,"event_name":"Falling","player_choice":"Removed Skill","floor":36.0,"gold_loss":0.0,"damage_taken":0.0},{"damage_healed":0.0,"max_hp_gain":0.0,"max_hp_loss":0.0,"gold_gain":0.0,"event_name":"MindBloom","player_choice":"Upgrade","floor":47.0,"gold_loss":0.0,"damage_taken":0.0,"cards_upgraded":["Defend_R","Defend_R","Defend_R","Dropkick","Body Slam","Juggernaut","True Grit","Iron Wave","Shrug It Off","Dual Wield","Metallicize","Iron Wave","Battle Trance","Shrug It Off","Impervious","Warcry","Offering","Armaments"],"relics_obtained":["Mark of the Bloom"]}],"is_beta":false,"boss_relics":[{"not_picked":["Sozu","Velvet Choker"],"picked":"Runic Pyramid"},{"not_picked":["Mark of Pain","Cursed Key"],"picked":"Philosopher\u0027s Stone"}],"items_purged_floors":[14,20,46],"is_endless":false,"potions_floor_spawned":[4,6,16,21,23,25,38,41,48],"ascension_level":0}