{"gold_per_floor":[114,39,52,71,85,85,97,97,97,125,182,182,262,86,86,188,188,201,201],"floor_reached":19,"playtime":915,"items_purged":["Strike_G","Strike_G"],"score":225,"play_id":"fea7d16a-80be-40ba-8c61-e2d74814a3a3","local_time":"20190312105040","is_ascension_mode":true,"campfire_choices":[{"data":"Bouncing Flask","floor":6,"key":"SMITH"},{"data":"Deadly Poison","floor":8,"key":"SMITH"},{"data":"Envenom","floor":12,"key":"SMITH"},{"floor":15,"key":"REST"}],"neow_cost":"NONE","seed_source_timestamp":63392993465262,"circlet_count":0,"master_deck":["Defend_G","Defend_G","Defend_G","Defend_G","Defend_G","Strike_G","Strike_G","Strike_G","Survivor","Neutralize","Flying Knee","Poisoned Stab","Bouncing Flask+1","Escape Plan","Tactician","Deadly Poison+1","Prepared","Crippling Poison","Dodge and Roll","Noxious Fumes","Envenom+1","Well Laid Plans","Envenom"],"relics":["Orrery","Juzu Bracelet","Blood Vial","Sundial","Matryoshka","Sozu"],"potions_floor_usage":[10,11,19,19,19],"damage_taken":[{"damage":0,"enemies":"Cultist","floor":1,"turns":3},{"damage":0,"enemies":"Jaw Worm","floor":3,"turns":3},{"damage":0,"enemies":"2 Louse","floor":4,"turns":2},{"damage":8,"enemies":"Large Slime","floor":5,"turns":7},{"damage":0,"enemies":"2 Fungi Beasts","floor":7,"turns":4},{"damage":21,"enemies":"3 Sentries","floor":10,"turns":10},{"damage":21,"enemies":"3 Sentries","floor":11,"turns":7},{"damage":8,"enemies":"The Guardian","floor":16,"turns":7},{"damage":9,"enemies":"Spheric Guardian","floor":18,"turns":4},{"damage":23,"enemies":"Colosseum Slavers","floor":19,"turns":5},{"damage":63,"enemies":"Colosseum Nobs","floor":19,"turns":4}],"seed_played":"-4526861464195558818","potions_obtained":[{"floor":1,"key":"Block Potion"},{"floor":5,"key":"SteroidPotion"},{"floor":7,"key":"Weak Potion"},{"floor":11,"key":"Regen Potion"},{"floor":16,"key":"Explosive Potion"}],"is_trial":false,"path_per_floor":["M","$","M","M","M","R","M","R","T","E","?","R","T","$","R","B",null,"M","?"],"character_chosen":"THE_SILENT","items_purchased":["Well Laid Plans"],"campfire_rested":1,"item_purchase_floors":[14],"current_hp_per_floor":[63,63,63,63,55,55,55,55,55,34,15,15,15,15,36,30,60,53,0],"gold":201,"neow_bonus":"BOSS_RELIC","is_prod":false,"is_daily":false,"chose_seed":false,"campfire_upgraded":3,"win_rate":0,"timestamp":1552384240,"path_taken":["M","?","M","?","M","R","M","R","T","E","?","R","?","$","R","BOSS","M","?"],"build_version":"2019-01-23","purchased_purges":2,"victory":false,"max_hp_per_floor":[70,70,70,70,70,70,70,70,70,70,70,70,70,70,70,70,70,70,70],"card_choices":[{"not_picked":["Quick Slash","Finisher"],"picked":"Flying Knee","floor":0},{"not_picked":["Dodge and Roll","Blade Dance"],"picked":"Poisoned Stab","floor":0},{"not_picked":["Distraction","Underhanded Strike"],"picked":"Bouncing Flask","floor":0},{"not_picked":["Setup","Outmaneuver"],"picked":"Escape Plan","floor":0},{"not_picked":["Well Laid Plans","Finisher"],"picked":"Tactician","floor":0},{"not_picked":["Slice","Dagger Throw"],"picked":"Deadly Poison","floor":1},{"not_picked":["Bane","Endless Agony"],"picked":"Prepared","floor":3},{"not_picked":["Reflex","Outmaneuver"],"picked":"Crippling Poison","floor":4},{"not_picked":["Setup","Outmaneuver","Caltrops"],"picked":"SKIP","floor":5},{"not_picked":["Caltrops","Acrobatics"],"picked":"Dodge and Roll","floor":7},{"not_picked":["Backflip","Blur"],"picked":"Noxious Fumes","floor":10},{"not_picked":["Reflex","Underhanded Strike"],"picked":"Envenom","floor":11},{"not_picked":["Glass Knife","Night Terror"],"picked":"Envenom","floor":16},{"not_picked":["Setup+1","Dodge and Roll","Cloak And Dagger+1"],"picked":"SKIP","floor":18}],"player_experience":95801,"relics_obtained":[{"floor":9,"key":"Juzu Bracelet"},{"floor":10,"key":"Blood Vial"},{"floor":11,"key":"Sundial"},{"floor":13,"key":"Matryoshka"}],"event_choices":[{"damage_healed":0,"gold_gain":30,"player_choice":"Searched \u00272\u0027 times","damage_taken":0,"max_hp_gain":0,"max_hp_loss":0,"event_name":"Dead Adventurer","floor":11,"gold_loss":0},{"damage_healed":0,"gold_gain":0,"player_choice":"Fight","damage_taken":0,"max_hp_gain":0,"max_hp_loss":0,"event_name":"Colosseum","floor":19,"gold_loss":0},{"damage_healed":0,"gold_gain":0,"player_choice":"Fought Nobs","damage_taken":0,"max_hp_gain":0,"max_hp_loss":0,"event_name":"Colosseum","floor":19,"gold_loss":0}],"is_beta":false,"boss_relics":[{"not_picked":["Tiny House","Calling Bell"],"picked":"Sozu"}],"items_purged_floors":[2,14],"is_endless":false,"potions_floor_spawned":[1,5,7,11,16],"killed_by":"Colosseum Nobs","ascension_level":7}