{"gold_per_floor":[114,131,142,142,142,186,202,202],"floor_reached":8,"playtime":416,"items_purged":[],"score":90,"play_id":"a60df782-57ea-4b90-aa5f-9ef144b50fcb","local_time":"20190531195859","is_ascension_mode":true,"campfire_choices":[],"neow_cost":"NONE","seed_source_timestamp":455649401491220,"circlet_count":0,"master_deck":["AscendersBane","Strike_R","Strike_R","Strike_R","Strike_R","Defend_R","Defend_R","Defend_R","Defend_R","Bash","Impervious","Rampage","Shrug It Off","Hemokinesis","Injury","Inflame","Demon Form","Whirlwind"],"relics":["Burning Blood","Golden Idol","Vajra"],"potions_floor_usage":[],"damage_taken":[{"damage":6,"enemies":"Cultist","floor":1,"turns":5},{"damage":7,"enemies":"Jaw Worm","floor":2,"turns":5},{"damage":0,"enemies":"Small Slimes","floor":3,"turns":5},{"damage":28,"enemies":"3 Sentries","floor":6,"turns":9},{"damage":12,"enemies":"Exordium Thugs","floor":7,"turns":5},{"damage":51,"enemies":"Gremlin Nob","floor":8,"turns":4}],"seed_played":"8387760928778522179","potions_obtained":[{"floor":1,"key":"SpeedPotion"}],"is_trial":false,"path_per_floor":["M","M","M","?","?","E","M","E"],"character_chosen":"IRONCLAD","items_purchased":[],"campfire_rested":0,"item_purchase_floors":[],"current_hp_per_floor":[72,71,77,77,77,55,49,0],"gold":202,"neow_bonus":"ONE_RANDOM_RARE_CARD","is_prod":false,"is_daily":false,"chose_seed":false,"campfire_upgraded":0,"win_rate":0,"timestamp":1559347139,"path_taken":["M","M","M","?","?","E","?","E"],"build_version":"2019-01-23","purchased_purges":0,"victory":false,"max_hp_per_floor":[80,80,80,80,80,80,80,80],"card_choices":[{"not_picked":["Second Wind","Wild Strike"],"picked":"Rampage","floor":1},{"not_picked":["Clothesline","True Grit"],"picked":"Shrug It Off","floor":2},{"not_picked":["Seeing Red","Wild Strike"],"picked":"Hemokinesis","floor":3},{"not_picked":["Heavy Blade","Searing Blow"],"picked":"Demon Form","floor":6},{"not_picked":["Ghostly Armor","Pommel Strike"],"picked":"Whirlwind","floor":7}],"player_experience":320927,"relics_obtained":[{"floor":6,"key":"Vajra"}],"event_choices":[{"damage_healed":0,"gold_gain":0,"player_choice":"Take Wound","damage_taken":0,"relics_obtained":["Golden Idol"],"max_hp_gain":0,"max_hp_loss":0,"event_name":"Golden Idol","floor":4,"gold_loss":0,"cards_obtained":["Injury"]},{"damage_healed":0,"gold_gain":0,"cards_transformed":["Strike_R"],"player_choice":"Transformed","damage_taken":0,"max_hp_gain":0,"max_hp_loss":0,"event_name":"Transmorgrifier","floor":5,"gold_loss":0,"cards_obtained":["Inflame"]}],"is_beta":false,"boss_relics":[],"items_purged_floors":[],"is_endless":false,"potions_floor_spawned":[1],"killed_by":"Gremlin Nob","ascension_level":11}