{"gold_per_floor":[119,119,119,96,271,314,314,314,340,340,378,39,52,66,66,189,189,205,228,138,153,171,171,195,195],"floor_reached":25,"playtime":1822,"items_purged":[],"score":221,"play_id":"d1eaebae-3853-4bbb-a215-0bce73bddff9","local_time":"20181120230737","is_ascension_mode":true,"campfire_choices":[{"floor":7,"key":"REST"},{"floor":15,"key":"REST"},{"floor":23,"key":"REST"}],"neow_cost":"NONE","seed_source_timestamp":548672829180116,"circlet_count":0,"master_deck":["Defend_G","Defend_G+1","Defend_G","Defend_G+1","Defend_G","Strike_G","Strike_G+1","Strike_G+1","Strike_G","Survivor","Neutralize","Bouncing Flask+1","Well Laid Plans","A Thousand Cuts","Bouncing Flask","Apotheosis","Dark Shackles","Cloak And Dagger","Poisoned Stab","Corpse Explosion","Dodge and Roll","Backflip","Dash+1","Backflip","Noxious Fumes"],"relics":["Ring of the Serpent","Golden Idol","Matryoshka","Sundial","War Paint","Paper Crane","Bottled Flame","Odd Mushroom"],"potions_floor_usage":[14,16,16,24,25],"damage_taken":[{"damage":0,"enemies":"2 Louse","floor":1,"turns":4},{"damage":22,"enemies":"Lagavulin","floor":6,"turns":6},{"damage":38,"enemies":"The Mushroom Lair","floor":11,"turns":6},{"damage":0,"enemies":"Small Slimes","floor":13,"turns":2},{"damage":0,"enemies":"Cultist","floor":14,"turns":3},{"damage":14,"enemies":"Slime Boss","floor":16,"turns":10},{"damage":15,"enemies":"Spheric Guardian","floor":18,"turns":5},{"damage":20,"enemies":"3 Byrds","floor":19,"turns":4},{"damage":11,"enemies":"Snake Plant","floor":21,"turns":4},{"damage":19,"enemies":"Centurion and Healer","floor":22,"turns":8},{"damage":11,"enemies":"Chosen and Byrds","floor":24,"turns":8},{"damage":34,"enemies":"Slavers","floor":25,"turns":3}],"seed_played":"-2762885300439357028","potions_obtained":[{"floor":11,"key":"FearPotion"},{"floor":13,"key":"FearPotion"},{"floor":14,"key":"GhostInAJar"},{"floor":16,"key":"Strength Potion"},{"floor":19,"key":"LiquidBronze"}],"is_trial":false,"path_per_floor":["M","?","?","?","?","E","R","?","T","T","?","$","M","M","R","B",null,"M","M","?","M","M","R","M","E"],"character_chosen":"THE_SILENT","items_purchased":["Apotheosis","Dark Shackles","Dexterity Potion"],"campfire_rested":3,"item_purchase_floors":[12,12,12],"current_hp_per_floor":[77,58,43,43,43,21,44,44,44,44,6,6,6,6,29,15,77,62,42,42,31,12,35,24,0],"gold":195,"neow_bonus":"TEN_PERCENT_HP_BONUS","is_prod":false,"is_daily":false,"chose_seed":false,"campfire_upgraded":0,"win_rate":0,"timestamp":1542773257,"path_taken":["M","?","?","?","?","E","R","?","T","?","?","?","?","M","R","BOSS","M","M","?","M","?","R","M","E"],"build_version":"2018-11-15","purchased_purges":0,"victory":false,"max_hp_per_floor":[77,77,77,77,77,77,77,77,77,77,77,77,77,77,77,77,77,77,77,77,77,77,77,77,77],"card_choices":[{"not_picked":["Backflip","Acrobatics"],"picked":"Bouncing Flask","floor":1},{"not_picked":["Distraction","Backstab"],"picked":"Well Laid Plans","floor":6},{"not_picked":["Prepared","Concentrate"],"picked":"Bouncing Flask","floor":11},{"not_picked":["PiercingWail","Acrobatics"],"picked":"Cloak And Dagger","floor":13},{"not_picked":["Reflex","Slice"],"picked":"Poisoned Stab","floor":14},{"not_picked":["Storm of Steel","Venomology"],"picked":"Corpse Explosion","floor":16},{"not_picked":["Deflect","Dagger Throw"],"picked":"Dodge and Roll","floor":18},{"not_picked":["Infinite Blades+1","Flying Knee+1"],"picked":"Backflip","floor":19},{"not_picked":["Crippling Poison","Acrobatics"],"picked":"Dash+1","floor":21},{"not_picked":["Catalyst","Infinite Blades"],"picked":"Backflip","floor":22},{"not_picked":["Eviscerate","Flying Knee"],"picked":"Noxious Fumes","floor":24}],"player_experience":121188,"relics_obtained":[{"floor":6,"key":"Matryoshka"},{"floor":9,"key":"Sundial"},{"floor":9,"key":"War Paint"},{"floor":10,"key":"Paper Crane"},{"floor":10,"key":"Bottled Flame"},{"floor":11,"key":"Odd Mushroom"}],"event_choices":[{"damage_healed":0,"gold_gain":0,"player_choice":"Take Damage","damage_taken":19,"relics_obtained":["Golden Idol"],"max_hp_gain":0,"max_hp_loss":0,"event_name":"Golden Idol","floor":2,"gold_loss":0},{"damage_healed":0,"gold_gain":0,"player_choice":"Entered Light","damage_taken":15,"max_hp_gain":0,"max_hp_loss":0,"event_name":"Shining Light","floor":3,"gold_loss":0,"cards_upgraded":["Bouncing Flask","Strike_G"]},{"damage_healed":0,"gold_gain":0,"player_choice":"Left Gold","damage_taken":0,"max_hp_gain":0,"max_hp_loss":0,"event_name":"World of Goop","floor":4,"gold_loss":23},{"damage_healed":0,"gold_gain":175,"player_choice":"AGREE","damage_taken":0,"max_hp_gain":0,"max_hp_loss":0,"event_name":"Liars Game","floor":5,"gold_loss":0,"cards_obtained":["Doubt"]},{"damage_healed":0,"gold_gain":0,"cards_transformed":["Strike_G"],"player_choice":"Change","damage_taken":0,"max_hp_gain":0,"max_hp_loss":0,"event_name":"Living Wall","floor":8,"gold_loss":0,"cards_obtained":["A Thousand Cuts"]},{"damage_healed":0,"gold_gain":0,"player_choice":"Fought Mushrooms","damage_taken":0,"max_hp_gain":0,"max_hp_loss":0,"event_name":"Mushrooms","floor":11,"gold_loss":0},{"cards_removed":["Doubt"],"damage_healed":0,"gold_gain":0,"player_choice":"Upgrade and Remove","damage_taken":0,"max_hp_gain":0,"max_hp_loss":0,"event_name":"Designer","floor":20,"gold_loss":90,"cards_upgraded":["Strike_G"]}],"is_beta":false,"boss_relics":[{"not_picked":["Cursed Key","Sozu"],"picked":"Ring of the Serpent"}],"items_purged_floors":[],"is_endless":false,"potions_floor_spawned":[11,13,14,16,19],"killed_by":"Slavers","ascension_level":2}