{"gold_per_floor":[112,112,112,112,132,132,132,457,503,516,516,533,583,612,612,612],"floor_reached":16,"playtime":2207,"items_purged":[],"score":108,"play_id":"8981acc2-681f-41d0-bbc0-a6e14102ef45","local_time":"20181009223809","is_ascension_mode":true,"campfire_choices":[{"data":"Backflip","floor":6,"key":"SMITH"},{"data":"Backstab","floor":11,"key":"SMITH"},{"floor":15,"key":"REST"}],"neow_cost":"","seed_source_timestamp":548950006115150,"circlet_count":0,"master_deck":["Defend_G","Defend_G","Defend_G","Defend_G","Defend_G","Strike_G","Strike_G","Strike_G","Strike_G","Strike_G","Survivor","Neutralize","Backflip+1","Sucker Punch","Regret","Backstab+1","Dash","Catalyst"],"relics":["Ring of the Snake","Juzu Bracelet","Potion Belt","SsserpentHead","Lantern","Centennial Puzzle","Strawberry"],"potions_floor_usage":[12,16],"damage_taken":[{"damage":10,"enemies":"Jaw Worm","floor":1,"turns":8},{"damage":7,"enemies":"2 Louse","floor":5,"turns":3},{"damage":0,"enemies":"Small Slimes","floor":10,"turns":4},{"damage":7,"enemies":"Gremlin Gang","floor":12,"turns":6},{"damage":10,"enemies":"3 Sentries","floor":14,"turns":10},{"damage":59,"enemies":"The Guardian","floor":16,"turns":13}],"seed_played":"5557985551440566659","potions_obtained":[{"floor":5,"key":"Fire Potion"},{"floor":12,"key":"Block Potion"}],"is_trial":false,"path_per_floor":["M","?","T","?","M","R","?","?","T","M","R","M","T","E","R"],"character_chosen":"THE_SILENT","items_purchased":[],"campfire_rested":1,"item_purchase_floors":[],"current_hp_per_floor":[60,18,18,41,34,34,34,34,34,34,34,27,27,24,47,0],"gold":612,"neow_bonus":"","is_prod":false,"is_daily":false,"chose_seed":false,"campfire_upgraded":2,"win_rate":0,"timestamp":1539139089,"path_taken":["M","?","?","?","M","R","?","?","T","M","R","M","?","E","R","BOSS"],"build_version":"2018-09-06","purchased_purges":0,"victory":false,"max_hp_per_floor":[70,70,70,70,70,70,70,70,70,70,70,70,70,77,77,77],"card_choices":[{"not_picked":["Dodge and Roll","Quick Slash"],"picked":"Backflip","floor":1},{"not_picked":["Riddle With Holes","Prepared"],"picked":"Sucker Punch","floor":5},{"not_picked":["Slice","Well Laid Plans"],"picked":"Backstab","floor":10},{"not_picked":["Night Terror","Prepared"],"picked":"Dash","floor":12},{"not_picked":["Blade Dance","Deadly Poison"],"picked":"Catalyst","floor":14}],"player_experience":84121,"relics_obtained":[{"floor":3,"key":"Potion Belt"},{"floor":9,"key":"Lantern"},{"floor":13,"key":"Centennial Puzzle"},{"floor":14,"key":"Strawberry"}],"event_choices":[{"event_name":"Scrap Ooze","player_choice":"success","floor":2,"damage_taken":42},{"event_name":"Big Fish","player_choice":"Banana","floor":4,"damage_taken":0},{"event_name":"FaceTrader","player_choice":"Trade","floor":7,"damage_taken":0},{"event_name":"Golden Shrine","player_choice":"Desecrate","floor":8,"damage_taken":0}],"is_beta":false,"boss_relics":[],"items_purged_floors":[],"is_endless":false,"potions_floor_spawned":[5,12],"killed_by":"The Guardian","ascension_level":2}