{"gold_per_floor":[109,34,34,44,219,219,245,245,245,258,287,304,323,20,20,121,121,133,133,163,175,175,175,201,201,201,229,229,242,271,17,17,122,122,138,45,56,56,76,104,326,326,349,376,376,376,37,56,56,56],"floor_reached":51,"playtime":1642,"items_purged":["Parasite","Doubt","Strike_R","Defend_R"],"score":1167,"play_id":"aa27ec78-d139-4903-ab56-9e04abcb00dc","local_time":"20190403170833","is_ascension_mode":true,"campfire_choices":[{"data":"Bash","floor":6,"key":"SMITH"},{"data":"Evolve","floor":15,"key":"SMITH"},{"floor":23,"key":"REST"},{"floor":25,"key":"REST"},{"floor":28,"key":"REST"},{"floor":32,"key":"REST"},{"floor":42,"key":"REST"},{"floor":45,"key":"REST"},{"floor":49,"key":"REST"}],"neow_cost":"CURSE","seed_source_timestamp":99811259800987,"circlet_count":0,"master_deck":["Strike_R","Defend_R","Defend_R","Bash+1","Evolve+1","Reaper","Carnage","Headbutt","Pommel Strike+1","Iron Wave+1","Offering","Cleave+1","Feed+1","Armaments+1","Rage","Feed+1","Inflame+1","Heavy Blade+1","Shrug It Off","Reaper+1","Enlightenment","Shrug It Off+1","Swift Strike+1","Ghostly Armor+1","Flex+1","Iron Wave+1","Madness","Madness","Armaments+1","Pummel+1"],"relics":["Burning Blood","Anchor","Bronze Scales","Molten Egg 2","Bottled Lightning","Pen Nib","Fusion Hammer","Red Mask","Dodecahedron","Nunchaku","Smiling Mask","Orichalcum","Omamori","Mark of Pain","PreservedInsect","Ancient Tea Set","Pocketwatch","Toxic Egg 2"],"potions_floor_usage":[7,11,18,20,24,30,33,50,50],"damage_taken":[{"damage":13,"enemies":"Jaw Worm","floor":1,"turns":5},{"damage":0,"enemies":"Small Slimes","floor":4,"turns":3},{"damage":25,"enemies":"3 Sentries","floor":7,"turns":5},{"damage":4,"enemies":"2 Louse","floor":10,"turns":3},{"damage":35,"enemies":"Lagavulin","floor":11,"turns":5},{"damage":5,"enemies":"Exordium Thugs","floor":12,"turns":4},{"damage":6,"enemies":"2 Fungi Beasts","floor":13,"turns":3},{"damage":54,"enemies":"Slime Boss","floor":16,"turns":14},{"damage":24,"enemies":"Shell Parasite","floor":18,"turns":3},{"damage":13,"enemies":"Masked Bandits","floor":20,"turns":3},{"damage":6,"enemies":"Chosen","floor":21,"turns":2},{"damage":22,"enemies":"Slavers","floor":24,"turns":4},{"damage":30,"enemies":"Book of Stabbing","floor":27,"turns":4},{"damage":10,"enemies":"Snecko","floor":29,"turns":3},{"damage":34,"enemies":"Gremlin Leader","floor":30,"turns":4},{"damage":89,"enemies":"Automaton","floor":33,"turns":9},{"damage":6,"enemies":"Orb Walker","floor":35,"turns":2},{"damage":12,"enemies":"3 Darklings","floor":37,"turns":4},{"damage":6,"enemies":"Jaw Worm Horde","floor":39,"turns":4},{"damage":71,"enemies":"Nemesis","floor":40,"turns":9},{"damage":14,"enemies":"Giant Head","floor":44,"turns":5},{"damage":33,"enemies":"Maw","floor":48,"turns":7},{"damage":72,"enemies":"Donu and Deca","floor":50,"turns":9}],"seed_played":"-1448967821380743499","potions_obtained":[{"floor":1,"key":"Explosive Potion"},{"floor":4,"key":"LiquidBronze"},{"floor":10,"key":"Energy Potion"},{"floor":11,"key":"Explosive Potion"},{"floor":12,"key":"BloodPotion"},{"floor":21,"key":"Strength Potion"},{"floor":29,"key":"SteroidPotion"},{"floor":30,"key":"AttackPotion"},{"floor":35,"key":"EssenceOfSteel"},{"floor":39,"key":"Ancient Potion"}],"is_trial":false,"path_per_floor":["M","$","?","M","?","R","E","?","T","M","E","M","M","$","R","B",null,"M","?","?","M","?","R","E","R","T","E","R","M","E","$","R","B",null,"M","$","M","?","M","E","?","R","T","E","R","?","$","M","R","B",null],"character_chosen":"IRONCLAD","items_purchased":["Pen Nib","Cleave+1","Shrug It Off","Omamori","Enlightenment","Toxic Egg 2","Armaments+1"],"campfire_rested":7,"item_purchase_floors":[14,14,31,31,36,47,47],"current_hp_per_floor":[70,70,63,69,69,69,58,58,58,68,40,41,49,49,49,7,60,49,35,32,36,36,63,57,85,85,80,98,98,70,70,100,17,81,81,81,101,101,105,59,59,92,92,102,110,96,96,85,114,74],"gold":56,"neow_bonus":"TRANSFORM_TWO_CARDS","is_prod":false,"is_daily":false,"chose_seed":false,"campfire_upgraded":2,"win_rate":0,"timestamp":1554304113,"path_taken":["M","$","?","M","?","R","E","?","T","?","E","M","M","$","R","BOSS","M","?","?","M","?","R","E","R","T","E","R","M","E","$","R","BOSS","M","$","M","?","M","E","?","R","T","E","R","?","$","M","R","BOSS"],"build_version":"2019-01-23","purchased_purges":4,"victory":true,"max_hp_per_floor":[80,77,77,77,77,77,77,77,77,77,77,77,77,77,77,77,77,77,82,86,90,90,90,94,94,94,98,98,102,102,102,102,102,102,102,102,102,102,106,110,110,110,110,110,110,110,110,114,114,118],"card_choices":[{"not_picked":["Twin Strike","Clothesline"],"picked":"Carnage","floor":1},{"not_picked":["Intimidate","Flex"],"picked":"Headbutt","floor":4},{"not_picked":["Sword Boomerang","Headbutt","Body Slam"],"picked":"SKIP","floor":7},{"not_picked":["Headbutt+1","Disarm"],"picked":"Pommel Strike+1","floor":10},{"not_picked":["Warcry","Evolve"],"picked":"Iron Wave+1","floor":11},{"not_picked":["Dual Wield","Offering","Power Through"],"picked":"SKIP","floor":12},{"not_picked":["Dual Wield","Power Through"],"picked":"Offering","floor":12},{"not_picked":["Sword Boomerang+1","Pommel Strike+1","Wild Strike+1"],"picked":"SKIP","floor":13},{"not_picked":["Juggernaut","Reaper+1"],"picked":"Feed+1","floor":16},{"not_picked":["Blood for Blood+1","Warcry","Carnage+1"],"picked":"SKIP","floor":18},{"not_picked":["Combust","Corruption"],"picked":"Armaments+1","floor":20},{"not_picked":["Burning Pact+1","Cleave+1","Rupture"],"picked":"SKIP","floor":21},{"not_picked":["Impervious","Warcry"],"picked":"Feed+1","floor":24},{"not_picked":["Searing Blow+1","Perfected Strike+1","Offering"],"picked":"SKIP","floor":27},{"not_picked":["Uppercut+1","Anger+1"],"picked":"Inflame+1","floor":29},{"not_picked":["Perfected Strike+1","Havoc"],"picked":"Heavy Blade+1","floor":30},{"not_picked":["Impervious","Feed+1"],"picked":"Reaper+1","floor":33},{"not_picked":["Flex","Twin Strike+1","Rupture+1"],"picked":"SKIP","floor":35},{"not_picked":["Warcry","Feel No Pain"],"picked":"Shrug It Off+1","floor":37},{"not_picked":["Good Instincts","Chrysalis"],"picked":"Swift Strike+1","floor":38},{"not_picked":["Sword Boomerang+1","Warcry"],"picked":"Ghostly Armor+1","floor":39},{"not_picked":["Shrug It Off","Anger+1"],"picked":"Flex+1","floor":40},{"not_picked":["Dual Wield+1","Shockwave"],"picked":"Iron Wave+1","floor":44},{"not_picked":["Clash+1","Entrench+1"],"picked":"Pummel+1","floor":48}],"player_experience":135989,"relics_obtained":[{"floor":7,"key":"Anchor"},{"floor":9,"key":"Molten Egg 2"},{"floor":11,"key":"Bottled Lightning"},{"floor":20,"key":"Red Mask"},{"floor":24,"key":"Dodecahedron"},{"floor":26,"key":"Nunchaku"},{"floor":27,"key":"Smiling Mask"},{"floor":30,"key":"Orichalcum"},{"floor":40,"key":"PreservedInsect"},{"floor":43,"key":"Ancient Tea Set"},{"floor":44,"key":"Pocketwatch"}],"event_choices":[{"cards_removed":["Strike_R"],"damage_healed":0,"gold_gain":0,"player_choice":"Card Removal","damage_taken":7,"max_hp_gain":0,"max_hp_loss":0,"event_name":"Golden Wing","floor":3,"gold_loss":0},{"damage_healed":0,"gold_gain":175,"player_choice":"AGREE","damage_taken":0,"max_hp_gain":0,"max_hp_loss":0,"event_name":"Liars Game","floor":5,"gold_loss":0,"cards_obtained":["Doubt"]},{"damage_healed":0,"gold_gain":0,"player_choice":"Gave Potion","damage_taken":0,"relics_obtained":["Bronze Scales"],"max_hp_gain":0,"max_hp_loss":0,"event_name":"WeMeetAgain","floor":8,"gold_loss":0},{"damage_healed":0,"gold_gain":0,"player_choice":"Shed Blood","damage_taken":19,"max_hp_gain":5,"max_hp_loss":0,"event_name":"Forgotten Altar","floor":19,"gold_loss":0},{"damage_healed":0,"gold_gain":0,"player_choice":"Fought Bandits","damage_taken":0,"max_hp_gain":0,"max_hp_loss":0,"event_name":"Masked Bandits","floor":20,"gold_loss":0},{"damage_healed":0,"gold_gain":0,"cards_transformed":["Strike_R"],"player_choice":"Transformed","damage_taken":0,"max_hp_gain":0,"max_hp_loss":0,"event_name":"Transmorgrifier","floor":22,"gold_loss":0,"cards_obtained":["Rage"]},{"damage_healed":0,"gold_gain":0,"player_choice":"Memory 1","damage_taken":0,"max_hp_gain":0,"max_hp_loss":0,"event_name":"SensoryStone","floor":38,"gold_loss":0},{"damage_healed":0,"gold_gain":222,"player_choice":"Wore Mask","damage_taken":0,"max_hp_gain":0,"max_hp_loss":0,"event_name":"Tomb of Lord Red Mask","floor":41,"gold_loss":0},{"damage_healed":0,"gold_gain":0,"player_choice":"Embrace Madness","damage_taken":14,"max_hp_gain":0,"max_hp_loss":0,"event_name":"Winding Halls","floor":46,"gold_loss":0,"cards_obtained":["Madness","Madness"]}],"is_beta":false,"boss_relics":[{"not_picked":["Sozu","Black Star"],"picked":"Fusion Hammer"},{"not_picked":["Philosopher\u0027s Stone","Orrery"],"picked":"Mark of Pain"}],"items_purged_floors":[2,14,31,47],"is_endless":false,"potions_floor_spawned":[1,4,10,11,12,21,29,30,35,39],"ascension_level":8}