{"gold_per_floor":[116,116,116,24,24,24,24,24,24,37,70,70,101,119,119,213,213,229,229,229,245,50,81,95,95,119,143,143,143,163,178,178,273,273,291,310,310,310,326,326,362,378,404,737,737,737],"floor_reached":46,"playtime":11713,"items_purged":[],"score":877,"play_id":"ea743d9e-e6a9-4b27-ae49-141855fd1a80","local_time":"20180810205614","is_ascension_mode":true,"campfire_choices":[{"data":"Neutralize","floor":6.0,"key":"SMITH"},{"data":"Cloak And Dagger","floor":8.0,"key":"SMITH"},{"data":"Dash","floor":12.0,"key":"SMITH"},{"data":"Caltrops","floor":15.0,"key":"SMITH"},{"floor":25.0,"key":"REST"},{"data":"Night Terror","floor":29.0,"key":"SMITH"},{"data":"Backflip","floor":32.0,"key":"SMITH"},{"data":"Burst","floor":40.0,"key":"SMITH"},{"data":"Phantasmal Killer","floor":45.0,"key":"SMITH"}],"neow_cost":"NONE","seed_source_timestamp":2540128291700346,"circlet_count":0,"master_deck":["Defend_G+1","Defend_G+1","Defend_G+1","Defend_G+1","Defend_G+1","Strike_G+1","Strike_G+1","Survivor","Neutralize+1","AscendersBane","Cloak And Dagger+1","Caltrops+1","Deflect","Prepared","Dash+1","Expertise","Flying Knee","Backflip","Night Terror+1","Backflip+1","RitualDagger","Predator","Corpse Explosion","Crippling Poison","Burst+1","Backflip","Phantasmal Killer+1","Footwork","Adrenaline","Blur+1"],"special_seed":0,"relics":["Lizard Tail","GremlinMask","Nunchaku","Pantograph","Mercury Hourglass","Sozu","ClockworkSouvenir","The Specimen","Bronze Scales","Coffee Dripper","Pen Nib","Ancient Tea Set"],"potions_floor_usage":[],"damage_taken":[{"damage":3.0,"enemies":"Small Slimes","floor":1.0,"turns":7.0},{"damage":3.0,"enemies":"Jaw Worm","floor":10.0,"turns":6.0},{"damage":11.0,"enemies":"3 Sentries","floor":11.0,"turns":10.0},{"damage":40.0,"enemies":"Gremlin Nob","floor":13.0,"turns":6.0},{"damage":0.0,"enemies":"2 Louse","floor":14.0,"turns":2.0},{"damage":13.0,"enemies":"The Guardian","floor":16.0,"turns":13.0},{"damage":8.0,"enemies":"Chosen","floor":18.0,"turns":5.0},{"damage":0.0,"enemies":"Shell Parasite","floor":21.0,"turns":6.0},{"damage":11.0,"enemies":"Gremlin Leader","floor":23.0,"turns":11.0},{"damage":22.0,"enemies":"Snake Plant","floor":24.0,"turns":4.0},{"damage":0.0,"enemies":"Cultist and Chosen","floor":27.0,"turns":3.0},{"damage":0.0,"enemies":"Snecko","floor":30.0,"turns":5.0},{"damage":9.0,"enemies":"Centurion and Healer","floor":31.0,"turns":6.0},{"damage":34.0,"enemies":"Automaton","floor":33.0,"turns":12.0},{"damage":12.0,"enemies":"3 Shapes","floor":35.0,"turns":3.0},{"damage":3.0,"enemies":"Orb Walker","floor":36.0,"turns":3.0},{"damage":22.0,"enemies":"Jaw Worm Horde","floor":39.0,"turns":4.0},{"damage":5.0,"enemies":"Giant Head","floor":41.0,"turns":12.0},{"damage":9.0,"enemies":"Maw","floor":42.0,"turns":7.0},{"damage":15,"enemies":"Transient","floor":46,"turns":4}],"seed_played":"-6795090961790922708","potions_obtained":[{"floor":10.0,"key":"AttackPotion"},{"floor":14.0,"key":"Dexterity Potion"},{"floor":16.0,"key":"AttackPotion"}],"is_trial":false,"path_per_floor":["M","?","?","$","?","R","?","R","T","M","E","R","E","M","R","B",null,"M","?","?","M","$","E","M","R","T","M","?","R","M","M","R","B",null,"M","M","?","?","M","R","E","M","T","?","R"],"character_chosen":"THE_SILENT","items_purchased":["Caltrops","Deflect","ClockworkSouvenir"],"campfire_rested":1,"item_purchase_floors":[4,4,22],"current_hp_per_floor":[56,33,33,33,33,33,33,33,33,30,19,19,21,21,21,33,58,50,44,44,44,44,33,11,30,30,30,30,30,30,21,21,12,53,41,38,38,38,16,16,11,2,2,2,2,0],"gold":737,"neow_bonus":"BOSS_RELIC","is_prod":false,"is_daily":false,"chose_seed":false,"campfire_upgraded":8,"win_rate":0,"timestamp":1533927374,"path_taken":["M","?","?","$","?","R","?","R","T","M","E","R","E","M","R","BOSS","M","?","?","M","$","E","M","R","T","M","?","R","M","M","R","BOSS","M","M","?","?","M","R","E","M","T","?","R","M"],"build_version":"2018-08-08","purchased_purges":0,"victory":false,"max_hp_per_floor":[66,66,66,66,66,66,66,66,66,66,66,66,66,66,66,66,66,66,66,66,66,66,66,66,66,66,66,66,66,66,66,66,66,66,66,66,66,66,66,66,66,66,66,66,66,66],"card_choices":[{"not_picked":["PiercingWail","Dagger Spray"],"picked":"Cloak And Dagger","floor":1.0},{"not_picked":["Dagger Spray","Finisher"],"picked":"Dash","floor":10.0},{"not_picked":["Tactician","Accuracy"],"picked":"Expertise","floor":11.0},{"not_picked":["Accuracy","Calculated Gamble"],"picked":"Flying Knee","floor":13.0},{"not_picked":["Bane","Acrobatics"],"picked":"Backflip","floor":14.0},{"not_picked":["Doppelganger","Unload"],"picked":"Night Terror","floor":16.0},{"not_picked":["Riddle With Holes","Cloak And Dagger"],"picked":"Backflip","floor":18.0},{"not_picked":["Flying Knee","Endless Agony"],"picked":"Predator","floor":21.0},{"not_picked":["Bane+1","Prepared"],"picked":"Corpse Explosion","floor":23.0},{"not_picked":["Catalyst","Flying Knee"],"picked":"Crippling Poison","floor":31.0},{"not_picked":["Doppelganger","Wraith Form v2"],"picked":"Burst","floor":33.0},{"not_picked":["Underhanded Strike+1","Blade Dance"],"picked":"Backflip","floor":36.0},{"not_picked":["Outmaneuver+1","Endless Agony"],"picked":"Footwork","floor":39.0},{"not_picked":["Backstab","Dodge and Roll"],"picked":"Adrenaline","floor":41.0},{"not_picked":["Acrobatics","Blade Dance"],"picked":"Blur+1","floor":42.0}],"player_experience":1119722,"relics_obtained":[{"floor":9.0,"key":"Nunchaku"},{"floor":11.0,"key":"Pantograph"},{"floor":13.0,"key":"Mercury Hourglass"},{"floor":23.0,"key":"The Specimen"},{"floor":26.0,"key":"Bronze Scales"},{"floor":41.0,"key":"Pen Nib"},{"floor":43.0,"key":"Ancient Tea Set"}],"event_choices":[{"event_name":"Golden Idol","player_choice":"Take Damage","floor":2.0,"damage_taken":0.0},{"event_name":"FaceTrader","player_choice":"Trade","floor":3.0,"damage_taken":0.0},{"event_name":"Purifier","player_choice":"One Purge","floor":5.0,"damage_taken":0.0},{"event_name":"Transmorgrifier","player_choice":"Transform","floor":7.0,"damage_taken":0.0},{"event_name":"Nest","player_choice":"Joined the Cult","floor":19.0,"damage_taken":0.0},{"event_name":"Drug Dealer","player_choice":"Ignored","floor":20.0,"damage_taken":0.0},{"event_name":"Back to Basics","player_choice":"Simplicity","floor":28.0,"damage_taken":0.0},{"event_name":"Tomb of Lord Red Mask","player_choice":"Ignored","floor":37.0,"damage_taken":0.0},{"event_name":"Transmorgrifier","player_choice":"Transform","floor":38.0,"damage_taken":0.0},{"event_name":"The Moai Head","player_choice":"Gave Idol","floor":44.0,"damage_taken":0.0}],"is_beta":true,"boss_relics":[{"not_picked":["Snecko Eye","Orrery"],"picked":"Sozu"},{"not_picked":["Velvet Choker","Black Star"],"picked":"Coffee Dripper"}],"items_purged_floors":[],"is_endless":false,"potions_floor_spawned":[10,14,16,21,27,31,33,39,41],"killed_by":"Transient","ascension_level":15}