{"gold_per_floor":[117,292,292,310,330,330,350,350,350,350,361,381,81,96,96,96],"floor_reached":16,"playtime":456,"items_purged":["Doubt"],"score":124,"play_id":"7810c594-c01e-4756-a492-c0bcc6833c37","local_time":"20190329195540","is_ascension_mode":true,"campfire_choices":[{"data":"Riddle With Holes","floor":6,"key":"SMITH"},{"data":"Neutralize","floor":10,"key":"SMITH"},{"data":"Dagger Spray","floor":15,"key":"SMITH"}],"neow_cost":"NONE","seed_source_timestamp":633721020038868,"circlet_count":0,"master_deck":["Defend_G","Defend_G","Defend_G","Defend_G","Strike_G","Strike_G","Strike_G","Strike_G","Survivor","Neutralize+1","Riddle With Holes+1","Deflect","Dagger Spray+1","Deflect","Noxious Fumes"],"relics":["Ring of the Snake","Bottled Flame","Odd Mushroom","Lantern"],"potions_floor_usage":[7,14,16],"damage_taken":[{"damage":3,"enemies":"Jaw Worm","floor":1,"turns":5},{"damage":0,"enemies":"Cultist","floor":4,"turns":4},{"damage":2,"enemies":"Small Slimes","floor":5,"turns":4},{"damage":5,"enemies":"2 Fungi Beasts","floor":7,"turns":4},{"damage":2,"enemies":"Blue Slaver","floor":11,"turns":5},{"damage":15,"enemies":"The Mushroom Lair","floor":12,"turns":4},{"damage":14,"enemies":"Exordium Wildlife","floor":14,"turns":6},{"damage":38,"enemies":"Slime Boss","floor":16,"turns":9}],"seed_played":"4450537496976023138","potions_obtained":[{"floor":5,"key":"Energy Potion"},{"floor":12,"key":"AttackPotion"},{"floor":14,"key":"Explosive Potion"}],"is_trial":false,"path_per_floor":["M","?","?","M","M","R","M","?","T","R","M","?","$","M","R","B"],"character_chosen":"THE_SILENT","items_purchased":["Lantern","Noxious Fumes"],"campfire_rested":0,"item_purchase_floors":[13,13],"current_hp_per_floor":[60,60,60,60,58,58,53,58,58,58,56,41,41,27,27,0],"gold":96,"neow_bonus":"REMOVE_CARD","is_prod":false,"is_daily":false,"chose_seed":false,"campfire_upgraded":3,"win_rate":0,"timestamp":1553885740,"path_taken":["M","?","?","?","M","R","M","?","T","R","M","?","$","M","R","BOSS"],"build_version":"2019-01-23","purchased_purges":1,"victory":false,"max_hp_per_floor":[70,70,70,70,70,70,70,75,75,75,75,75,75,75,75,75],"card_choices":[{"not_picked":["Quick Slash","PiercingWail"],"picked":"Riddle With Holes","floor":1},{"not_picked":["Tactician","Quick Slash"],"picked":"Deflect","floor":4},{"not_picked":["Flying Knee","Heel Hook"],"picked":"Dagger Spray","floor":5},{"not_picked":["Cloak And Dagger","Skewer"],"picked":"Deflect","floor":7},{"not_picked":["Underhanded Strike","Setup","Prepared"],"picked":"SKIP","floor":11},{"not_picked":["Eviscerate","Setup","Underhanded Strike"],"picked":"SKIP","floor":14}],"player_experience":113716,"relics_obtained":[{"floor":9,"key":"Bottled Flame"},{"floor":12,"key":"Odd Mushroom"}],"event_choices":[{"damage_healed":0,"gold_gain":175,"player_choice":"AGREE","damage_taken":0,"max_hp_gain":0,"max_hp_loss":0,"event_name":"Liars Game","floor":2,"gold_loss":0,"cards_obtained":["Doubt"]},{"cards_removed":["Strike_G"],"damage_healed":0,"gold_gain":0,"player_choice":"Offered Basic","damage_taken":0,"max_hp_gain":0,"max_hp_loss":0,"event_name":"Bonfire Elementals","floor":3,"gold_loss":0},{"damage_healed":0,"gold_gain":0,"player_choice":"Donut","damage_taken":0,"max_hp_gain":5,"max_hp_loss":0,"event_name":"Big Fish","floor":8,"gold_loss":0},{"damage_healed":0,"gold_gain":0,"player_choice":"Fought Mushrooms","damage_taken":0,"max_hp_gain":0,"max_hp_loss":0,"event_name":"Mushrooms","floor":12,"gold_loss":0}],"is_beta":false,"boss_relics":[],"items_purged_floors":[13],"is_endless":false,"potions_floor_spawned":[5,12,14],"killed_by":"Slime Boss","ascension_level":7}