{"gold_per_floor":[10,10,25,40,40,65,65,240,313,313,323,343,368,159,159,262,262,262,262,262,262,262,262,262,45,45,45,45,45,45,45],"floor_reached":31,"playtime":1839,"items_purged":["Writhe"],"score":302,"play_id":"64637c82-c609-4e4c-9c32-9c58e9161a7e","local_time":"20190502031752","is_ascension_mode":true,"campfire_choices":[{"floor":7,"key":"REST"},{"floor":15,"key":"REST"},{"floor":24,"key":"REST"},{"data":"Defragment","floor":28,"key":"SMITH"}],"neow_cost":"NO_GOLD","seed_source_timestamp":3760717376446368,"circlet_count":0,"master_deck":["Strike_B+1","Strike_B","Strike_B","Strike_B","Defend_B","Defend_B","Defend_B","Defend_B","Zap","Dualcast","Coolheaded","Cold Snap+1","Beam Cell","Hologram","Conserve Battery","White Noise","Seek","Loop","Panache","Hologram","Electrodynamics","Capacitor+1","Defragment","Conserve Battery","Ball Lightning","Defragment+1","Defragment+1","Sunder","Genetic Algorithm","Shame","Hologram"],"relics":["Cracked Core","Dream Catcher","Question Card","Lantern","Ectoplasm","Potion Belt","Pen Nib","Blue Candle","Kunai"],"potions_floor_usage":[16,16,31,31],"damage_taken":[{"damage":11,"enemies":"Small Slimes","floor":1,"turns":4},{"damage":10,"enemies":"2 Louse","floor":3,"turns":3},{"damage":0,"enemies":"Cultist","floor":4,"turns":3},{"damage":29,"enemies":"Lagavulin","floor":6,"turns":6},{"damage":4,"enemies":"Blue Slaver","floor":11,"turns":3},{"damage":0,"enemies":"Exordium Wildlife","floor":12,"turns":3},{"damage":36,"enemies":"Gremlin Nob","floor":13,"turns":5},{"damage":24,"enemies":"Slime Boss","floor":16,"turns":12},{"damage":9,"enemies":"Chosen","floor":18,"turns":3},{"damage":11,"enemies":"Spheric Guardian","floor":20,"turns":3},{"damage":5,"enemies":"Centurion and Healer","floor":22,"turns":5},{"damage":39,"enemies":"Slavers","floor":23,"turns":3},{"damage":37,"enemies":"Shelled Parasite and Fungi","floor":30,"turns":5},{"damage":22,"enemies":"3 Cultists","floor":31,"turns":4}],"seed_played":"1422015007716027042","potions_obtained":[{"floor":6,"key":"LiquidBronze"},{"floor":13,"key":"SpeedPotion"},{"floor":20,"key":"EssenceOfSteel"},{"floor":30,"key":"Explosive Potion"}],"is_trial":false,"path_per_floor":["?","?","?","?","M","?","?","?","?","M"],"character_chosen":"DEFECT","items_purchased":["Loop","Panache","Sunder","Genetic Algorithm"],"campfire_rested":3,"item_purchase_floors":[14,14,25,25],"current_hp_per_floor":[78,78,68,68,50,21,47,47,47,47,43,43,7,7,33,9,89,80,80,69,69,64,25,51,51,51,51,51,51,14,0],"gold":45,"neow_bonus":"TWENTY_PERCENT_HP_BONUS","is_prod":false,"is_daily":false,"chose_seed":false,"campfire_upgraded":1,"win_rate":0,"timestamp":1556781472,"path_taken":["M","?","M","M","?","E","R","?","T","?","?","M","E","$","R","BOSS","M","?","M","?","M","E","R","$","T","?","R","?","?","M"],"build_version":"2019-01-23","purchased_purges":1,"victory":false,"max_hp_per_floor":[89,89,89,89,89,89,89,89,89,89,89,89,89,89,89,89,89,89,89,89,89,89,89,89,89,89,89,89,89,89,89],"card_choices":[{"not_picked":["Leap","Steam"],"picked":"Coolheaded","floor":1},{"not_picked":["Rebound","Ball Lightning"],"picked":"Cold Snap","floor":3},{"not_picked":["Rebound","Gash"],"picked":"Beam Cell","floor":4},{"not_picked":["Steam Power","Beam Cell"],"picked":"Hologram","floor":6},{"not_picked":["Multi-Cast","Steam"],"picked":"Conserve Battery","floor":7},{"not_picked":["Rip and Tear","Sweeping Beam","Blizzard"],"picked":"White Noise","floor":11},{"not_picked":["Beam Cell","Doom and Gloom","Lockon","Leap"],"picked":"SKIP","floor":12},{"not_picked":["Ball Lightning","Undo","Sweeping Beam"],"picked":"Seek","floor":13},{"not_picked":["Rebound","Fusion","Gash"],"picked":"Hologram","floor":15},{"not_picked":["Amplify","All For One","Hyperbeam"],"picked":"Electrodynamics","floor":16},{"not_picked":["White Noise","Beam Cell","Stack"],"picked":"Capacitor+1","floor":18},{"not_picked":["Compile Driver","Ball Lightning","Go for the Eyes"],"picked":"Conserve Battery","floor":20},{"not_picked":["Go for the Eyes","Beam Cell","Melter"],"picked":"Ball Lightning","floor":22},{"not_picked":["Beam Cell","Coolheaded+1","Static Discharge+1"],"picked":"Defragment+1","floor":23},{"not_picked":["Ball Lightning","Cold Snap","Rebound"],"picked":"Defragment","floor":24},{"not_picked":["Thunder Strike","Steam","Doom and Gloom"],"picked":"Hologram","floor":30}],"player_experience":195925,"relics_obtained":[{"floor":6,"key":"Dream Catcher"},{"floor":9,"key":"Question Card"},{"floor":13,"key":"Lantern"},{"floor":23,"key":"Pen Nib"},{"floor":26,"key":"Blue Candle"}],"event_choices":[{"damage_healed":0,"gold_gain":0,"player_choice":"Leave","damage_taken":0,"max_hp_gain":0,"max_hp_loss":0,"event_name":"The Cleric","floor":2,"gold_loss":0},{"damage_healed":0,"gold_gain":0,"player_choice":"Entered Light","damage_taken":18,"max_hp_gain":0,"max_hp_loss":0,"event_name":"Shining Light","floor":5,"gold_loss":0,"cards_upgraded":["Strike_B","Cold Snap"]},{"damage_healed":0,"gold_gain":175,"player_choice":"AGREE","damage_taken":0,"max_hp_gain":0,"max_hp_loss":0,"event_name":"Liars Game","floor":8,"gold_loss":0,"cards_obtained":["Doubt"]},{"cards_removed":["Doubt"],"damage_healed":0,"gold_gain":0,"player_choice":"Purged","damage_taken":0,"max_hp_gain":0,"max_hp_loss":0,"event_name":"Purifier","floor":10,"gold_loss":0},{"damage_healed":0,"gold_gain":0,"player_choice":"Read","damage_taken":0,"max_hp_gain":0,"max_hp_loss":0,"event_name":"The Library","floor":19,"gold_loss":0,"cards_obtained":["Defragment"]},{"damage_healed":0,"gold_gain":0,"player_choice":"Opened","damage_taken":0,"relics_obtained":["Potion Belt"],"max_hp_gain":0,"max_hp_loss":0,"event_name":"The Mausoleum","floor":21,"gold_loss":0,"cards_obtained":["Writhe"]},{"damage_healed":0,"gold_gain":0,"player_choice":"Stole Relic","damage_taken":0,"relics_obtained":["Kunai"],"max_hp_gain":0,"max_hp_loss":0,"event_name":"Addict","floor":27,"gold_loss":0,"cards_obtained":["Shame"]},{"damage_healed":0,"gold_gain":0,"player_choice":"Ignored","damage_taken":0,"max_hp_gain":0,"max_hp_loss":0,"event_name":"Beggar","floor":29,"gold_loss":0}],"is_beta":false,"boss_relics":[{"not_picked":["Inserter","Empty Cage"],"picked":"Ectoplasm"}],"items_purged_floors":[25],"is_endless":false,"potions_floor_spawned":[6,13,20,30],"killed_by":"3 Cultists","ascension_level":3}