{"gold_per_floor":[109,120,195,207,132,158,158,158,158,158,170,190,202,230,230,334,334,344,378,120,137,148,148,167,167,167,167,185,204,231,231,231,329,329,341,441,316,538,558,588,588,608,608,624,639,658,658,671,671,671],"floor_reached":50,"playtime":4987,"items_purged":["Defend_R","Defend_R","Strike_R"],"score":558,"play_id":"70fac96f-b993-4b24-8a98-27bbc7395481","local_time":"20190217012714","is_ascension_mode":false,"campfire_choices":[{"data":"Armaments","floor":7,"key":"SMITH"},{"data":"Bash","floor":10,"key":"SMITH"},{"data":"Juggernaut","floor":15,"key":"SMITH"},{"data":"Strike_R","floor":23,"key":"PURGE"},{"data":"Metallicize","floor":25,"key":"SMITH"},{"data":"Strike_R","floor":27,"key":"PURGE"},{"data":"Strike_R","floor":32,"key":"PURGE"},{"data":"Writhe","floor":47,"key":"PURGE"},{"data":"Parasite","floor":49,"key":"PURGE"}],"neow_cost":"NONE","seed_source_timestamp":187496403795967,"circlet_count":0,"master_deck":["Strike_R+1","Defend_R","Bash+1","Headbutt","Armaments+1","Armaments","Clothesline","Metallicize+1","Thunderclap+1","Juggernaut+1","Flex","Cleave+1","Impervious","Battle Trance","Ghostly Armor+1","Carnage+1","Entrench+1","Feed","Evolve","Disarm"],"relics":["Burning Blood","Du-Vu Doll","Peace Pipe","Self Forming Clay","Coffee Dripper","Red Mask","Darkstone Periapt","Whetstone","White Beast Statue","Thread and Needle","Smiling Mask","Champion Belt"],"potions_floor_usage":[14,22,28,30,30,33,36,40,42,44,45,45,46,48,50],"damage_taken":[{"damage":6,"enemies":"Jaw Worm","floor":1,"turns":3},{"damage":1,"enemies":"2 Louse","floor":2,"turns":3},{"damage":0,"enemies":"Small Slimes","floor":4,"turns":3},{"damage":34,"enemies":"Lagavulin","floor":6,"turns":7},{"damage":9,"enemies":"2 Fungi Beasts","floor":11,"turns":4},{"damage":2,"enemies":"3 Louse","floor":12,"turns":5},{"damage":2,"enemies":"Blue Slaver","floor":13,"turns":4},{"damage":10,"enemies":"Gremlin Nob","floor":14,"turns":4},{"damage":28,"enemies":"Slime Boss","floor":16,"turns":9},{"damage":16,"enemies":"Spheric Guardian","floor":18,"turns":4},{"damage":29,"enemies":"Masked Bandits","floor":19,"turns":5},{"damage":0,"enemies":"Chosen","floor":21,"turns":4},{"damage":4,"enemies":"Centurion and Healer","floor":22,"turns":5},{"damage":7,"enemies":"Snecko","floor":24,"turns":4},{"damage":8,"enemies":"Chosen and Byrds","floor":28,"turns":4},{"damage":10,"enemies":"Cultist and Chosen","floor":29,"turns":5},{"damage":6,"enemies":"Book of Stabbing","floor":30,"turns":5},{"damage":23,"enemies":"Champ","floor":33,"turns":11},{"damage":43,"enemies":"3 Darklings","floor":35,"turns":5},{"damage":9,"enemies":"Mind Bloom Boss Battle","floor":36,"turns":9},{"damage":18,"enemies":"3 Shapes","floor":39,"turns":5},{"damage":13,"enemies":"Giant Head","floor":40,"turns":8},{"damage":29,"enemies":"Writhing Mass","floor":42,"turns":5},{"damage":7,"enemies":"Jaw Worm Horde","floor":44,"turns":5},{"damage":19,"enemies":"4 Shapes","floor":45,"turns":6},{"damage":7,"enemies":"Writhing Mass","floor":46,"turns":6},{"damage":30,"enemies":"Spire Growth","floor":48,"turns":5},{"damage":33,"enemies":"Donu and Deca","floor":50,"turns":6}],"seed_played":"2006052113570654193","potions_obtained":[{"floor":1,"key":"Strength Potion"},{"floor":12,"key":"Swift Potion"},{"floor":13,"key":"LiquidBronze"},{"floor":21,"key":"Block Potion"},{"floor":22,"key":"SteroidPotion"},{"floor":28,"key":"Block Potion"},{"floor":29,"key":"Poison Potion"},{"floor":33,"key":"Regen Potion"},{"floor":35,"key":"Dexterity Potion"},{"floor":36,"key":"SteroidPotion"},{"floor":39,"key":"PowerPotion"},{"floor":40,"key":"Weak Potion"},{"floor":42,"key":"SpeedPotion"},{"floor":44,"key":"EssenceOfSteel"},{"floor":45,"key":"Weak Potion"},{"floor":46,"key":"Regen Potion"},{"floor":48,"key":"Strength Potion"}],"is_trial":false,"path_per_floor":["M","M","?","M","$","E","R","?","T","R","M","M","M","E","R","B",null,"M","?","$","M","M","R","M","R","T","R","M","M","E","?","R","B",null,"M","?","$","?","M","E","?","M","T","M","M","M","R","M","R","B"],"character_chosen":"IRONCLAD","items_purchased":["Impervious"],"campfire_rested":0,"item_purchase_floors":[20],"current_hp_per_floor":[80,80,69,75,75,47,47,73,73,73,70,74,78,74,74,52,80,70,47,47,53,55,55,54,54,54,54,52,48,48,48,48,31,80,43,55,55,55,47,40,67,44,44,46,36,41,41,31,31,0],"gold":671,"neow_bonus":"REMOVE_CARD","is_prod":false,"is_daily":false,"chose_seed":false,"campfire_upgraded":4,"win_rate":0.0,"timestamp":1550395634,"path_taken":["M","M","?","M","$","E","R","?","T","R","M","M","M","E","R","BOSS","M","?","$","M","M","R","M","R","T","R","M","M","E","?","R","BOSS","M","?","$","?","M","E","?","M","T","M","M","M","R","M","R","BOSS"],"build_version":"2019-01-23","purchased_purges":3,"victory":false,"max_hp_per_floor":[80,80,80,80,80,80,80,80,80,80,80,80,80,80,80,80,80,80,80,80,80,80,80,80,80,80,80,80,80,80,80,80,80,80,80,80,80,80,84,84,90,90,90,93,96,102,102,102,99,99],"card_choices":[{"not_picked":["Sever Soul","Clash"],"picked":"Headbutt","floor":1},{"not_picked":["Thunderclap","Headbutt"],"picked":"Armaments","floor":2},{"not_picked":["Warcry","Body Slam"],"picked":"Armaments","floor":4},{"not_picked":["Brutality","Combust"],"picked":"Clothesline","floor":6},{"not_picked":["Hemokinesis","Feel No Pain"],"picked":"Metallicize","floor":11},{"not_picked":["Clothesline","Twin Strike"],"picked":"Thunderclap","floor":12},{"not_picked":["Twin Strike","Infernal Blade","Feel No Pain"],"picked":"SKIP","floor":13},{"not_picked":["Shrug It Off","Cleave"],"picked":"Juggernaut","floor":14},{"not_picked":["Twin Strike+1","Perfected Strike"],"picked":"Flex","floor":18},{"not_picked":["Wild Strike","Sever Soul"],"picked":"Cleave+1","floor":19},{"not_picked":["Armaments+1","Warcry"],"picked":"Battle Trance","floor":21},{"not_picked":["Clash","Battle Trance","Headbutt"],"picked":"SKIP","floor":22},{"not_picked":["Sword Boomerang+1","True Grit"],"picked":"Ghostly Armor+1","floor":24},{"not_picked":["Thunderclap+1","Power Through+1"],"picked":"Carnage+1","floor":28},{"not_picked":["Armaments","Anger"],"picked":"Entrench+1","floor":29},{"not_picked":["Evolve","Power Through","Shockwave"],"picked":"SKIP","floor":30},{"not_picked":["Limit Break","Immolate"],"picked":"Feed","floor":33},{"not_picked":["Clothesline","Sword Boomerang+1"],"picked":"Evolve","floor":35},{"not_picked":["Dual Wield","Thunderclap"],"picked":"Disarm","floor":36},{"not_picked":["Clothesline","Thunderclap","Combust+1"],"picked":"SKIP","floor":39},{"not_picked":["True Grit","Burning Pact+1","Entrench+1"],"picked":"SKIP","floor":40},{"not_picked":["Armaments","Cleave+1","Searing Blow+1"],"picked":"SKIP","floor":42},{"not_picked":["Pummel+1","True Grit","Armaments+1"],"picked":"SKIP","floor":44},{"not_picked":["Heavy Blade+1","Blood for Blood+1","Wild Strike+1"],"picked":"SKIP","floor":45},{"not_picked":["Sword Boomerang","Pommel Strike+1","Searing Blow"],"picked":"SKIP","floor":46},{"not_picked":["Armaments","Spot Weakness","Corruption+1"],"picked":"SKIP","floor":48}],"player_experience":47150,"relics_obtained":[{"floor":6,"key":"Du-Vu Doll"},{"floor":9,"key":"Peace Pipe"},{"floor":14,"key":"Self Forming Clay"},{"floor":19,"key":"Red Mask"},{"floor":26,"key":"Darkstone Periapt"},{"floor":30,"key":"Whetstone"},{"floor":36,"key":"Thread and Needle"},{"floor":40,"key":"Smiling Mask"},{"floor":43,"key":"Champion Belt"}],"event_choices":[{"damage_healed":0,"gold_gain":75,"player_choice":"Gather Gold","damage_taken":11,"max_hp_gain":0,"max_hp_loss":0,"event_name":"World of Goop","floor":3,"gold_loss":0},{"damage_healed":26,"gold_gain":0,"player_choice":"Banana","damage_taken":0,"max_hp_gain":0,"max_hp_loss":0,"event_name":"Big Fish","floor":8,"gold_loss":0},{"damage_healed":0,"gold_gain":0,"player_choice":"Fought Bandits","damage_taken":0,"max_hp_gain":0,"max_hp_loss":0,"event_name":"Masked Bandits","floor":19,"gold_loss":0},{"damage_healed":0,"gold_gain":0,"player_choice":"Ignored","damage_taken":0,"max_hp_gain":0,"max_hp_loss":0,"event_name":"Ghosts","floor":31,"gold_loss":0},{"damage_healed":0,"gold_gain":0,"player_choice":"Fight","damage_taken":0,"max_hp_gain":0,"max_hp_loss":0,"event_name":"MindBloom","floor":36,"gold_loss":0},{"damage_healed":0,"gold_gain":222,"player_choice":"Wore Mask","damage_taken":0,"max_hp_gain":0,"max_hp_loss":0,"event_name":"Tomb of Lord Red Mask","floor":38,"gold_loss":0},{"damage_healed":21,"gold_gain":0,"player_choice":"Writhe","damage_taken":0,"max_hp_gain":0,"max_hp_loss":0,"event_name":"Winding Halls","floor":41,"gold_loss":0,"cards_obtained":["Writhe"]}],"is_beta":false,"boss_relics":[{"not_picked":["Fusion Hammer","Sozu"],"picked":"Coffee Dripper"},{"not_picked":["Astrolabe","Runic Cube"],"picked":"White Beast Statue"}],"items_purged_floors":[5,20,37],"is_endless":false,"potions_floor_spawned":[1,12,13,21,22,28,29,33,35,36,39,40,42,44,45,46,48],"killed_by":"Donu and Deca","ascension_level":0}