{"gold_per_floor":[112,124,26,26,45,45,58,87,169,344,376,376,326,326],"floor_reached":14,"playtime":810,"items_purged":[],"score":98,"play_id":"a015b864-8319-4d9a-9029-ca21bdbf14c0","local_time":"20190528003239","is_ascension_mode":false,"campfire_choices":[{"floor":6,"key":"REST"},{"data":"Limit Break","floor":12,"key":"SMITH"}],"neow_cost":"TEN_PERCENT_HP_LOSS","seed_source_timestamp":112950979592558,"circlet_count":0,"master_deck":["Strike_R","Strike_R","Strike_R","Strike_R","Strike_R","Defend_R","Defend_R","Defend_R","Defend_R","Bash","Limit Break+1","Thunderclap","Pommel Strike","Inflame","Combust"],"relics":["Burning Blood","FossilizedHelix","Anchor","Pantograph","Centennial Puzzle"],"potions_floor_usage":[7,8,11,14],"damage_taken":[{"damage":2,"enemies":"2 Louse","floor":1,"turns":4},{"damage":4,"enemies":"Small Slimes","floor":2,"turns":5},{"damage":0,"enemies":"Jaw Worm","floor":5,"turns":3},{"damage":21,"enemies":"Large Slime","floor":7,"turns":6},{"damage":8,"enemies":"Lagavulin","floor":8,"turns":7},{"damage":30,"enemies":"Gremlin Nob","floor":11,"turns":4},{"damage":11,"enemies":"The Mushroom Lair","floor":14,"turns":4}],"seed_played":"-1378894117027386670","potions_obtained":[{"floor":2,"key":"FearPotion"},{"floor":7,"key":"GamblersBrew"},{"floor":8,"key":"SpeedPotion"}],"is_trial":false,"path_per_floor":["M","M","$","?","M","R","M","E","T","?","E","R","?","?"],"character_chosen":"IRONCLAD","items_purchased":["Fruit Juice"],"campfire_rested":1,"item_purchase_floors":[3],"current_hp_per_floor":[72,72,72,20,26,47,37,35,35,35,11,11,11,0],"gold":326,"neow_bonus":"THREE_RARE_CARDS","is_prod":false,"is_daily":false,"chose_seed":false,"campfire_upgraded":1,"win_rate":0,"timestamp":1559014359,"path_taken":["M","M","$","?","M","R","M","E","T","?","E","R","?","?"],"build_version":"2019-01-23","purchased_purges":0,"victory":false,"max_hp_per_floor":[72,72,72,72,72,72,77,77,77,77,77,77,77,77],"card_choices":[{"not_picked":["Bludgeon","Barricade"],"picked":"Limit Break","floor":0},{"not_picked":["Rampage","Havoc"],"picked":"Thunderclap","floor":1},{"not_picked":["Perfected Strike","Fire Breathing","Second Wind"],"picked":"SKIP","floor":2},{"not_picked":["Pummel","Headbutt"],"picked":"Pommel Strike","floor":5},{"not_picked":["Armaments","Warcry"],"picked":"Inflame","floor":7},{"not_picked":["Bludgeon","Seeing Red"],"picked":"Combust","floor":8},{"not_picked":["True Grit","Evolve","Sever Soul"],"picked":"SKIP","floor":11}],"player_experience":157954,"relics_obtained":[{"floor":8,"key":"Anchor"},{"floor":9,"key":"Pantograph"},{"floor":11,"key":"Centennial Puzzle"}],"event_choices":[{"damage_healed":0,"gold_gain":0,"player_choice":"Success","damage_taken":52,"relics_obtained":["FossilizedHelix"],"max_hp_gain":0,"max_hp_loss":0,"event_name":"Scrap Ooze","floor":4,"gold_loss":0},{"damage_healed":0,"gold_gain":175,"player_choice":"AGREE","damage_taken":0,"max_hp_gain":0,"max_hp_loss":0,"event_name":"Liars Game","floor":10,"gold_loss":0,"cards_obtained":["Doubt"]},{"cards_removed":["Doubt"],"damage_healed":0,"gold_gain":0,"player_choice":"Card Removal","damage_taken":0,"max_hp_gain":0,"max_hp_loss":0,"event_name":"The Cleric","floor":13,"gold_loss":50},{"damage_healed":0,"gold_gain":0,"player_choice":"Fought Mushrooms","damage_taken":0,"max_hp_gain":0,"max_hp_loss":0,"event_name":"Mushrooms","floor":14,"gold_loss":0}],"is_beta":false,"boss_relics":[],"items_purged_floors":[],"is_endless":false,"potions_floor_spawned":[2,7,8],"killed_by":"The Mushroom Lair","ascension_level":0}