{"gold_per_floor":[210,37,37,50,50,79,91,118,200,216,216,5,5,19,19,96,96,111,111,123,142,153,153,168,168,168,183,273,8,25,39,39,39],"floor_reached":33,"playtime":6456,"items_purged":["Strike_R"],"score":444,"play_id":"b0c1e7a9-43e0-47a2-acbb-cc940c4a55f1","local_time":"20190518221911","is_ascension_mode":true,"campfire_choices":[{"data":"Double Tap","floor":11,"key":"SMITH"},{"floor":13,"key":"REST"},{"floor":15,"key":"REST"},{"floor":23,"key":"REST"},{"data":"Shockwave","floor":25,"key":"SMITH"},{"floor":32,"key":"REST"}],"neow_cost":"NONE","seed_source_timestamp":193981681868498,"circlet_count":0,"master_deck":["AscendersBane","Strike_R","Strike_R","Strike_R","Defend_R+1","Defend_R","Defend_R","Defend_R","Bash+1","Heavy Blade","Burning Pact","Sever Soul","Seeing Red","Double Tap+1","Inflame","True Grit","Jack Of All Trades","Offering","Shrug It Off","Seeing Red","Whirlwind+1","Sword Boomerang+1","Shrug It Off","Shockwave+1","Double Tap","Apotheosis","Whirlwind","Uppercut"],"relics":["Burning Blood","Bronze Scales","Champion Belt","Ancient Tea Set","Sundial","Sozu","Mummified Hand"],"potions_floor_usage":[6,8,16],"damage_taken":[{"damage":1,"enemies":"Small Slimes","floor":1,"turns":5},{"damage":7,"enemies":"Jaw Worm","floor":4,"turns":3},{"damage":51,"enemies":"3 Sentries","floor":6,"turns":14},{"damage":0,"enemies":"2 Louse","floor":7,"turns":2},{"damage":16,"enemies":"Gremlin Nob","floor":8,"turns":3},{"damage":15,"enemies":"Lots of Slimes","floor":10,"turns":5},{"damage":3,"enemies":"Looter","floor":14,"turns":2},{"damage":17,"enemies":"The Guardian","floor":16,"turns":9},{"damage":21,"enemies":"3 Byrds","floor":18,"turns":4},{"damage":23,"enemies":"Spheric Guardian","floor":20,"turns":5},{"damage":11,"enemies":"Centurion and Healer","floor":21,"turns":7},{"damage":19,"enemies":"Snake Plant","floor":22,"turns":4},{"damage":13,"enemies":"Shelled Parasite and Fungi","floor":24,"turns":3},{"damage":0,"enemies":"Snecko","floor":27,"turns":3},{"damage":17,"enemies":"Cultist and Chosen","floor":30,"turns":6},{"damage":0,"enemies":"3 Cultists","floor":31,"turns":2},{"damage":82,"enemies":"Champ","floor":33,"turns":10}],"seed_played":"-3480383874264593344","potions_obtained":[{"floor":4,"key":"Fruit Juice"},{"floor":7,"key":"PowerPotion"},{"floor":14,"key":"SkillPotion"}],"is_trial":false,"path_per_floor":["?","?","M","?","M","?","$"],"character_chosen":"IRONCLAD","items_purchased":["Bronze Scales","Heavy Blade","Inflame","True Grit","Jack Of All Trades","Apotheosis"],"campfire_rested":4,"item_purchase_floors":[2,2,12,12,12,29],"current_hp_per_floor":[73,73,58,57,62,22,28,18,18,9,9,9,34,37,62,51,77,62,62,45,40,27,52,45,45,45,51,35,35,24,30,55,0],"gold":39,"neow_bonus":"HUNDRED_GOLD","is_prod":false,"is_daily":false,"chose_seed":false,"campfire_upgraded":2,"win_rate":0,"timestamp":1558232351,"path_taken":["M","$","?","M","?","E","?","E","T","M","R","$","R","M","R","BOSS","M","?","M","M","M","R","?","R","T","M","?","?","M","M","R","BOSS"],"build_version":"2019-01-23","purchased_purges":1,"victory":false,"max_hp_per_floor":[75,75,75,75,80,85,85,85,85,85,85,85,85,85,85,85,85,85,85,85,85,85,85,85,85,85,85,85,85,85,85,85,85],"card_choices":[{"not_picked":["Thunderclap","Clash","Body Slam"],"picked":"SKIP","floor":1},{"not_picked":["Pommel Strike","Anger"],"picked":"Burning Pact","floor":4},{"not_picked":["Wild Strike","Flex","Body Slam"],"picked":"SKIP","floor":6},{"not_picked":["Perfected Strike","Anger"],"picked":"Sever Soul","floor":7},{"not_picked":["Flex","Rampage"],"picked":"Seeing Red","floor":8},{"not_picked":["Twin Strike","Sever Soul"],"picked":"Double Tap","floor":10},{"not_picked":["Clash","Searing Blow","Sword Boomerang"],"picked":"SKIP","floor":14},{"not_picked":["Dark Embrace","Exhume"],"picked":"Offering","floor":16},{"not_picked":["Clash+1","Sever Soul"],"picked":"Shrug It Off","floor":18},{"not_picked":["Disarm","Clothesline"],"picked":"Whirlwind+1","floor":20},{"not_picked":["Clash+1","Flex"],"picked":"Sword Boomerang+1","floor":21},{"not_picked":["Perfected Strike","Cleave"],"picked":"Shrug It Off","floor":22},{"not_picked":["Cleave","Entrench"],"picked":"Shockwave","floor":24},{"not_picked":["Carnage+1","Pommel Strike+1"],"picked":"Double Tap","floor":27},{"not_picked":["Body Slam","Warcry+1"],"picked":"Whirlwind","floor":30},{"not_picked":["Clash","Warcry"],"picked":"Uppercut","floor":31}],"player_experience":554170,"relics_obtained":[{"floor":6,"key":"Champion Belt"},{"floor":8,"key":"Ancient Tea Set"},{"floor":9,"key":"Sundial"},{"floor":26,"key":"Mummified Hand"}],"event_choices":[{"damage_healed":0,"gold_gain":0,"player_choice":"Entered Light","damage_taken":15,"max_hp_gain":0,"max_hp_loss":0,"event_name":"Shining Light","floor":3,"gold_loss":0,"cards_upgraded":["Defend_R","Bash"]},{"damage_healed":0,"gold_gain":0,"player_choice":"Donut","damage_taken":0,"max_hp_gain":5,"max_hp_loss":0,"event_name":"Big Fish","floor":5,"gold_loss":0},{"damage_healed":0,"gold_gain":0,"cards_transformed":["Strike_R"],"player_choice":"Transformed","damage_taken":0,"max_hp_gain":0,"max_hp_loss":0,"event_name":"Transmorgrifier","floor":19,"gold_loss":0,"cards_obtained":["Seeing Red"]},{"damage_healed":0,"gold_gain":90,"player_choice":"GOLD ","damage_taken":16,"max_hp_gain":0,"max_hp_loss":0,"event_name":"Knowing Skull","floor":28,"potions_obtained":[],"gold_loss":0,"cards_obtained":[]}],"is_beta":false,"boss_relics":[{"not_picked":["Runic Pyramid","Ectoplasm"],"picked":"Sozu"}],"items_purged_floors":[29],"is_endless":false,"potions_floor_spawned":[4,7,14,18,22,27,30],"killed_by":"Champ","ascension_level":14}