{"gold_per_floor":[217,228,228,248,266,266,294,294,319,329,339,369,319,319,319,443,443,457,457,471,34,54,54,54],"floor_reached":24,"playtime":1056,"items_purged":["Defend_B"],"score":239,"play_id":"e13f035d-1140-47c2-9bfe-ecccbafe015e","local_time":"20190531170812","is_ascension_mode":true,"campfire_choices":[{"data":"Defragment","floor":6,"key":"SMITH"},{"floor":8,"key":"REST"},{"floor":15,"key":"REST"},{"data":"Apotheosis","floor":23,"key":"SMITH"}],"neow_cost":"NONE","seed_source_timestamp":625947816095900,"circlet_count":0,"master_deck":["Strike_B","Strike_B","Strike_B","Defend_B","Defend_B","Defend_B+1","Zap","Dualcast","Redo","Coolheaded+1","Defragment+1","Ball Lightning","Leap","Coolheaded","Undo","Melter","Injury","Echo Form","Lockon+1","BootSequence+1","Apotheosis+1","Blizzard+1"],"relics":["Cracked Core","Regal Pillow","Oddly Smooth Stone","Anchor","Golden Idol","Inserter","Enchiridion","Toolbox"],"potions_floor_usage":[5,7,16,24],"damage_taken":[{"damage":2,"enemies":"2 Louse","floor":1,"turns":2},{"damage":9,"enemies":"Small Slimes","floor":2,"turns":4},{"damage":2,"enemies":"Jaw Worm","floor":4,"turns":4},{"damage":0,"enemies":"2 Fungi Beasts","floor":5,"turns":3},{"damage":14,"enemies":"Lagavulin","floor":7,"turns":5},{"damage":5,"enemies":"Blue Slaver","floor":10,"turns":3},{"damage":2,"enemies":"Exordium Thugs","floor":11,"turns":7},{"damage":16,"enemies":"Gremlin Nob","floor":12,"turns":4},{"damage":62,"enemies":"Hexaghost","floor":16,"turns":16},{"damage":0,"enemies":"Spheric Guardian","floor":18,"turns":1},{"damage":1,"enemies":"Shell Parasite","floor":20,"turns":4},{"damage":4,"enemies":"Centurion and Healer","floor":22,"turns":8},{"damage":48,"enemies":"Gremlin Leader","floor":24,"turns":6}],"seed_played":"5274578447635581819","potions_obtained":[{"floor":1,"key":"Poison Potion"},{"floor":2,"key":"SkillPotion"},{"floor":7,"key":"SpeedPotion"},{"floor":20,"key":"Block Potion"}],"is_trial":false,"path_per_floor":["M","M","?","M","M","R","E","R","T","M","M","E","?","?","R","B",null,"M","?","M","$","M","R","E"],"character_chosen":"DEFECT","items_purchased":["Apotheosis","Toolbox"],"campfire_rested":2,"item_purchase_floors":[21,21],"current_hp_per_floor":[73,64,49,47,47,47,33,70,70,65,63,47,47,47,75,13,75,75,59,58,58,54,54,6],"gold":54,"neow_bonus":"HUNDRED_GOLD","is_prod":false,"is_daily":false,"chose_seed":false,"campfire_upgraded":2,"win_rate":0,"timestamp":1559311692,"path_taken":["M","M","?","M","M","R","E","R","T","M","M","E","?","?","R","BOSS","M","?","M","$","M","R","E"],"build_version":"2019-05-28","purchased_purges":1,"victory":false,"max_hp_per_floor":[75,75,75,75,75,75,75,75,75,75,75,75,75,75,75,75,75,75,75,75,75,75,75,75],"card_choices":[{"not_picked":["Force Field","Hello World"],"picked":"Redo","floor":1},{"not_picked":["Stack","FTL"],"picked":"Coolheaded","floor":2},{"not_picked":["Conserve Battery","Gash"],"picked":"Defragment","floor":4},{"not_picked":["Streamline","Hyperbeam"],"picked":"Ball Lightning","floor":5},{"not_picked":["Go for the Eyes","Steam Power"],"picked":"Leap","floor":7},{"not_picked":["Sunder","Steam Power"],"picked":"Coolheaded","floor":10},{"not_picked":["Chaos","Streamline"],"picked":"Undo","floor":11},{"not_picked":["Doom and Gloom","Rebound"],"picked":"Melter","floor":12},{"not_picked":["Thunder Strike","Amplify"],"picked":"Echo Form","floor":16},{"not_picked":["Sweeping Beam","Turbo"],"picked":"Lockon+1","floor":18},{"not_picked":["Beam Cell","Ball Lightning"],"picked":"BootSequence+1","floor":20},{"not_picked":["Recycle","Steam"],"picked":"Blizzard+1","floor":22}],"player_experience":416697,"relics_obtained":[{"floor":7,"key":"Regal Pillow"},{"floor":9,"key":"Oddly Smooth Stone"},{"floor":12,"key":"Anchor"},{"floor":19,"key":"Enchiridion"}],"event_choices":[{"damage_healed":0,"gold_gain":0,"player_choice":"Entered Light","damage_taken":15,"max_hp_gain":0,"max_hp_loss":0,"event_name":"Shining Light","floor":3,"gold_loss":0,"cards_upgraded":["Coolheaded","Defend_B"]},{"cards_removed":["Strike_B"],"damage_healed":0,"gold_gain":0,"player_choice":"Card Removal","damage_taken":0,"max_hp_gain":0,"max_hp_loss":0,"event_name":"The Cleric","floor":13,"gold_loss":50},{"damage_healed":0,"gold_gain":0,"player_choice":"Take Wound","damage_taken":0,"relics_obtained":["Golden Idol"],"max_hp_gain":0,"max_hp_loss":0,"event_name":"Golden Idol","floor":14,"gold_loss":0,"cards_obtained":["Injury"]},{"damage_healed":0,"gold_gain":0,"player_choice":"Obtained Book","damage_taken":16,"max_hp_gain":0,"max_hp_loss":0,"event_name":"Cursed Tome","floor":19,"gold_loss":0}],"is_beta":true,"boss_relics":[{"not_picked":["Coffee Dripper","Ectoplasm"],"picked":"Inserter"}],"items_purged_floors":[21],"is_endless":false,"potions_floor_spawned":[1,2,7,20],"killed_by":"Gremlin Leader","ascension_level":3}