{"gold_per_floor":[117,127,52,70,70,70,95,47,72,72,72,84,84,100,100,200,200,216,315,32,32,43,77,77,77],"floor_reached":25,"playtime":696,"items_purged":["Strike_G","Regret"],"score":366,"play_id":"056c08ca-b23b-46d5-8df7-1acdf3168c37","local_time":"20190407185527","is_ascension_mode":true,"campfire_choices":[{"data":"Deadly Poison","floor":6,"key":"SMITH"},{"data":"Catalyst","floor":10,"key":"SMITH"},{"data":"Neutralize","floor":15,"key":"SMITH"},{"floor":24,"key":"REST"}],"neow_cost":"PERCENT_DAMAGE","seed_source_timestamp":27152810117262,"circlet_count":0,"master_deck":["AscendersBane","Defend_G","Defend_G","Defend_G","Defend_G","Strike_G","Strike_G","Strike_G","Survivor","Neutralize+1","Catalyst+1","Deadly Poison+1","Catalyst","Noxious Fumes","Dodge and Roll","Adrenaline","Parasite","Regret","Poisoned Stab+1","Mayhem+1","Poisoned Stab","Heel Hook+1"],"relics":["Ring of the Snake","Oddly Smooth Stone","Pen Nib","Paper Crane","Kunai","Calling Bell","Happy Flower","Gremlin Horn","Pocketwatch","Mummified Hand"],"potions_floor_usage":[7,14,16],"damage_taken":[{"damage":6,"enemies":"Small Slimes","floor":1,"turns":5},{"damage":0,"enemies":"2 Louse","floor":2,"turns":4},{"damage":3,"enemies":"Jaw Worm","floor":4,"turns":5},{"damage":29,"enemies":"3 Sentries","floor":7,"turns":10},{"damage":11,"enemies":"Exordium Wildlife","floor":12,"turns":6},{"damage":5,"enemies":"Exordium Thugs","floor":14,"turns":5},{"damage":1,"enemies":"Hexaghost","floor":16,"turns":6},{"damage":8,"enemies":"Chosen","floor":18,"turns":4},{"damage":34,"enemies":"3 Byrds","floor":22,"turns":6},{"damage":11,"enemies":"Book of Stabbing","floor":23,"turns":5},{"damage":24,"enemies":"Sentry and Sphere","floor":25,"turns":3}],"seed_played":"8112895336636733184","potions_obtained":[{"floor":2,"key":"SteroidPotion"},{"floor":7,"key":"PowerPotion"},{"floor":12,"key":"Swift Potion"},{"floor":16,"key":"FearPotion"},{"floor":23,"key":"LiquidBronze"}],"is_trial":false,"path_per_floor":["M","M","$","M","?","R","E","?","T","R","T","M","T","M","R","B",null,"M","?","$","?","M","E","R","M"],"character_chosen":"THE_SILENT","items_purchased":["Mayhem"],"campfire_rested":1,"item_purchase_floors":[20],"current_hp_per_floor":[39,39,39,36,59,59,30,30,30,30,30,19,19,14,14,13,56,48,48,48,48,14,3,24,0],"gold":77,"neow_bonus":"REMOVE_TWO","is_prod":false,"is_daily":false,"chose_seed":false,"campfire_upgraded":3,"win_rate":0,"timestamp":1554656127,"path_taken":["M","M","$","M","?","R","E","?","T","R","?","?","?","M","R","BOSS","M","?","$","?","M","E","R","M"],"build_version":"2019-01-23","purchased_purges":2,"victory":false,"max_hp_per_floor":[70,70,70,70,70,70,70,70,70,70,70,70,70,70,70,70,70,70,70,70,70,70,70,70,70],"card_choices":[{"not_picked":["Bane","Skewer"],"picked":"Catalyst","floor":1},{"not_picked":["Quick Slash","Calculated Gamble"],"picked":"Deadly Poison","floor":2},{"not_picked":["Prepared","Finisher"],"picked":"Catalyst","floor":4},{"not_picked":["Dash","Flechettes","Acrobatics"],"picked":"SKIP","floor":7},{"not_picked":["Deflect","Backstab"],"picked":"Noxious Fumes","floor":12},{"not_picked":["Flying Knee","Slice"],"picked":"Dodge and Roll","floor":14},{"not_picked":["Phantasmal Killer","Glass Knife"],"picked":"Adrenaline","floor":16},{"not_picked":["Reflex","Outmaneuver"],"picked":"Poisoned Stab+1","floor":18},{"not_picked":["Underhanded Strike","Blade Dance"],"picked":"Poisoned Stab","floor":22},{"not_picked":["Corpse Explosion","Masterful Stab"],"picked":"Heel Hook+1","floor":23}],"player_experience":157848,"relics_obtained":[{"floor":7,"key":"Oddly Smooth Stone"},{"floor":9,"key":"Pen Nib"},{"floor":11,"key":"Paper Crane"},{"floor":13,"key":"Kunai"},{"floor":17,"key":"Happy Flower"},{"floor":17,"key":"Gremlin Horn"},{"floor":17,"key":"Pocketwatch"},{"floor":23,"key":"Mummified Hand"}],"event_choices":[{"damage_healed":23,"gold_gain":0,"player_choice":"Banana","damage_taken":0,"max_hp_gain":0,"max_hp_loss":0,"event_name":"Big Fish","floor":5,"gold_loss":0},{"damage_healed":0,"gold_gain":0,"player_choice":"Left Gold","damage_taken":0,"max_hp_gain":0,"max_hp_loss":0,"event_name":"World of Goop","floor":8,"gold_loss":48},{"damage_healed":0,"gold_gain":99,"player_choice":"Stole From Cult","damage_taken":0,"max_hp_gain":0,"max_hp_loss":0,"event_name":"Nest","floor":19,"gold_loss":0},{"damage_healed":0,"gold_gain":0,"player_choice":"Upgraded","damage_taken":0,"max_hp_gain":0,"max_hp_loss":0,"event_name":"Upgrade Shrine","floor":21,"gold_loss":0,"cards_upgraded":["Mayhem"]}],"is_beta":false,"boss_relics":[{"not_picked":["WristBlade","HoveringKite"],"picked":"Calling Bell"}],"items_purged_floors":[3,20],"is_endless":false,"potions_floor_spawned":[2,7,12,16,23],"killed_by":"Sentry and Sphere","ascension_level":10}