{"gold_per_floor":[111,21,21,32,45,45,79,79,79,114,114,114,126,145,145,222,222,239,254,265,41,51,78,78,110,110,110,110,126,155,168,168,241,241,260,260,260,0,18,18,31,61,88,88,115,132,158,173,173,173],"floor_reached":51,"playtime":3712,"items_purged":["Hyperbeam"],"score":2162,"play_id":"b1281986-6886-44f8-836e-c79c25f50497","local_time":"20180717175759","daily_mods":["Shiny"],"is_ascension_mode":true,"campfire_choices":[{"data":"Hologram","floor":6,"key":"SMITH"},{"data":"Turbo","floor":8,"key":"SMITH"},{"data":"Redo","floor":15,"key":"SMITH"},{"data":"Buffer","floor":24,"key":"SMITH"},{"data":"Coolheaded","floor":27,"key":"SMITH"},{"data":"Force Field","floor":32,"key":"SMITH"},{"data":"Stack","floor":40,"key":"SMITH"},{"data":"Glacier","floor":44,"key":"SMITH"},{"floor":49,"key":"REST"}],"neow_cost":"","seed_source_timestamp":0,"circlet_count":0,"master_deck":["Multi-Cast","Thunder Strike","Biased Cognition","Machine Learning","Electrodynamics","Buffer+1","Rainbow","Seek","Meteor Strike","Echo Form","All For One","Reboot","Amplify+1","Creative AI+1","Core Surge","AscendersBane","Turbo+1","Coolheaded+1","Reinforced Body","Hologram+1","Glacier","Glacier+1","Coolheaded","Redo+1","Reboot","Capacitor+1","Leap+1","Force Field+1","Stack+1","Writhe","Glacier","Buffer","Conserve Battery+1","Defragment"],"relics":["Cracked Core","Symbiotic Virus","Bag of Marbles","Potion Belt","Snecko Eye","Regal Pillow","Unceasing Top","Orichalcum","Singing Bowl","Dodecahedron","Sozu","Prayer Wheel","Red Mask","Blood Vial","Happy Flower","Ice Cream","Toxic Egg 2"],"potions_floor_usage":[14,19,25,33,36,36],"damage_taken":[{"damage":0,"enemies":"Small Slimes","floor":1,"turns":2},{"damage":0,"enemies":"Cultist","floor":4,"turns":2},{"damage":7,"enemies":"2 Louse","floor":5,"turns":2},{"damage":0,"enemies":"Lagavulin","floor":7,"turns":7},{"damage":0,"enemies":"3 Sentries","floor":10,"turns":6},{"damage":0,"enemies":"Exordium Thugs","floor":13,"turns":2},{"damage":0,"enemies":"Large Slime","floor":14,"turns":3},{"damage":3,"enemies":"The Guardian","floor":16,"turns":11},{"damage":0,"enemies":"Spheric Guardian","floor":18,"turns":2},{"damage":11,"enemies":"2 Thieves","floor":19,"turns":2},{"damage":21,"enemies":"Centurion and Healer","floor":20,"turns":2},{"damage":0,"enemies":"Sentry and Sphere","floor":22,"turns":1},{"damage":0,"enemies":"Book of Stabbing","floor":23,"turns":4},{"damage":0,"enemies":"Slavers","floor":25,"turns":4},{"damage":1,"enemies":"Snecko","floor":29,"turns":4},{"damage":0,"enemies":"Book of Stabbing","floor":30,"turns":5},{"damage":0,"enemies":"Chosen and Byrds","floor":31,"turns":5},{"damage":0,"enemies":"Champ","floor":33,"turns":5},{"damage":0,"enemies":"Orb Walker","floor":35,"turns":3},{"damage":6,"floor":36,"turns":7},{"damage":6,"enemies":"3 Darklings","floor":39,"turns":4},{"damage":0,"enemies":"Flame Bruiser 2 Orb","floor":41,"turns":3},{"damage":0,"enemies":"Giant Head","floor":42,"turns":6},{"damage":8,"enemies":"2 Orb Walkers","floor":45,"turns":4},{"damage":0,"enemies":"Sphere and 2 Shapes","floor":46,"turns":4},{"damage":0,"enemies":"Nemesis","floor":47,"turns":5},{"damage":4,"enemies":"4 Shapes","floor":48,"turns":4},{"damage":13,"enemies":"Time Eater","floor":50,"turns":15}],"seed_played":"1619641246417065760","potions_obtained":[{"floor":5,"key":"GamblersBrew"},{"floor":7,"key":"GamblersBrew"},{"floor":14,"key":"FearPotion"},{"floor":16,"key":"GamblersBrew"},{"floor":19,"key":"Poison Potion"},{"floor":23,"key":"FocusPotion"},{"floor":30,"key":"AttackPotion"},{"floor":31,"key":"SkillPotion"}],"is_trial":true,"path_per_floor":["M","$","?","M","M","R","E","R","T","E","?","?","M","M","R","B",null,"M","M","M","$","M","E","R","E","T","R","?","M","E","M","R","B",null,"M","?","?","?","M","R","M","E","T","R","E","M","E","M","R","B"],"character_chosen":"DEFECT","items_purchased":["Turbo","Coolheaded","Regal Pillow"],"campfire_rested":1,"item_purchase_floors":[2,2,21],"current_hp_per_floor":[64,64,81,81,74,74,74,74,74,74,74,74,74,74,74,71,79,79,68,47,47,47,47,47,47,47,47,47,48,50,50,50,52,78,80,76,91,91,89,89,91,93,93,93,87,91,95,95,105,92],"gold":173,"neow_bonus":"","is_prod":false,"is_daily":false,"chose_seed":false,"campfire_upgraded":8,"win_rate":0,"timestamp":1531843079,"path_taken":["M","$","?","M","?","R","E","R","T","E","?","?","M","?","R","BOSS","M","M","M","$","M","E","R","E","T","R","?","M","E","M","R","BOSS","M","?","?","?","M","R","M","E","T","R","E","M","E","M","R","BOSS"],"build_version":"2018-07-12","purchased_purges":1,"victory":true,"max_hp_per_floor":[71,71,81,81,81,81,81,81,81,81,81,81,81,81,81,81,81,81,81,81,81,81,81,81,81,81,81,81,83,85,85,85,87,87,89,91,91,91,95,95,97,99,99,99,99,101,103,105,105,105],"card_choices":[{"not_picked":["Genetic Algorithm","Sweeping Beam"],"picked":"Reinforced Body","floor":4},{"not_picked":["Sweeping Beam","Compile Driver"],"picked":"Hologram","floor":5},{"not_picked":["Tempest","Buffer"],"picked":"Glacier","floor":7},{"not_picked":["Chaos","Scrape"],"picked":"Glacier","floor":10},{"not_picked":["Beam Cell","Lockon"],"picked":"Coolheaded","floor":13},{"not_picked":["Ball Lightning","Barrage"],"picked":"Redo","floor":14},{"not_picked":["Thunder Strike","Electrodynamics"],"picked":"Reboot","floor":16},{"not_picked":["Go for the Eyes+1","Stack"],"picked":"Capacitor+1","floor":19},{"not_picked":["Streamline","Chaos"],"picked":"Leap+1","floor":22},{"not_picked":["Steam","Conserve Battery"],"picked":"Force Field","floor":23},{"not_picked":["Compile Driver","Gash","Capacitor"],"picked":"Singing Bowl","floor":29},{"not_picked":["Recycle","Ball Lightning+1","Turbo"],"picked":"Singing Bowl","floor":30},{"not_picked":["Loop","Go for the Eyes+1"],"picked":"Stack","floor":31},{"not_picked":["Fission","Creative AI","Amplify"],"picked":"Singing Bowl","floor":33},{"not_picked":["BootSequence+1","Redo","Ball Lightning"],"picked":"Singing Bowl","floor":35},{"not_picked":["Turbo","Skim+1","Scrape"],"picked":"Singing Bowl","floor":36},{"not_picked":["Tempest+1","Ball Lightning","Streamline"],"picked":"Singing Bowl","floor":39},{"not_picked":["Turbo+1","Melter+1","Reprogram"],"picked":"Singing Bowl","floor":39},{"not_picked":["Recycle","Rebound+1","Beam Cell"],"picked":"Singing Bowl","floor":41},{"not_picked":["Ball Lightning","Genetic Algorithm"],"picked":"Glacier","floor":41},{"not_picked":["Chaos","Barrage","Ball Lightning+1"],"picked":"Singing Bowl","floor":42},{"not_picked":["Fission","Leap+1"],"picked":"Buffer","floor":45},{"not_picked":["Sweeping Beam+1","Self Repair"],"picked":"Conserve Battery+1","floor":46},{"not_picked":["Conserve Battery","Ball Lightning","Capacitor"],"picked":"Singing Bowl","floor":46},{"not_picked":["Sunder","Defragment","Darkness"],"picked":"Singing Bowl","floor":47},{"not_picked":["Compile Driver","Ball Lightning"],"picked":"Defragment","floor":48},{"not_picked":["Hyperbeam","Cold Snap+1","Ball Lightning"],"picked":"Singing Bowl","floor":48}],"player_experience":853394,"relics_obtained":[{"floor":7,"key":"Symbiotic Virus"},{"floor":9,"key":"Bag of Marbles"},{"floor":10,"key":"Potion Belt"},{"floor":23,"key":"Unceasing Top"},{"floor":25,"key":"Orichalcum"},{"floor":26,"key":"Singing Bowl"},{"floor":30,"key":"Dodecahedron"},{"floor":36,"key":"Prayer Wheel"},{"floor":42,"key":"Blood Vial"},{"floor":43,"key":"Happy Flower"},{"floor":45,"key":"Ice Cream"},{"floor":47,"key":"Toxic Egg 2"}],"event_choices":[{"event_name":"Bonfire Elementals","player_choice":"RARE","floor":3,"damage_taken":0},{"event_name":"Accursed Blacksmith","player_choice":"Forge","floor":11,"damage_taken":0},{"event_name":"Living Wall","player_choice":"Grow","floor":12,"damage_taken":0},{"event_name":"Vampires","player_choice":"Ignored","floor":28,"damage_taken":0},{"event_name":"MindBloom","player_choice":"Fight","floor":36,"damage_taken":0},{"event_name":"Winding Halls","player_choice":"Writhe","floor":37,"damage_taken":0},{"event_name":"Tomb of Lord Red Mask","player_choice":"Paid","floor":38,"damage_taken":0}],"boss_relics":[{"not_picked":["Eternal Feather","Orrery"],"picked":"Snecko Eye"},{"not_picked":["Runic Pyramid","White Beast Statue"],"picked":"Sozu"}],"items_purged_floors":[21],"is_endless":false,"potions_floor_spawned":[5,7,14,16,19,23,30,31,41,42,45,46,48],"ascension_level":15}