{"gold_per_floor":[119,129,129,146,146,173,187,214,214,227,227,237,162,112,112,215,215,226,245,256,256,4,37,37,37,37,37,37,72,91,107,107,206,206,225,244,119,132,0,0],"floor_reached":40,"playtime":8856,"items_purged":["Strike_B","Strike_B","Shame"],"score":463,"play_id":"ae8e3f31-0a72-4721-9104-aa895c91d38a","local_time":"20190118113450","is_ascension_mode":false,"campfire_choices":[{"floor":11.0,"key":"REST"},{"floor":15.0,"key":"REST"},{"floor":28.0,"key":"RECALL"},{"data":"Defend_B","floor":32.0,"key":"PURGE"}],"neow_cost":"PERCENT_DAMAGE","seed_source_timestamp":0,"circlet_count":0,"master_deck":["Strike_B","Defend_B","Zap","Dualcast","Auto Shields","Streamline","Conserve Battery","Hello World","Biased Cognition","Static Discharge","Buffer","Storm","Rip and Tear+1","Skim","Genetic Algorithm+1","Ghostly","Ghostly","Ghostly","Ghostly","Ghostly","Ball Lightning","Undo","Tempest","Electrodynamics","Parasite"],"special_seed":0,"relics":["FrozenCore","Peace Pipe","Juzu Bracelet","Torii","White Beast Statue","Dodecahedron","Strawberry","Bottled Lightning","Shuriken","Molten Egg 2","Bird Faced Urn","Red Mask"],"potions_floor_usage":[40,40,40],"damage_taken":[{"damage":12.0,"enemies":"Jaw Worm","floor":1.0,"turns":5.0},{"damage":1.0,"enemies":"2 Louse","floor":2.0,"turns":2.0},{"damage":0.0,"enemies":"Small Slimes","floor":4.0,"turns":3.0},{"damage":14.0,"enemies":"3 Sentries","floor":6.0,"turns":9.0},{"damage":20.0,"enemies":"Gremlin Gang","floor":7.0,"turns":6.0},{"damage":16.0,"enemies":"Gremlin Nob","floor":8.0,"turns":4.0},{"damage":0.0,"enemies":"Large Slime","floor":10.0,"turns":4.0},{"damage":0.0,"enemies":"3 Louse","floor":12.0,"turns":4.0},{"damage":16.0,"enemies":"The Guardian","floor":16.0,"turns":9.0},{"damage":1.0,"enemies":"Shell Parasite","floor":18.0,"turns":7.0},{"damage":27.0,"enemies":"2 Thieves","floor":19.0,"turns":4.0},{"damage":10.0,"enemies":"Centurion and Healer","floor":20.0,"turns":8.0},{"damage":17.0,"enemies":"Book of Stabbing","floor":23.0,"turns":5.0},{"damage":9.0,"enemies":"Slavers","floor":29.0,"turns":6.0},{"damage":9.0,"enemies":"Cultist and Chosen","floor":30.0,"turns":7.0},{"damage":2.0,"enemies":"Snecko","floor":31.0,"turns":6.0},{"damage":22.0,"enemies":"Champ","floor":33.0,"turns":12.0},{"damage":0,"enemies":"Orb Walker","floor":35,"turns":5},{"damage":0,"enemies":"3 Shapes","floor":36,"turns":6},{"damage":0,"enemies":"Writhing Mass","floor":38,"turns":7},{"damage":54,"enemies":"Giant Head","floor":40,"turns":11}],"seed_played":"-2892618058973006936","potions_obtained":[{"floor":2.0,"key":"Swift Potion"},{"floor":7.0,"key":"Explosive Potion"},{"floor":10.0,"key":"Fruit Juice"},{"floor":12.0,"key":"Regen Potion"},{"floor":18.0,"key":"Swift Potion"},{"floor":19.0,"key":"SkillPotion"},{"floor":20.0,"key":"FearPotion"},{"floor":23.0,"key":"AttackPotion"},{"floor":30.0,"key":"Explosive Potion"},{"floor":35,"key":"Block Potion"},{"floor":36,"key":"EssenceOfSteel"}],"is_trial":false,"path_per_floor":["M","M","?","M","?","E","M","E","T","M","R","M","$","?","R","B",null,"M","M","M","?","$","E","?","?","T","?","R","E","M","M","R","B",null,"M","M","$","M","?","E"],"character_chosen":"DEFECT","items_purchased":["Strawberry"],"campfire_rested":2,"item_purchase_floors":[22],"current_hp_per_floor":[42,41,66,66,59,45,25,9,9,14,38,38,38,38,62,46,80,79,52,57,57,64,47,43,43,43,43,43,34,35,43,43,22,43,43,43,43,43,43,0],"gold":0,"neow_bonus":"ONE_RARE_RELIC","is_prod":false,"is_daily":false,"chose_seed":false,"campfire_upgraded":0,"win_rate":0,"timestamp":1547807690,"path_taken":["M","M","?","M","?","E","M","E","T","M","R","M","?","?","R","BOSS","M","M","M","?","$","E","?","?","T","?","R","E","M","M","R","BOSS","M","M","$","M","?","E"],"build_version":"2019-01-17","purchased_purges":3,"victory":false,"max_hp_per_floor":[75,75,75,75,75,75,75,75,75,80,80,80,80,80,80,80,80,80,80,80,80,87,87,43,43,43,43,43,43,43,43,43,43,43,43,43,43,43,43,43],"card_choices":[{"not_picked":["Conserve Battery","Go for the Eyes"],"picked":"Auto Shields","floor":1.0},{"not_picked":["Compile Driver","Leap"],"picked":"Streamline","floor":2.0},{"not_picked":["Go for the Eyes","Leap"],"picked":"Conserve Battery","floor":4.0},{"not_picked":["Consume","Redo","Force Field"],"picked":"SKIP","floor":6.0},{"not_picked":["Blizzard","Double Energy"],"picked":"Hello World","floor":7.0},{"not_picked":["Leap","Scrape"],"picked":"Biased Cognition","floor":8.0},{"not_picked":["Steam","Beam Cell","Hologram"],"picked":"SKIP","floor":10.0},{"not_picked":["Stack","Loop"],"picked":"Static Discharge","floor":12.0},{"not_picked":["Rainbow","Fission"],"picked":"Buffer","floor":16.0},{"not_picked":["Rebound","Turbo"],"picked":"Storm","floor":18.0},{"not_picked":["Hologram","Recycle"],"picked":"Rip and Tear+1","floor":19.0},{"not_picked":["Cold Snap+1","Capacitor"],"picked":"Skim","floor":20.0},{"not_picked":["Hologram","BootSequence"],"picked":"Genetic Algorithm+1","floor":23.0},{"not_picked":["Coolheaded+1","Redo","Streamline+1"],"picked":"SKIP","floor":29.0},{"not_picked":["Go for the Eyes+1","Conserve Battery"],"picked":"Undo","floor":30.0},{"not_picked":["Ball Lightning+1","Stack"],"picked":"Tempest","floor":31.0},{"not_picked":["Hyperbeam+1","Fission"],"picked":"Electrodynamics","floor":33.0},{"not_picked":["Rebound+1","Self Repair+1","Darkness+1"],"picked":"SKIP","floor":35},{"not_picked":["Gash+1","Hologram+1","Turbo"],"picked":"SKIP","floor":36},{"not_picked":["Cold Snap+1","Barrage+1","Rebound+1"],"picked":"SKIP","floor":38}],"player_experience":104367,"relics_obtained":[{"floor":6.0,"key":"Juzu Bracelet"},{"floor":8.0,"key":"Torii"},{"floor":23.0,"key":"Bottled Lightning"},{"floor":26.0,"key":"Shuriken"},{"floor":29.0,"key":"Bird Faced Urn"}],"event_choices":[{"damage_healed":25.0,"max_hp_gain":0.0,"max_hp_loss":0.0,"gold_gain":0.0,"event_name":"Big Fish","player_choice":"Banana","floor":3.0,"gold_loss":0.0,"damage_taken":0.0},{"cards_removed":["Strike_B"],"damage_healed":0.0,"max_hp_gain":0.0,"max_hp_loss":0.0,"gold_gain":0.0,"event_name":"Golden Wing","player_choice":"Card Removal","floor":5.0,"gold_loss":0.0,"damage_taken":7.0},{"cards_removed":["Defend_B"],"damage_healed":0.0,"max_hp_gain":0.0,"max_hp_loss":0.0,"gold_gain":0.0,"event_name":"The Cleric","player_choice":"Card Removal","floor":14.0,"gold_loss":50.0,"damage_taken":0.0},{"damage_healed":0.0,"max_hp_gain":0.0,"max_hp_loss":0.0,"gold_gain":0.0,"event_name":"The Mausoleum","player_choice":"Opened","floor":21.0,"gold_loss":0.0,"damage_taken":0.0,"relics_obtained":["Dodecahedron"]},{"damage_healed":0.0,"max_hp_gain":0.0,"max_hp_loss":44.0,"gold_gain":0.0,"event_name":"Ghosts","player_choice":"Became a Ghost","floor":24.0,"gold_loss":0.0,"damage_taken":0.0,"cards_obtained":["Ghostly","Ghostly","Ghostly","Ghostly","Ghostly"]},{"damage_healed":0.0,"max_hp_gain":0.0,"max_hp_loss":0.0,"gold_gain":0.0,"cards_transformed":["Defend_B"],"event_name":"Transmorgrifier","player_choice":"Transformed","floor":25.0,"gold_loss":0.0,"damage_taken":0.0,"cards_obtained":["Ball Lightning"]},{"damage_healed":0.0,"max_hp_gain":0.0,"max_hp_loss":0.0,"gold_gain":0.0,"event_name":"Addict","player_choice":"Stole Relic","floor":27.0,"gold_loss":0.0,"damage_taken":0.0,"relics_obtained":["Molten Egg 2"],"cards_obtained":["Shame"]},{"damage_healed":0,"gold_gain":0,"player_choice":"Paid","damage_taken":0,"relics_obtained":["Red Mask"],"max_hp_gain":0,"max_hp_loss":0,"event_name":"Tomb of Lord Red Mask","floor":39,"gold_loss":132}],"is_beta":false,"boss_relics":[{"not_picked":["Coffee Dripper","Busted Crown"],"picked":"White Beast Statue"},{"not_picked":["Fusion Hammer","Sozu"],"picked":"FrozenCore"}],"items_purged_floors":[13,22,37],"is_endless":false,"potions_floor_spawned":[2,7,10,12,18,19,20,23,29,30,31,33,35,36,38],"killed_by":"Giant Head","ascension_level":0}