{"gold_per_floor":[11,286,21,21,35,35,46,81,81,98,131,151,166,66,66,66],"floor_reached":16,"playtime":518,"items_purged":["Regret","Defend_G"],"score":190,"play_id":"ed54d98b-09f1-4e7e-9db7-1a663e5b11b5","local_time":"20190527005855","is_ascension_mode":true,"campfire_choices":[{"data":"Crippling Poison","floor":6,"key":"SMITH"},{"floor":15,"key":"REST"}],"neow_cost":"NO_GOLD","seed_source_timestamp":25126942177712,"circlet_count":0,"master_deck":["AscendersBane","Defend_G","Defend_G","Defend_G","Strike_G","Strike_G","Strike_G","Strike_G","Survivor","Neutralize+1","Poisoned Stab+1","Deadly Poison","Footwork","Crippling Poison+1","Deflect","Blur","Poisoned Stab"],"relics":["Ring of the Snake","Incense Burner","Pear","Anchor"],"potions_floor_usage":[8,12,13,16],"damage_taken":[{"damage":2,"enemies":"2 Louse","floor":1,"turns":4},{"damage":0,"enemies":"Cultist","floor":5,"turns":4},{"damage":1,"enemies":"Jaw Worm","floor":7,"turns":4},{"damage":24,"enemies":"Gremlin Nob","floor":8,"turns":4},{"damage":11,"enemies":"Exordium Thugs","floor":10,"turns":4},{"damage":10,"enemies":"Lagavulin","floor":11,"turns":6},{"damage":0,"enemies":"Red Slaver","floor":12,"turns":3},{"damage":3,"enemies":"Gremlin Gang","floor":13,"turns":3},{"damage":28,"enemies":"Slime Boss","floor":16,"turns":19}],"seed_played":"5112773714934281668","potions_obtained":[{"floor":5,"key":"Strength Potion"},{"floor":7,"key":"SteroidPotion"},{"floor":11,"key":"AttackPotion"},{"floor":13,"key":"Ancient Potion"}],"is_trial":false,"path_per_floor":["M","?","$","?","M","R","M","E","T","M","E","M","M","$","R","B"],"character_chosen":"THE_SILENT","items_purchased":["Deadly Poison","Footwork","Crippling Poison"],"campfire_rested":1,"item_purchase_floors":[3,3,3],"current_hp_per_floor":[57,57,57,44,44,44,43,19,29,18,8,8,5,5,27,0],"gold":66,"neow_bonus":"REMOVE_TWO","is_prod":false,"is_daily":false,"chose_seed":false,"campfire_upgraded":1,"win_rate":0,"timestamp":1558911535,"path_taken":["M","?","?","?","?","R","M","E","T","M","E","M","M","$","R","BOSS"],"build_version":"2019-01-23","purchased_purges":2,"victory":false,"max_hp_per_floor":[66,66,66,66,66,66,66,66,76,76,76,76,76,76,76,76],"card_choices":[{"not_picked":["Eviscerate","Riddle With Holes"],"picked":"Poisoned Stab","floor":1},{"not_picked":["Flechettes","Dagger Throw"],"picked":"Deflect","floor":5},{"not_picked":["Prepared","Dodge and Roll"],"picked":"Blur","floor":7},{"not_picked":["Calculated Gamble","Deflect","A Thousand Cuts"],"picked":"SKIP","floor":8},{"not_picked":["Tactician","Blade Dance","Outmaneuver"],"picked":"SKIP","floor":10},{"not_picked":["Prepared","Night Terror","Flying Knee"],"picked":"SKIP","floor":11},{"not_picked":["Skewer","Bane","Prepared"],"picked":"SKIP","floor":12},{"not_picked":["Prepared","Flying Knee"],"picked":"Poisoned Stab","floor":13}],"player_experience":257152,"relics_obtained":[{"floor":8,"key":"Incense Burner"},{"floor":9,"key":"Pear"},{"floor":11,"key":"Anchor"}],"event_choices":[{"damage_healed":0,"gold_gain":275,"player_choice":"Desecrate","damage_taken":0,"max_hp_gain":0,"max_hp_loss":0,"event_name":"Golden Shrine","floor":2,"gold_loss":0,"cards_obtained":["Regret"]},{"damage_healed":0,"gold_gain":0,"player_choice":"Entered Light","damage_taken":13,"max_hp_gain":0,"max_hp_loss":0,"event_name":"Shining Light","floor":4,"gold_loss":0,"cards_upgraded":["Poisoned Stab","Neutralize"]}],"is_beta":false,"boss_relics":[],"items_purged_floors":[3,14],"is_endless":false,"potions_floor_spawned":[5,7,11,13],"killed_by":"Slime Boss","ascension_level":14}