{"gold_per_floor":[113,113,113,131,56,56,81,94,94,129,145,145,158,183,183,278,278,294,294,35,53,53,53,83,83,128,3,38,53,53,85,85,180,180,194,194,194,205,220,220,231,231,231,7,7,7,18,18,18,18],"floor_reached":50,"playtime":1895,"items_purged":["Defend_R","Regret","Strike_R","Shame"],"score":671,"play_id":"f4bc50de-87de-4bea-8013-d6fb6297bee6","local_time":"20190224114319","is_ascension_mode":true,"campfire_choices":[{"data":"True Grit","floor":6.0,"key":"SMITH"},{"floor":15.0,"key":"REST"},{"data":"Body Slam","floor":23,"key":"SMITH"},{"data":"Clothesline","floor":25,"key":"SMITH"},{"data":"Juggernaut","floor":32,"key":"SMITH"},{"floor":40,"key":"REST"},{"data":"True Grit","floor":42,"key":"SMITH"},{"floor":49,"key":"REST"}],"neow_cost":"TEN_PERCENT_HP_LOSS","seed_source_timestamp":761855857730567,"circlet_count":0,"master_deck":["Strike_R+1","Strike_R+1","Defend_R+1","Defend_R+1","Defend_R+1","Bash+1","True Grit+1","Iron Wave+1","Juggernaut+1","Rampage+1","Clothesline+1","Ghostly Armor+1","Bandage Up+1","Juggernaut+1","Feed+1","Body Slam+1","Burning Pact+1","Decay","Demon Form+1","True Grit+1","Shrug It Off+1","Body Slam+1","Feel No Pain+1"],"special_seed":0,"relics":["Burning Blood","Sundial","Pantograph","Question Card","Mercury Hourglass","Dodecahedron","FossilizedHelix","Champion Belt","Runic Pyramid","Lantern","Potion Belt","Bag of Preparation","Vajra","Cursed Key","Frozen Egg 2","Mark of the Bloom"],"potions_floor_usage":[21,24,24,38,50,50,50,50],"damage_taken":[{"damage":3.0,"enemies":"2 Louse","floor":1.0,"turns":3.0},{"damage":12.0,"enemies":"Jaw Worm","floor":4.0,"turns":6.0},{"damage":47.0,"enemies":"3 Sentries","floor":7.0,"turns":14.0},{"damage":0.0,"enemies":"Cultist","floor":8.0,"turns":4.0},{"damage":23.0,"enemies":"Lagavulin","floor":10.0,"turns":7.0},{"damage":2.0,"enemies":"3 Louse","floor":11.0,"turns":4.0},{"damage":0.0,"enemies":"2 Fungi Beasts","floor":13.0,"turns":3.0},{"damage":9.0,"enemies":"3 Sentries","floor":14.0,"turns":6.0},{"damage":43.0,"enemies":"Slime Boss","floor":16.0,"turns":10.0},{"damage":0.0,"enemies":"Shell Parasite","floor":18.0,"turns":7.0},{"damage":13,"enemies":"3 Byrds","floor":21,"turns":5},{"damage":32,"enemies":"Book of Stabbing","floor":24,"turns":6},{"damage":18,"enemies":"Gremlin Leader","floor":28,"turns":8},{"damage":1,"enemies":"Centurion and Healer","floor":29,"turns":6},{"damage":15,"enemies":"Book of Stabbing","floor":31,"turns":5},{"damage":72,"enemies":"Automaton","floor":33,"turns":10},{"damage":46,"enemies":"3 Darklings","floor":35,"turns":6},{"damage":8,"enemies":"Orb Walker","floor":38,"turns":4},{"damage":53,"enemies":"3 Darklings","floor":39,"turns":5},{"damage":30,"enemies":"Spire Growth","floor":41,"turns":8},{"damage":0,"enemies":"Maw","floor":47,"turns":5},{"damage":36,"enemies":"Time Eater","floor":50,"turns":7}],"seed_played":"8898178521857336493","potions_obtained":[{"floor":8.0,"key":"Energy Potion"},{"floor":11.0,"key":"FearPotion"},{"floor":14.0,"key":"Weak Potion"},{"floor":16.0,"key":"SkillPotion"},{"floor":21,"key":"GamblersBrew"},{"floor":29,"key":"Poison Potion"},{"floor":37,"key":"SneckoOil"},{"floor":37,"key":"FearPotion"},{"floor":37,"key":"Swift Potion"},{"floor":39,"key":"GamblersBrew"},{"floor":47,"key":"PowerPotion"}],"is_trial":false,"path_per_floor":["M","?","?","M","$","R","E","M","T","E","M","T","M","E","R","B",null,"M","?","$","M","?","R","E","R","T","$","E","M","?","E","R","B",null,"M","?","?","M","M","R","M","R","T","$","$","?","M","?","R","B"],"character_chosen":"IRONCLAD","items_purchased":["Feed","Feel No Pain+1"],"campfire_rested":3,"item_purchase_floors":[20,44],"current_hp_per_floor":[72,69,69,63,63,63,22,28,28,11,15,15,21,18,39,27,61,67,67,67,67,67,67,48,48,48,48,40,52,52,50,50,16,69,33,76,76,77,32,55,35,35,35,35,35,35,35,35,35,0],"gold":18,"neow_bonus":"REMOVE_TWO","is_prod":false,"is_daily":false,"chose_seed":false,"campfire_upgraded":5,"win_rate":0,"timestamp":1551004999,"path_taken":["M","?","?","M","$","R","E","M","T","E","M","?","M","E","R","BOSS","M","?","?","M","?","R","E","R","T","$","E","M","?","E","R","BOSS","M","?","?","?","M","R","M","R","T","?","$","?","M","?","R","BOSS"],"build_version":"2019-01-23","purchased_purges":4,"victory":false,"max_hp_per_floor":[72,72,72,72,72,72,72,72,72,72,72,72,72,72,72,72,72,72,72,72,75,75,75,78,78,78,78,78,81,81,84,84,87,87,87,76,76,79,79,79,79,79,79,79,79,79,83,79,79,79],"card_choices":[{"not_picked":["Wild Strike","Anger"],"picked":"True Grit","floor":1.0},{"not_picked":["Ghostly Armor","Thunderclap"],"picked":"Iron Wave","floor":4.0},{"not_picked":["Armaments","Sword Boomerang"],"picked":"Juggernaut","floor":7.0},{"not_picked":["Battle Trance","Entrench","Sever Soul","Heavy Blade"],"picked":"SKIP","floor":8.0},{"not_picked":["Pummel","Carnage","Dual Wield"],"picked":"Rampage","floor":10.0},{"not_picked":["Warcry","Combust","Twin Strike"],"picked":"Clothesline","floor":11.0},{"not_picked":["Rupture","Spot Weakness","Wild Strike","Evolve"],"picked":"SKIP","floor":13.0},{"not_picked":["Twin Strike","Rupture","Combust"],"picked":"Ghostly Armor","floor":14.0},{"not_picked":["Heavy Blade","Spot Weakness+1","Sentinel","Pommel Strike+1"],"picked":"SKIP","floor":18.0},{"not_picked":["Thunderclap","Wild Strike","Rupture+1"],"picked":"Body Slam","floor":21},{"not_picked":["Offering","Second Wind","Cleave"],"picked":"Burning Pact","floor":24},{"not_picked":["Hemokinesis+1","Thunderclap+1","Spot Weakness+1","Havoc"],"picked":"SKIP","floor":28},{"not_picked":["Power Through","Havoc","Infernal Blade","Hemokinesis"],"picked":"SKIP","floor":29},{"not_picked":["Pommel Strike","Havoc","Hemokinesis","Headbutt+1"],"picked":"SKIP","floor":31},{"not_picked":["Limit Break","Immolate","Fiend Fire"],"picked":"Demon Form","floor":33},{"not_picked":["Heavy Blade","Disarm","Bloodletting+1"],"picked":"True Grit","floor":35},{"not_picked":["Perfected Strike+1","Second Wind+1","Headbutt+1","Combust"],"picked":"SKIP","floor":38},{"not_picked":["Feel No Pain","Shockwave","Power Through+1"],"picked":"Shrug It Off+1","floor":39},{"not_picked":["Sword Boomerang","Rampage","Twin Strike+1"],"picked":"Body Slam+1","floor":41},{"not_picked":["Sentinel","Perfected Strike","Feed","Clothesline+1"],"picked":"SKIP","floor":47}],"player_experience":89107,"relics_obtained":[{"floor":7.0,"key":"Question Card"},{"floor":9.0,"key":"Mercury Hourglass"},{"floor":10.0,"key":"Dodecahedron"},{"floor":12.0,"key":"FossilizedHelix"},{"floor":14.0,"key":"Champion Belt"},{"floor":24,"key":"Lantern"},{"floor":26,"key":"Potion Belt"},{"floor":28,"key":"Bag of Preparation"},{"floor":31,"key":"Vajra"},{"floor":43,"key":"Frozen Egg 2"}],"event_choices":[{"damage_healed":0.0,"max_hp_gain":0.0,"max_hp_loss":0.0,"gold_gain":0.0,"event_name":"Scrap Ooze","player_choice":"Success","floor":2.0,"gold_loss":0.0,"damage_taken":3.0,"relics_obtained":["Sundial"]},{"damage_healed":0.0,"max_hp_gain":0.0,"max_hp_loss":0.0,"gold_gain":0.0,"event_name":"Big Fish","player_choice":"Box","floor":3.0,"gold_loss":0.0,"damage_taken":0.0,"relics_obtained":["Pantograph"],"cards_obtained":["Regret"]},{"damage_healed":0,"gold_gain":0,"player_choice":"2 cards matched","damage_taken":0,"max_hp_gain":0,"max_hp_loss":0,"event_name":"Match and Keep!","floor":19,"gold_loss":0,"cards_obtained":["Bandage Up","Juggernaut"]},{"damage_healed":0,"gold_gain":0,"player_choice":"Ignored","damage_taken":0,"max_hp_gain":0,"max_hp_loss":0,"event_name":"Vampires","floor":22,"gold_loss":0},{"damage_healed":0,"gold_gain":0,"player_choice":"Smashed Altar","damage_taken":0,"max_hp_gain":0,"max_hp_loss":0,"event_name":"Forgotten Altar","floor":30,"gold_loss":0,"cards_obtained":["Decay"]},{"damage_healed":76,"gold_gain":0,"player_choice":"Heal","damage_taken":0,"max_hp_gain":0,"max_hp_loss":11,"event_name":"The Moai Head","floor":36,"gold_loss":0},{"damage_healed":0,"gold_gain":0,"player_choice":"Got Potions","damage_taken":0,"max_hp_gain":0,"max_hp_loss":0,"event_name":"Lab","floor":37,"gold_loss":0},{"damage_healed":0,"gold_gain":0,"player_choice":"Upgrade","damage_taken":0,"relics_obtained":["Mark of the Bloom"],"max_hp_gain":0,"max_hp_loss":0,"event_name":"MindBloom","floor":46,"gold_loss":0,"cards_upgraded":["Strike_R","Strike_R","Defend_R","Defend_R","Defend_R","Bash","Iron Wave","Rampage","Ghostly Armor","Bandage Up","Juggernaut","Feed","Burning Pact","Demon Form"]},{"damage_healed":0,"gold_gain":0,"player_choice":"Max HP","damage_taken":0,"max_hp_gain":0,"max_hp_loss":4,"event_name":"Winding Halls","floor":48,"gold_loss":0}],"is_beta":false,"boss_relics":[{"not_picked":["Lizard Tail","Tiny House"],"picked":"Runic Pyramid"},{"not_picked":["Astrolabe","Pandora\u0027s Box"],"picked":"Cursed Key"}],"items_purged_floors":[5,20,27,44],"is_endless":false,"potions_floor_spawned":[8,11,14,16,21,29,39,47],"killed_by":"Time Eater","ascension_level":6}