{"gold_per_floor":[115,115,132,112,132,132,165,165,218,236,269,32,32,50,50,123,123,137,137,16,16,16,16,48,65,65,100,100,115,40,58,58,129,129,141,155,155,169,188,188,12,339,339,339,364,374,409,29,29,29],"floor_reached":51,"playtime":5945,"items_purged":["Strike_R"],"score":1449,"play_id":"8c6a35e5-c6e2-4d1f-a5b1-1ce2629bffb7","local_time":"20180924093055","is_ascension_mode":true,"campfire_choices":[{"data":"Uppercut","floor":6.0,"key":"SMITH"},{"data":"Apotheosis","floor":13.0,"key":"SMITH"},{"data":"Metallicize","floor":15.0,"key":"SMITH"},{"data":"Discovery","floor":23.0,"key":"SMITH"},{"data":"True Grit","floor":28,"key":"SMITH"},{"data":"True Grit","floor":32,"key":"SMITH"},{"data":"Feed","floor":40,"key":"SMITH"},{"data":"Limit Break","floor":44,"key":"SMITH"},{"data":"Feel No Pain","floor":49,"key":"SMITH"}],"neow_cost":"NONE","seed_source_timestamp":951271512602982,"circlet_count":0,"master_deck":["Strike_R","Defend_R+1","Defend_R","Defend_R","Defend_R","Bash","AscendersBane","True Grit+1","Uppercut+1","Body Slam","Metallicize+1","True Grit+1","Apotheosis+1","Spot Weakness","Immolate","Discovery+1","Shrug It Off+1","Sentinel","Limit Break+1","Battle Trance","Feed+1","Warcry+1","Heavy Blade+1","Metallicize","Shrug It Off","Flash of Steel","Feel No Pain+1"],"special_seed":0,"relics":["Burning Blood","Bronze Scales","Dream Catcher","PreservedInsect","Potion Belt","Lantern","Coffee Dripper","Anchor","Bag of Preparation","Bottled Lightning","Empty Cage","Art of War","Old Coin","Paper Frog","Gambling Chip","War Paint","Oddly Smooth Stone"],"potions_floor_usage":[27,31,35,42,45,46,50,50],"damage_taken":[{"damage":14.0,"enemies":"Jaw Worm","floor":1.0,"turns":4.0},{"damage":0.0,"enemies":"Small Slimes","floor":3.0,"turns":3.0},{"damage":0.0,"enemies":"Cultist","floor":5.0,"turns":3.0},{"damage":15.0,"enemies":"Lagavulin","floor":7.0,"turns":6.0},{"damage":8.0,"enemies":"Looter","floor":10.0,"turns":3.0},{"damage":14.0,"enemies":"3 Sentries","floor":11.0,"turns":10.0},{"damage":1.0,"enemies":"3 Louse","floor":14.0,"turns":4.0},{"damage":27.0,"enemies":"The Guardian","floor":16.0,"turns":14.0},{"damage":21.0,"enemies":"Spheric Guardian","floor":18.0,"turns":5.0},{"damage":6.0,"enemies":"Colosseum Slavers","floor":19.0,"turns":4.0},{"damage":27,"enemies":"Slavers","floor":24,"turns":6},{"damage":0,"enemies":"3 Byrds","floor":25,"turns":3},{"damage":12,"enemies":"Gremlin Leader","floor":27,"turns":4},{"damage":12,"enemies":"Snecko","floor":29,"turns":5},{"damage":1,"enemies":"Snake Plant","floor":31,"turns":3},{"damage":35,"enemies":"Collector","floor":33,"turns":8},{"damage":6,"enemies":"3 Shapes","floor":35,"turns":3},{"damage":0,"enemies":"3 Darklings","floor":36,"turns":5},{"damage":1,"enemies":"4 Shapes","floor":38,"turns":5},{"damage":15,"enemies":"Maw","floor":39,"turns":9},{"damage":50,"enemies":"Giant Head","floor":42,"turns":7},{"damage":0,"enemies":"2 Orb Walkers","floor":45,"turns":2},{"damage":20,"enemies":"Reptomancer","floor":46,"turns":5},{"damage":3,"enemies":"Giant Head","floor":47,"turns":7},{"damage":25,"enemies":"Donu and Deca","floor":50,"turns":10}],"seed_played":"-3593956914444807659","potions_obtained":[{"floor":3.0,"key":"Swift Potion"},{"floor":4.0,"key":"SkillPotion"},{"floor":5.0,"key":"Energy Potion"},{"floor":14.0,"key":"Dexterity Potion"},{"floor":18.0,"key":"FairyPotion"},{"floor":24,"key":"Energy Potion"},{"floor":27,"key":"Regen Potion"},{"floor":33,"key":"Regen Potion"},{"floor":36,"key":"FearPotion"},{"floor":45,"key":"BloodPotion"}],"is_trial":false,"path_per_floor":["M","?","M","?","M","R","E","?","T","M","E","$","R","M","R","B",null,"M","?","$","?","?","R","E","M","T","E","R","M","$","M","R","B",null,"M","M","?","M","M","R","$","E","T","R","E","M","E","$","R","B"],"character_chosen":"IRONCLAD","items_purchased":["Apotheosis","Discovery","Art of War","Oddly Smooth Stone","Strength Potion","Flash of Steel","Feel No Pain"],"campfire_rested":0,"item_purchase_floors":[12,20,41,48,48,48,48],"current_hp_per_floor":[60,60,66,66,72,72,63,63,63,61,53,53,53,58,58,37,66,51,51,51,51,51,51,30,36,36,30,30,24,24,38,38,9,59,72,82,79,83,78,78,78,34,34,34,40,34,41,41,41,22],"gold":29,"neow_bonus":"RANDOM_COMMON_RELIC","is_prod":false,"is_daily":false,"chose_seed":false,"campfire_upgraded":9,"win_rate":0,"timestamp":1537774255,"path_taken":["M","?","M","?","M","R","E","?","T","M","E","$","R","?","R","BOSS","M","?","?","?","?","R","E","M","T","E","R","M","$","?","R","BOSS","M","M","?","M","M","R","$","E","T","R","E","M","E","$","R","BOSS"],"build_version":"2018-09-20","purchased_purges":1,"victory":true,"max_hp_per_floor":[75,75,75,75,75,75,75,75,75,75,75,75,75,75,75,75,75,75,75,75,75,75,75,75,75,75,75,75,75,75,75,75,75,75,79,83,79,83,87,87,87,87,87,87,87,87,91,91,91,91],"card_choices":[{"not_picked":["Thunderclap","Sword Boomerang"],"picked":"True Grit","floor":1.0},{"not_picked":["Thunderclap","Pummel"],"picked":"Body Slam","floor":3.0},{"not_picked":["Iron Wave","Body Slam"],"picked":"Metallicize","floor":7.0},{"not_picked":["Clash","Anger"],"picked":"True Grit","floor":10.0},{"not_picked":["Combust","Cleave"],"picked":"Spot Weakness","floor":14.0},{"not_picked":["Fiend Fire","Berserk"],"picked":"Immolate","floor":16.0},{"not_picked":["Rampage","Intimidate+1"],"picked":"Sentinel","floor":24},{"not_picked":["Body Slam","Clothesline","Heavy Blade"],"picked":"SKIP","floor":27},{"not_picked":["Pummel+1","Clash"],"picked":"Limit Break","floor":29},{"not_picked":["Rampage+1","Body Slam"],"picked":"Battle Trance","floor":31},{"not_picked":["Limit Break","Brutality"],"picked":"Feed","floor":33},{"not_picked":["Iron Wave","Thunderclap"],"picked":"Warcry+1","floor":38},{"not_picked":["Dropkick","Metallicize+1"],"picked":"Heavy Blade+1","floor":39},{"not_picked":["Sword Boomerang","Havoc"],"picked":"Metallicize","floor":46},{"not_picked":["Cleave+1","Clash+1"],"picked":"Shrug It Off","floor":47}],"player_experience":1064050,"relics_obtained":[{"floor":7.0,"key":"Dream Catcher"},{"floor":9.0,"key":"Potion Belt"},{"floor":11.0,"key":"Lantern"},{"floor":24,"key":"Anchor"},{"floor":26,"key":"Bag of Preparation"},{"floor":27,"key":"Bottled Lightning"},{"floor":42,"key":"Old Coin"},{"floor":43,"key":"Paper Frog"},{"floor":45,"key":"Gambling Chip"},{"floor":47,"key":"War Paint"}],"event_choices":[{"event_name":"Living Wall","player_choice":"Change","floor":2.0,"damage_taken":0.0},{"event_name":"The Woman in Blue","player_choice":"Bought 1 Potion","floor":4.0,"damage_taken":0.0},{"event_name":"Dead Adventurer","player_choice":"Searched \u00272\u0027 times","floor":8.0,"damage_taken":0.0},{"event_name":"Colosseum","player_choice":"Fight","floor":19.0,"damage_taken":0.0},{"event_name":"Colosseum","player_choice":"Fled From Nobs","floor":19.0,"damage_taken":0.0},{"event_name":"The Library","player_choice":"Read","floor":21.0,"damage_taken":0.0},{"event_name":"Beggar","player_choice":"Ignored","floor":22.0,"damage_taken":0.0},{"event_name":"Winding Halls","player_choice":"Max HP","floor":37,"damage_taken":0}],"is_beta":false,"boss_relics":[{"not_picked":["Runic Pyramid","Philosopher\u0027s Stone"],"picked":"Coffee Dripper"},{"not_picked":["Velvet Choker","Black Star"],"picked":"Empty Cage"}],"items_purged_floors":[30],"is_endless":false,"potions_floor_spawned":[3,5,14,18,19,24,27,33,36,45],"ascension_level":17}