{"gold_per_floor":[218,218,188,203,12,12,44,63,63,82,136,161,161,176,176,276,276,294,294,494,494,118,148,148,164,164,164,164,164,192,206,206,306,306,321,245,245,264,64,127,127,162,234,234,246,299,299,325,325,325],"floor_reached":51,"playtime":2507,"items_purged":["Strike_B","Strike_B","Strike_B"],"score":1065,"play_id":"5ef3e629-d3e6-4e99-8eb6-d7f608531ced","local_time":"20180708094949","is_ascension_mode":true,"campfire_choices":[{"data":"Defragment","floor":6,"key":"SMITH"},{"data":"Defragment","floor":13,"key":"SMITH"},{"data":"Hologram","floor":15,"key":"SMITH"},{"data":"Defragment","floor":24,"key":"SMITH"},{"data":"Loop","floor":27,"key":"SMITH"},{"data":"Streamline","floor":29,"key":"SMITH"},{"data":"Seek","floor":32,"key":"SMITH"},{"data":"Amplify","floor":41,"key":"SMITH"},{"data":"Defragment","floor":44,"key":"SMITH"},{"data":"Hologram","floor":47,"key":"SMITH"},{"data":"Mirror Shield","floor":49,"key":"SMITH"}],"neow_cost":"NONE","seed_source_timestamp":84235834787468,"circlet_count":0,"master_deck":["Strike_B","Defend_B","Defend_B","Defend_B","Defend_B","Zap+1","Dualcast","Leap","Cold Snap","Defragment+1","Cold Snap","Self Repair","Defragment+1","Loop+1","Hologram+1","Streamline+1","Seek+1","Compile Driver+1","Defragment+1","Cold Snap","BootSequence","Turbo","Writhe","FTL","Amplify+1","Ball Lightning+1","FTL","Loop+1","Defragment+1","Coolheaded+1","Hologram+1","Mirror Shield+1"],"relics":["Cracked Core","Shuriken","Pantograph","Art of War","Mercury Hourglass","Nuclear Battery","Enchiridion","Ancient Bracer","Chameleon Ring","Question Card","Ancient Tea Set","Ginger","Sozu","Tiny Chest","Boot","Solar Panel","Baseball","Pet Ghost"],"potions_floor_usage":[16,23,33],"damage_taken":[{"damage":11,"enemies":"Small Slimes","floor":1,"turns":3},{"damage":0,"enemies":"Cultist","floor":4,"turns":3},{"damage":0,"enemies":"3 Sentries","floor":7,"turns":9},{"damage":0,"enemies":"2 Louse","floor":8,"turns":3},{"damage":5,"enemies":"Red Slaver","floor":10,"turns":3},{"damage":8,"enemies":"Lagavulin","floor":12,"turns":6},{"damage":9,"enemies":"Lots of Slimes","floor":14,"turns":2},{"damage":33,"enemies":"Hexaghost","floor":16,"turns":11},{"damage":7,"enemies":"Spheric Guardian","floor":18,"turns":4},{"damage":32,"enemies":"Slavers","floor":23,"turns":5},{"damage":0,"enemies":"Chosen","floor":25,"turns":4},{"damage":0,"enemies":"Book of Stabbing","floor":30,"turns":7},{"damage":0,"enemies":"Centurion and Healer","floor":31,"turns":5},{"damage":0,"enemies":"Champ","floor":33,"turns":8},{"damage":5,"enemies":"Orb Walker","floor":35,"turns":3},{"damage":3,"enemies":"3 Shapes","floor":38,"turns":5},{"damage":43,"enemies":"2 Orb Walkers","floor":40,"turns":5},{"damage":0,"enemies":"Nemesis","floor":42,"turns":8},{"damage":0,"enemies":"Sphere and 2 Shapes","floor":45,"turns":4},{"damage":4,"enemies":"2 Orb Walkers","floor":48,"turns":5},{"damage":24,"enemies":"Awakened One","floor":50,"turns":10}],"seed_played":"3661835399682655066","potions_obtained":[{"floor":1,"key":"Dexterity Potion"},{"floor":3,"key":"Doom Potion"},{"floor":3,"key":"SneckoOil"},{"floor":7,"key":"FearPotion"},{"floor":12,"key":"Elixir"},{"floor":16,"key":"ReplayShieldPotion"},{"floor":23,"key":"Energy Potion"},{"floor":31,"key":"Energy Potion"},{"floor":33,"key":"SteroidPotion"}],"is_trial":false,"path_per_floor":["M","?","?","M","$","R","E","M","T","M","T","E","R","M","R","B",null,"M","?","?","?","$","E","R","M","T","R","?","R","E","M","R","B",null,"M","$","?","M","$","E","R","E","T","R","M","T","R","E","R","B"],"character_chosen":"DEFECT","items_purchased":["Defragment","Cold Snap","Defragment","Ancient Bracer","Cold Snap","FTL","Defragment"],"campfire_rested":0,"item_purchase_floors":[5,5,22,22,22,36,39],"current_hp_per_floor":[64,64,64,64,64,64,64,71,71,66,66,65,65,56,56,49,75,75,75,75,59,59,34,34,41,41,41,41,41,48,55,55,75,75,75,75,75,75,75,39,39,46,46,46,50,50,50,55,55,53],"gold":325,"neow_bonus":"HUNDRED_GOLD","is_prod":false,"is_daily":false,"chose_seed":false,"campfire_upgraded":11,"win_rate":0,"timestamp":1531036189,"path_taken":["M","?","?","M","$","R","E","?","T","M","?","E","R","M","R","BOSS","M","?","?","?","$","E","R","M","T","R","?","R","E","M","R","BOSS","M","$","?","?","$","E","R","E","T","R","M","?","R","E","R","BOSS"],"build_version":"2018-07-05","purchased_purges":3,"victory":true,"max_hp_per_floor":[75,75,75,75,75,75,75,75,75,75,75,75,75,75,75,75,75,75,75,75,75,75,75,75,75,75,75,75,75,75,75,75,75,75,75,75,75,75,75,75,75,75,75,75,75,75,75,75,75,75],"card_choices":[{"not_picked":["Chaos","Loop"],"picked":"Leap","floor":1},{"not_picked":["Heatsinks","Undo"],"picked":"Cold Snap","floor":4},{"not_picked":["Heatsinks","Steam Power"],"picked":"Self Repair","floor":7},{"not_picked":["Steam Power","Turbo"],"picked":"Defragment","floor":8},{"not_picked":["Sweeping Beam","Steam"],"picked":"Loop","floor":10},{"not_picked":["Conserve Battery","Sweeping Beam"],"picked":"Hologram","floor":12},{"not_picked":["Reprogram","Consume"],"picked":"Streamline","floor":14},{"not_picked":["Fission","ReplayRNGCard"],"picked":"Seek","floor":16},{"not_picked":["Scrape","Self Repair"],"picked":"Compile Driver+1","floor":18},{"not_picked":["Go for the Eyes","Fission"],"picked":"BootSequence","floor":23},{"not_picked":["Glacier","Hologram+1"],"picked":"Turbo","floor":25},{"not_picked":["Cold Snap+1","Hyperbeam","Rebound+1"],"picked":"FTL","floor":30},{"not_picked":["Core Surge","Multi-Cast","Hyperbeam"],"picked":"Amplify","floor":33},{"not_picked":["Beam Cell","Self Repair+1","Steam+1"],"picked":"Ball Lightning+1","floor":35},{"not_picked":["Machine Learning","Steam+1","Storm"],"picked":"Loop+1","floor":38},{"not_picked":["Turbo","Reprogram+1","Conserve Battery"],"picked":"Coolheaded+1","floor":40},{"not_picked":["Steam Power+1","Turbo+1","Buffer"],"picked":"Hologram","floor":42},{"not_picked":["Turbo+1","Melter","Force Field"],"picked":"Mirror Shield","floor":48}],"player_experience":747562,"relics_obtained":[{"floor":7,"key":"Shuriken"},{"floor":9,"key":"Pantograph"},{"floor":11,"key":"Art of War"},{"floor":12,"key":"Mercury Hourglass"},{"floor":21,"key":"Enchiridion"},{"floor":23,"key":"Chameleon Ring"},{"floor":26,"key":"Question Card"},{"floor":30,"key":"Ginger"},{"floor":40,"key":"Tiny Chest"},{"floor":42,"key":"Boot"},{"floor":43,"key":"Solar Panel"},{"floor":46,"key":"Baseball"},{"floor":48,"key":"Pet Ghost"}],"event_choices":[{"event_name":"Accursed Blacksmith","player_choice":"Forge","floor":2,"damage_taken":0},{"event_name":"The Woman in Blue","player_choice":"Bought 2 Potions","floor":3,"damage_taken":0},{"event_name":"Drug Dealer","player_choice":"Ignored","floor":19,"damage_taken":0},{"event_name":"Wheel of Change","player_choice":"Gold","floor":20,"damage_taken":0},{"event_name":"Cursed Tome","player_choice":"Obtained Book","floor":21,"damage_taken":0},{"event_name":"The Mausoleum","player_choice":"Yes","floor":28,"damage_taken":0},{"event_name":"Tomb of Lord Red Mask","player_choice":"Ignored","floor":37,"damage_taken":0}],"boss_relics":[{"not_picked":["Tiny House","Orrery"],"picked":"Nuclear Battery"},{"not_picked":["Empty Cage","Inserter"],"picked":"Sozu"}],"items_purged_floors":[5,22,39],"is_endless":false,"potions_floor_spawned":[1,7,12,16,23,25,31,33,42,45,48],"ascension_level":2}