{"gold_per_floor":[116,116,135,135,152,180,180,205,255,269,288,301,301,301,301,301],"floor_reached":16,"playtime":1333,"items_purged":[],"score":168,"play_id":"88f5c1e6-ae33-448c-b716-fc267b240695","local_time":"20190513140313","is_ascension_mode":true,"campfire_choices":[{"floor":7,"key":"REST"},{"floor":13,"key":"REST"},{"floor":15,"key":"REST"}],"neow_cost":"NONE","seed_source_timestamp":1762972989266,"circlet_count":0,"master_deck":["AscendersBane","Defend_G","Defend_G","Defend_G+1","Defend_G+1","Defend_G","Strike_G+1","Strike_G","Strike_G","Strike_G","Strike_G","Survivor","Neutralize+1","Dodge and Roll","Deadly Poison+1","Cloak And Dagger","Malaise","Dash","Footwork","Cloak And Dagger","Cloak And Dagger"],"relics":["Ring of the Snake","Bottled Lightning","Omamori","War Paint"],"potions_floor_usage":[11],"damage_taken":[{"damage":0,"enemies":"Cultist","floor":1,"turns":5},{"damage":0,"enemies":"2 Louse","floor":3,"turns":4},{"damage":0,"enemies":"Jaw Worm","floor":5,"turns":3},{"damage":26,"enemies":"Lagavulin","floor":6,"turns":11},{"damage":40,"enemies":"3 Sentries","floor":8,"turns":19},{"damage":7,"enemies":"Large Slime","floor":10,"turns":8},{"damage":0,"enemies":"Looter","floor":11,"turns":3},{"damage":0,"enemies":"Red Slaver","floor":12,"turns":4},{"damage":58,"enemies":"Slime Boss","floor":16,"turns":14}],"seed_played":"5812134320071970795","potions_obtained":[{"floor":1,"key":"Energy Potion"},{"floor":6,"key":"Energy Potion"},{"floor":10,"key":"SteroidPotion"}],"is_trial":false,"path_per_floor":["?","?","?"],"character_chosen":"THE_SILENT","items_purchased":[],"campfire_rested":3,"item_purchase_floors":[],"current_hp_per_floor":[70,70,70,55,55,29,52,12,12,5,5,5,28,33,57,0],"gold":301,"neow_bonus":"TEN_PERCENT_HP_BONUS","is_prod":false,"is_daily":false,"chose_seed":false,"campfire_upgraded":0,"win_rate":0,"timestamp":1557770593,"path_taken":["M","?","M","?","M","E","R","E","T","M","M","M","R","?","R","BOSS"],"build_version":"2019-01-23","purchased_purges":0,"victory":false,"max_hp_per_floor":[77,77,77,77,77,77,77,77,77,77,77,77,77,82,82,82],"card_choices":[{"not_picked":["All Out Attack","Dagger Spray"],"picked":"Dodge and Roll","floor":1},{"not_picked":["Dodge and Roll","Blade Dance"],"picked":"Deadly Poison","floor":3},{"not_picked":["Dagger Throw","Flying Knee"],"picked":"Cloak And Dagger","floor":5},{"not_picked":["Bouncing Flask","Prepared"],"picked":"Malaise","floor":6},{"not_picked":["Dagger Throw","Grand Finale"],"picked":"Dash","floor":8},{"not_picked":["Prepared","Terror"],"picked":"Footwork","floor":10},{"not_picked":["Underhanded Strike","Eviscerate"],"picked":"Cloak And Dagger","floor":11},{"not_picked":["Poisoned Stab","Deadly Poison"],"picked":"Cloak And Dagger","floor":12}],"player_experience":446444,"relics_obtained":[{"floor":6,"key":"Bottled Lightning"},{"floor":8,"key":"Omamori"},{"floor":9,"key":"War Paint"}],"event_choices":[{"damage_healed":0,"gold_gain":0,"player_choice":"Grow","damage_taken":0,"max_hp_gain":0,"max_hp_loss":0,"event_name":"Living Wall","floor":2,"gold_loss":0,"cards_upgraded":["Neutralize"]},{"damage_healed":0,"gold_gain":0,"player_choice":"Entered Light","damage_taken":15,"max_hp_gain":0,"max_hp_loss":0,"event_name":"Shining Light","floor":4,"gold_loss":0,"cards_upgraded":["Strike_G","Deadly Poison"]},{"damage_healed":0,"gold_gain":0,"player_choice":"Donut","damage_taken":0,"max_hp_gain":5,"max_hp_loss":0,"event_name":"Big Fish","floor":14,"gold_loss":0}],"is_beta":false,"boss_relics":[],"items_purged_floors":[],"is_endless":false,"potions_floor_spawned":[1,6,10],"killed_by":"Slime Boss","ascension_level":10}