{"gold_per_floor":[115,115,133,151,76,76,96,96,96,38,38,38,48,73,73,147,147,160,180,180,197,26,26,26,44,70,70,70,70,96,96,96,96],"floor_reached":33,"playtime":1554,"items_purged":[],"score":500,"play_id":"de4e1a39-7210-4bd5-810e-4196d8e2a3e8","local_time":"20190529115603","is_ascension_mode":true,"campfire_choices":[{"data":"Perfected Strike","floor":6,"key":"SMITH"},{"data":"Bash","floor":8,"key":"SMITH"},{"data":"True Grit","floor":12,"key":"SMITH"},{"data":"Clothesline","floor":15,"key":"SMITH"},{"data":"Feed","floor":23,"key":"SMITH"},{"floor":32,"key":"REST"}],"neow_cost":"NONE","seed_source_timestamp":887377485267741,"circlet_count":0,"master_deck":["AscendersBane","Strike_R+1","Strike_R+1","Strike_R+1","Strike_R+1","Strike_R+1","Defend_R+1","Defend_R+1","Defend_R+1","Bash+1","Clothesline+1","Fiend Fire","Perfected Strike+1","Impervious","True Grit+1","Feed+1","Offering","Pommel Strike","Fiend Fire","Flame Barrier","Flame Barrier","Bandage Up","Ghostly Armor","Uppercut"],"relics":["Burning Blood","Mercury Hourglass","Ornamental Fan","Letter Opener","Philosopher\u0027s Stone","Incense Burner","Vajra","Unceasing Top","Nunchaku"],"potions_floor_usage":[16,30,30,33],"damage_taken":[{"damage":13,"enemies":"Jaw Worm","floor":1,"turns":6},{"damage":7,"enemies":"Cultist","floor":3,"turns":4},{"damage":9,"enemies":"2 Louse","floor":4,"turns":3},{"damage":5,"enemies":"2 Fungi Beasts","floor":7,"turns":3},{"damage":5,"enemies":"Red Slaver","floor":13,"turns":4},{"damage":21,"enemies":"3 Sentries","floor":14,"turns":6},{"damage":40,"enemies":"The Guardian","floor":16,"turns":13},{"damage":6,"enemies":"Spheric Guardian","floor":18,"turns":3},{"damage":10,"enemies":"3 Byrds","floor":19,"turns":5},{"damage":21,"enemies":"Centurion and Healer","floor":21,"turns":7},{"damage":30,"enemies":"Sentry and Sphere","floor":25,"turns":6},{"damage":30,"enemies":"Slavers","floor":30,"turns":7},{"damage":39,"enemies":"Champ","floor":33,"turns":5}],"seed_played":"-7795933450561486811","potions_obtained":[{"floor":14,"key":"FearPotion"},{"floor":16,"key":"Ancient Potion"},{"floor":19,"key":"SpeedPotion"},{"floor":21,"key":"FearPotion"},{"floor":30,"key":"Poison Potion"}],"is_trial":false,"path_per_floor":["?","M","?","?","T","$","?","?","T"],"character_chosen":"IRONCLAD","items_purchased":["True Grit","Flame Barrier","Bandage Up"],"campfire_rested":1,"item_purchase_floors":[10,22,22],"current_hp_per_floor":[68,68,67,64,64,64,65,65,65,65,65,65,66,51,51,17,66,66,62,62,47,47,47,47,27,27,27,27,27,7,7,31,0],"gold":96,"neow_bonus":"TEN_PERCENT_HP_BONUS","is_prod":false,"is_daily":false,"chose_seed":false,"campfire_upgraded":5,"win_rate":0,"timestamp":1559145363,"path_taken":["M","?","?","M","?","R","M","R","T","$","?","R","M","E","R","BOSS","M","M","?","M","$","R","?","M","T","$","?","?","E","?","R","BOSS"],"build_version":"2019-01-23","purchased_purges":0,"victory":false,"max_hp_per_floor":[82,82,82,82,82,82,82,82,82,82,82,82,82,82,82,82,82,82,82,82,82,82,82,82,82,82,82,82,82,82,82,82,82],"card_choices":[{"not_picked":["Sword Boomerang","Thunderclap"],"picked":"Clothesline","floor":1},{"not_picked":["Sever Soul","True Grit"],"picked":"Perfected Strike","floor":3},{"not_picked":["Sword Boomerang","Anger"],"picked":"Impervious","floor":4},{"not_picked":["Anger","Evolve"],"picked":"Pommel Strike","floor":7},{"not_picked":["Clash","Iron Wave","Cleave"],"picked":"SKIP","floor":13},{"not_picked":["Shrug It Off","Havoc"],"picked":"Feed","floor":14},{"not_picked":["Double Tap","Dark Embrace"],"picked":"Offering","floor":16},{"not_picked":["Flex","Warcry"],"picked":"Pommel Strike","floor":18},{"not_picked":["Rupture","Cleave"],"picked":"Fiend Fire","floor":19},{"not_picked":["Heavy Blade","Burning Pact"],"picked":"Flame Barrier","floor":21},{"not_picked":["Wild Strike","Sword Boomerang"],"picked":"Ghostly Armor","floor":25},{"not_picked":["Entrench","Anger"],"picked":"Uppercut","floor":30}],"player_experience":730142,"relics_obtained":[{"floor":9,"key":"Mercury Hourglass"},{"floor":14,"key":"Letter Opener"},{"floor":20,"key":"Incense Burner"},{"floor":26,"key":"Vajra"},{"floor":30,"key":"Unceasing Top"},{"floor":31,"key":"Nunchaku"}],"event_choices":[{"damage_healed":0,"gold_gain":0,"player_choice":"1 cards matched","damage_taken":0,"max_hp_gain":0,"max_hp_loss":0,"event_name":"Match and Keep!","floor":2,"gold_loss":0,"cards_obtained":["Fiend Fire"]},{"cards_removed":["Defend_R"],"damage_healed":0,"gold_gain":0,"player_choice":"Card Removal","damage_taken":0,"max_hp_gain":0,"max_hp_loss":0,"event_name":"The Cleric","floor":5,"gold_loss":75},{"cards_removed":["Pommel Strike"],"damage_healed":0,"gold_gain":0,"player_choice":"Gave Card","damage_taken":0,"relics_obtained":["Ornamental Fan"],"max_hp_gain":0,"max_hp_loss":0,"event_name":"WeMeetAgain","floor":11,"gold_loss":0},{"damage_healed":0,"gold_gain":0,"player_choice":"Simplicity","damage_taken":0,"max_hp_gain":0,"max_hp_loss":0,"event_name":"Back to Basics","floor":28,"gold_loss":0,"cards_upgraded":["Strike_R","Strike_R","Strike_R","Strike_R","Strike_R","Defend_R","Defend_R","Defend_R"]},{"damage_healed":0,"gold_gain":0,"player_choice":"Ignored","damage_taken":0,"max_hp_gain":0,"max_hp_loss":0,"event_name":"Beggar","floor":29,"gold_loss":0}],"is_beta":false,"boss_relics":[{"not_picked":["Lizard Tail","Runic Dome"],"picked":"Philosopher\u0027s Stone"}],"items_purged_floors":[],"is_endless":false,"potions_floor_spawned":[14,16,19,21,30],"killed_by":"Champ","ascension_level":18}