{"gold_per_floor":[115,134,29,45,45,45,70,70,70,87,102,135,135,153,153,231,231,208,228,261,277,1,1,19,29,102,102],"floor_reached":27,"playtime":22208,"items_purged":["Shame","Strike_G"],"score":431,"play_id":"304b1851-528a-49ba-80ad-4178fd613cd8","local_time":"20181007180936","is_ascension_mode":true,"campfire_choices":[{"data":"Neutralize","floor":6.0,"key":"SMITH"},{"data":"Skewer","floor":8.0,"key":"SMITH"},{"data":"Leg Sweep","floor":13.0,"key":"SMITH"},{"data":"Underhanded Strike","floor":15.0,"key":"SMITH"},{"floor":23,"key":"REST"}],"neow_cost":"CURSE","seed_source_timestamp":2089302936267461,"circlet_count":0,"master_deck":["Defend_G","Defend_G","Defend_G","Defend_G","Defend_G","Strike_G","Strike_G","Strike_G","Strike_G","Survivor","Neutralize+1","AscendersBane","Skewer+1","Deflect","Dagger Spray","Dagger Throw","Underhanded Strike+1","Dagger Throw","Leg Sweep+1","Adrenaline","Leg Sweep","Tactician","Heel Hook","Tools of the Trade","Cloak And Dagger","Backflip+1"],"special_seed":0,"relics":["Ring of the Snake","FossilizedHelix","Singing Bowl","Darkstone Periapt","StoneCalendar","White Beast Statue","Red Mask","Molten Egg 2"],"potions_floor_usage":[19,20,20,21,27,27],"damage_taken":[{"damage":0.0,"enemies":"Cultist","floor":1.0,"turns":5.0},{"damage":0.0,"enemies":"Small Slimes","floor":2.0,"turns":3.0},{"damage":0.0,"enemies":"Jaw Worm","floor":4.0,"turns":4.0},{"damage":13.0,"enemies":"Lagavulin","floor":7.0,"turns":7.0},{"damage":0.0,"enemies":"Exordium Wildlife","floor":10.0,"turns":5.0},{"damage":0.0,"enemies":"Exordium Thugs","floor":11.0,"turns":5.0},{"damage":23.0,"enemies":"Gremlin Nob","floor":12.0,"turns":4.0},{"damage":0.0,"enemies":"Blue Slaver","floor":14.0,"turns":2.0},{"damage":21,"enemies":"The Guardian","floor":16,"turns":15},{"damage":8,"enemies":"2 Thieves","floor":18,"turns":4},{"damage":0,"enemies":"Chosen","floor":19,"turns":5},{"damage":32,"enemies":"Masked Bandits","floor":20,"turns":6},{"damage":11,"enemies":"3 Cultists","floor":21,"turns":5},{"damage":20,"enemies":"Cultist and Chosen","floor":24,"turns":7},{"damage":2,"enemies":"Centurion and Healer","floor":25,"turns":7},{"damage":9,"enemies":"Shelled Parasite and Fungi","floor":27,"turns":6}],"seed_played":"-7913309440136920297","potions_obtained":[{"floor":1.0,"key":"FearPotion"},{"floor":7.0,"key":"Block Potion"},{"floor":11.0,"key":"Poison Potion"},{"floor":16,"key":"LiquidBronze"},{"floor":18,"key":"GamblersBrew"},{"floor":19,"key":"Block Potion"},{"floor":20,"key":"AttackPotion"},{"floor":21,"key":"Weak Potion"},{"floor":24,"key":"PowerPotion"}],"is_trial":false,"path_per_floor":["M","M","$","M","?","R","E","R","T","M","M","E","R","M","R","B",null,"M","M","?","M","$","R","M","M","T"],"character_chosen":"THE_SILENT","items_purchased":["Dagger Spray","Tools of the Trade"],"campfire_rested":1,"item_purchase_floors":[3,22],"current_hp_per_floor":[59,59,59,59,59,59,48,48,48,48,48,25,25,27,27,6,54,48,48,16,5,5,26,6,4,4,0],"gold":102,"neow_bonus":"ONE_RARE_RELIC","is_prod":false,"is_daily":false,"chose_seed":false,"campfire_upgraded":4,"win_rate":0,"timestamp":1538928576,"path_taken":["M","M","$","M","?","R","E","R","T","?","M","E","R","?","R","BOSS","M","M","?","M","$","R","M","M","T","M"],"build_version":"2018-10-04v2","purchased_purges":2,"victory":false,"max_hp_per_floor":[66,66,66,66,66,66,68,68,68,68,68,68,68,70,70,70,70,72,72,72,72,72,72,72,72,72,72],"card_choices":[{"not_picked":["Underhanded Strike","Bane"],"picked":"Skewer","floor":1.0},{"not_picked":["Heel Hook","Prepared"],"picked":"Deflect","floor":2.0},{"not_picked":["Accuracy","Dagger Spray"],"picked":"Dagger Throw","floor":4.0},{"not_picked":["Deadly Poison","Dagger Spray","Prepared"],"picked":"Singing Bowl","floor":7.0},{"not_picked":["Quick Slash","Tactician"],"picked":"Underhanded Strike","floor":10.0},{"not_picked":["Skewer","Bane"],"picked":"Dagger Throw","floor":11.0},{"not_picked":["Dagger Throw","Backstab"],"picked":"Leg Sweep","floor":12.0},{"not_picked":["Setup","Outmaneuver","Bouncing Flask"],"picked":"Singing Bowl","floor":14.0},{"not_picked":["Bullet Time","Die Die Die"],"picked":"Adrenaline","floor":16},{"not_picked":["Dagger Spray+1","Outmaneuver","Flying Knee"],"picked":"Singing Bowl","floor":18},{"not_picked":["Reflex","Concentrate"],"picked":"Leg Sweep","floor":19},{"not_picked":["Bouncing Flask","Quick Slash"],"picked":"Tactician","floor":20},{"not_picked":["Choke","All Out Attack"],"picked":"Heel Hook","floor":21},{"not_picked":["Quick Slash","Sucker Punch"],"picked":"Cloak And Dagger","floor":24},{"not_picked":["Leg Sweep","Outmaneuver"],"picked":"Backflip+1","floor":25}],"player_experience":1200246,"relics_obtained":[{"floor":7.0,"key":"Singing Bowl"},{"floor":9.0,"key":"Darkstone Periapt"},{"floor":12.0,"key":"StoneCalendar"},{"floor":20,"key":"Red Mask"},{"floor":26,"key":"Molten Egg 2"}],"event_choices":[{"event_name":"Liars Game","player_choice":"disagreed","floor":5.0,"damage_taken":0.0},{"event_name":"Masked Bandits","player_choice":"Fought Bandits","floor":20,"damage_taken":0}],"is_beta":false,"boss_relics":[{"not_picked":["WristBlade","Black Star"],"picked":"White Beast Statue"}],"items_purged_floors":[3,22],"is_endless":false,"potions_floor_spawned":[1,7,11,16,18,19,20,21,24,25],"killed_by":"Shelled Parasite and Fungi","ascension_level":18}