{"gold_per_floor":[118,129,9,22,38,38,66,43,43,59,73,101,101,111,111,188,188,206,218,46,65,76,76,108,108,133,133],"floor_reached":27,"playtime":1540,"items_purged":["Strike_G","Strike_G"],"score":432,"play_id":"ee63c252-fa56-4de1-a5b4-ca42c3661d28","local_time":"20180809205444","is_ascension_mode":true,"campfire_choices":[{"data":"Neutralize","floor":6,"key":"SMITH"},{"data":"Dash","floor":13,"key":"SMITH"},{"floor":15,"key":"REST"},{"data":"Cloak And Dagger","floor":23,"key":"SMITH"}],"neow_cost":"NONE","seed_source_timestamp":2464317391517578,"circlet_count":0,"master_deck":["Defend_G","Defend_G","Defend_G","Defend_G","Defend_G","Strike_G","Strike_G","Survivor","Neutralize+1","AscendersBane","Leg Sweep","Slice","Slice","Flying Knee","Dagger Spray","Adrenaline","Flying Knee","Dash+1","Envenom","Malaise","Backflip","Infinite Blades","Cloak And Dagger+1","Backflip"],"relics":["Ring of the Snake","Blood Vial","Matryoshka","Ginger","Snecko Eye","Question Card","Regal Pillow","Strawberry"],"potions_floor_usage":[7,16,22],"damage_taken":[{"damage":0,"enemies":"Cultist","floor":1,"turns":6},{"damage":1,"enemies":"2 Louse","floor":2,"turns":4},{"damage":0,"enemies":"Jaw Worm","floor":4,"turns":4},{"damage":3,"enemies":"Blue Slaver","floor":5,"turns":4},{"damage":21,"enemies":"Lagavulin","floor":7,"turns":11},{"damage":1,"enemies":"Looter","floor":10,"turns":4},{"damage":0,"enemies":"Gremlin Gang","floor":11,"turns":5},{"damage":37,"enemies":"Gremlin Nob","floor":12,"turns":5},{"damage":1,"enemies":"Lots of Slimes","floor":14,"turns":3},{"damage":22,"enemies":"Hexaghost","floor":16,"turns":10},{"damage":13,"enemies":"Chosen","floor":18,"turns":7},{"damage":0,"enemies":"Shell Parasite","floor":19,"turns":7},{"damage":15,"enemies":"Snecko","floor":21,"turns":8},{"damage":8,"enemies":"Snake Plant","floor":22,"turns":5},{"damage":15,"enemies":"Book of Stabbing","floor":24,"turns":7},{"damage":28,"enemies":"Gremlin Leader","floor":27,"turns":2}],"seed_played":"9223086681159303893","potions_obtained":[{"floor":2,"key":"FairyPotion"},{"floor":4,"key":"Energy Potion"},{"floor":11,"key":"EssenceOfSteel"},{"floor":21,"key":"LiquidBronze"}],"is_trial":false,"path_per_floor":["M","M","$","M","M","R","E","$","T","M","M","E","R","M","R","B",null,"M","M","$","M","M","R","E","?","T"],"character_chosen":"THE_SILENT","items_purchased":["Flying Knee","Flying Knee","Infinite Blades"],"campfire_rested":1,"item_purchase_floors":[3,8,20],"current_hp_per_floor":[59,58,58,58,55,55,34,34,34,35,37,2,2,3,22,2,50,39,41,41,28,22,22,9,9,16,0],"gold":133,"neow_bonus":"TRANSFORM_CARD","is_prod":false,"is_daily":false,"chose_seed":false,"campfire_upgraded":3,"win_rate":0,"timestamp":1533840884,"path_taken":["M","M","$","M","M","R","E","$","T","?","M","E","R","M","R","BOSS","M","M","$","?","M","R","E","?","T","E"],"build_version":"2018-08-08","purchased_purges":2,"victory":false,"max_hp_per_floor":[66,66,66,66,66,66,66,66,66,66,66,66,66,66,66,66,66,66,66,66,66,66,66,66,66,73,73],"card_choices":[{"not_picked":["Dodge and Roll","Bane"],"picked":"Slice","floor":1},{"not_picked":["Dodge and Roll","Outmaneuver"],"picked":"Slice","floor":2},{"not_picked":["Slice","Poisoned Stab"],"picked":"Dagger Spray","floor":4},{"not_picked":["PiercingWail","Dodge and Roll"],"picked":"Adrenaline","floor":7},{"not_picked":["PiercingWail","Dagger Throw"],"picked":"Dash","floor":11},{"not_picked":["Bane","Backstab"],"picked":"Envenom","floor":14},{"not_picked":["Tools of the Trade","Die Die Die"],"picked":"Malaise","floor":16},{"not_picked":["Dagger Throw","Sucker Punch"],"picked":"Backflip","floor":18},{"not_picked":["Dagger Throw","Flying Knee"],"picked":"Cloak And Dagger","floor":21},{"not_picked":["Noxious Fumes","Reflex"],"picked":"Backflip","floor":24}],"player_experience":1115310,"relics_obtained":[{"floor":7,"key":"Blood Vial"},{"floor":9,"key":"Matryoshka"},{"floor":12,"key":"Ginger"},{"floor":24,"key":"Question Card"},{"floor":26,"key":"Regal Pillow"},{"floor":26,"key":"Strawberry"}],"event_choices":[{"event_name":"The Mausoleum","player_choice":"No","floor":25,"damage_taken":0}],"is_beta":true,"boss_relics":[{"not_picked":["Runic Pyramid","Calling Bell"],"picked":"Snecko Eye"}],"items_purged_floors":[3,20],"is_endless":false,"potions_floor_spawned":[2,4,11,21],"killed_by":"Gremlin Leader","ascension_level":15}