{"gold_per_floor":[118,193,206,64,79,79,79,79,79,96,96,96,66,83,83,185,185,200,200,211,43,57,57,57,57,57,67,82,101,101,112,112,210,210,221,221,20,35,35,35,135,135,135,149,149,67,83,83,83,83],"floor_reached":51,"playtime":1388,"items_purged":["Strike_B","Strike_B","Defend_B"],"score":637,"play_id":"f0b6c5d5-0b73-4841-a223-b407c397c1de","local_time":"20190201133649","is_ascension_mode":false,"campfire_choices":[{"data":"Defragment","floor":6,"key":"SMITH"},{"data":"Defend_B","floor":8,"key":"SMITH"},{"data":"Conserve Battery","floor":12,"key":"SMITH"},{"data":"Sunder","floor":15,"key":"SMITH"},{"data":"Meteor Strike","floor":23,"key":"SMITH"},{"data":"Sunder","floor":25,"key":"SMITH"},{"data":"Conserve Battery","floor":30,"key":"SMITH"},{"data":"Defend_B","floor":32,"key":"SMITH"},{"data":"Capacitor","floor":40,"key":"SMITH"},{"data":"Undo","floor":42,"key":"SMITH"},{"data":"Defend_B","floor":45,"key":"SMITH"},{"floor":49,"key":"REST"}],"neow_cost":"NONE","seed_source_timestamp":305366879461514,"circlet_count":0,"master_deck":["Strike_B","Defend_B+1","Defend_B+1","Defend_B+1","Zap","Dualcast","Undo+1","Defragment+1","Conserve Battery+1","Double Energy","Sunder+1","Meteor Strike+1","Conserve Battery+1","Sunder+1","Undo+1","Echo Form","Capacitor+1","Sunder+1","Consume+1","Doom and Gloom"],"relics":["Snecko Eye"],"potions_floor_usage":[16,16,22,27,29,29,33,50,50,50],"damage_taken":[{"damage":0,"enemies":"Cultist","floor":1,"turns":3},{"damage":0,"enemies":"2 Louse","floor":3,"turns":2},{"damage":6,"enemies":"Jaw Worm","floor":5,"turns":3},{"damage":5,"enemies":"Gremlin Gang","floor":10,"turns":5},{"damage":5,"enemies":"Looter","floor":13,"turns":4},{"damage":13,"enemies":"Red Slaver","floor":14,"turns":5},{"damage":3,"enemies":"Hexaghost","floor":16,"turns":10},{"damage":0,"enemies":"Spheric Guardian","floor":18,"turns":3},{"damage":0,"enemies":"Shell Parasite","floor":20,"turns":4},{"damage":10,"enemies":"Cultist and Chosen","floor":22,"turns":5},{"damage":0,"enemies":"Snake Plant","floor":27,"turns":2},{"damage":0,"enemies":"Snecko","floor":28,"turns":3},{"damage":1,"enemies":"Chosen and Byrds","floor":29,"turns":6},{"damage":13,"enemies":"Snake Plant","floor":31,"turns":3},{"damage":15,"enemies":"Collector","floor":33,"turns":10},{"damage":1,"enemies":"3 Darklings","floor":35,"turns":4},{"damage":10,"enemies":"Orb Walker","floor":38,"turns":2},{"damage":5,"enemies":"Mind Bloom Boss Battle","floor":41,"turns":4},{"damage":8,"enemies":"Sphere and 2 Shapes","floor":44,"turns":5},{"damage":6,"enemies":"3 Darklings","floor":47,"turns":4},{"damage":26,"enemies":"Awakened One","floor":50,"turns":9}],"seed_played":"-5199916535129247220","potions_obtained":[{"floor":1,"key":"EssenceOfSteel"},{"floor":10,"key":"Weak Potion"},{"floor":14,"key":"SkillPotion"},{"floor":18,"key":"SkillPotion"},{"floor":19,"key":"Regen Potion"},{"floor":19,"key":"EntropicBrew"},{"floor":22,"key":"Dexterity Potion"},{"floor":29,"key":"Fire Potion"},{"floor":35,"key":"Dexterity Potion"}],"is_trial":false,"path_per_floor":["M","?","M","$","M","R","?","R","T","M","?","R","M","M","R","B",null,"M","?","M","$","M","R","?","R","T","M","M","M","R","M","R","B",null,"M","?","$","M","?","R","?","R","T","M","R","$","M","T","R","B",null],"character_chosen":"DEFECT","items_purchased":["Undo","Sunder","Capacitor","Doom and Gloom"],"campfire_rested":1,"item_purchase_floors":[4,21,37,46],"current_hp_per_floor":[75,64,64,64,58,58,58,58,58,53,53,53,48,35,35,32,75,75,75,75,75,75,75,75,75,75,75,75,74,74,61,61,46,75,74,74,74,64,64,64,59,59,59,51,51,51,45,45,67,41],"gold":83,"neow_bonus":"BOSS_RELIC","is_prod":false,"is_daily":false,"chose_seed":false,"campfire_upgraded":11,"win_rate":0,"timestamp":1549024609,"path_taken":["M","?","M","$","M","R","?","R","T","M","?","R","M","?","R","BOSS","M","?","M","$","?","R","?","R","T","M","M","M","R","M","R","BOSS","M","?","$","M","?","R","?","R","T","M","R","$","M","?","R","BOSS"],"build_version":"2019-01-23","purchased_purges":3,"victory":true,"max_hp_per_floor":[75,75,75,75,75,75,75,75,75,75,75,75,75,75,75,75,75,75,75,75,75,75,75,75,75,75,75,75,75,75,75,75,75,75,75,75,75,75,75,75,75,75,75,75,75,75,75,75,75,75],"card_choices":[{"not_picked":["Heatsinks","Gash","Stack"],"picked":"SKIP","floor":1},{"not_picked":["Go for the Eyes","Barrage","FTL"],"picked":"SKIP","floor":3},{"not_picked":["BootSequence","Barrage"],"picked":"Defragment","floor":5},{"not_picked":["Stack","Self Repair"],"picked":"Conserve Battery","floor":10},{"not_picked":["Lockon","Heatsinks"],"picked":"Double Energy","floor":13},{"not_picked":["Beam Cell","Darkness"],"picked":"Sunder","floor":14},{"not_picked":["Creative AI","Buffer"],"picked":"Meteor Strike","floor":16},{"not_picked":["Lockon","Barrage"],"picked":"Conserve Battery","floor":18},{"not_picked":["Barrage","Streamline+1","Gash"],"picked":"SKIP","floor":20},{"not_picked":["Gash","Lockon","Ball Lightning"],"picked":"SKIP","floor":22},{"not_picked":["Reboot","BootSequence","Compile Driver+1"],"picked":"SKIP","floor":27},{"not_picked":["Steam+1","Blizzard","Genetic Algorithm"],"picked":"SKIP","floor":28},{"not_picked":["Chill+1","Self Repair+1","Blizzard+1"],"picked":"SKIP","floor":29},{"not_picked":["Stack","Gash"],"picked":"Undo","floor":31},{"not_picked":["Machine Learning","Thunder Strike"],"picked":"Echo Form","floor":33},{"not_picked":["Sweeping Beam+1","Go for the Eyes","Self Repair+1"],"picked":"SKIP","floor":35},{"not_picked":["Hologram","Steam Power"],"picked":"Sunder+1","floor":38},{"not_picked":["Compile Driver+1","Gash"],"picked":"Consume+1","floor":41},{"not_picked":["Redo","Compile Driver","Rebound"],"picked":"SKIP","floor":44},{"not_picked":["Tempest+1","White Noise","Reprogram"],"picked":"SKIP","floor":47}],"player_experience":53302,"relics_obtained":[],"event_choices":[{"damage_healed":0,"gold_gain":75,"player_choice":"Gather Gold","damage_taken":11,"max_hp_gain":0,"max_hp_loss":0,"event_name":"World of Goop","floor":2,"gold_loss":0},{"damage_healed":0,"gold_gain":0,"player_choice":"Grow","damage_taken":0,"max_hp_gain":0,"max_hp_loss":0,"event_name":"Living Wall","floor":7,"gold_loss":0,"cards_upgraded":["Undo"]},{"damage_healed":0,"gold_gain":0,"player_choice":"Ignored","damage_taken":0,"max_hp_gain":0,"max_hp_loss":0,"event_name":"WeMeetAgain","floor":11,"gold_loss":0},{"damage_healed":0,"gold_gain":0,"player_choice":"Got Potions","damage_taken":0,"max_hp_gain":0,"max_hp_loss":0,"event_name":"Lab","floor":19,"gold_loss":0},{"damage_healed":0,"gold_gain":0,"player_choice":"Ignored","damage_taken":0,"max_hp_gain":0,"max_hp_loss":0,"event_name":"Cursed Tome","floor":24,"gold_loss":0},{"cards_removed":["Strike_B"],"damage_healed":0,"gold_gain":0,"player_choice":"Removed Attack","damage_taken":0,"max_hp_gain":0,"max_hp_loss":0,"event_name":"Falling","floor":36,"gold_loss":0},{"damage_healed":0,"gold_gain":0,"player_choice":"Ignored","damage_taken":0,"max_hp_gain":0,"max_hp_loss":0,"event_name":"Tomb of Lord Red Mask","floor":39,"gold_loss":0},{"damage_healed":0,"gold_gain":0,"player_choice":"Fight","damage_taken":0,"max_hp_gain":0,"max_hp_loss":0,"event_name":"MindBloom","floor":41,"gold_loss":0}],"is_beta":false,"boss_relics":[{"not_picked":["Runic Pyramid","Orrery","Pandora\u0027s Box"]},{"not_picked":["Eternal Feather","Calling Bell","Philosopher\u0027s Stone"]}],"items_purged_floors":[4,21,37],"is_endless":false,"potions_floor_spawned":[1,10,14,18,22,29,35],"ascension_level":0}