{"gold_per_floor":[119,119,119,131,148,167,199,199,199,225,225,237,257,312,312,407,407,374,209,223,45,45,70,90,117,117,117,150,165,165,185,185,288,288,301,78,353,368,378,378,411,411,411,44,55,74,104,120,120,120],"floor_reached":51,"playtime":4374,"items_purged":["Writhe","Regret"],"score":1063,"play_id":"7e6dcd87-08db-4f2b-9326-8739aa44ea3d","local_time":"20190507060840","is_ascension_mode":true,"campfire_choices":[{"floor":11,"key":"REST"},{"data":"Defragment","floor":15,"key":"SMITH"},{"data":"Rainbow","floor":30,"key":"SMITH"},{"data":"Machine Learning","floor":32,"key":"SMITH"},{"data":"Buffer","floor":40,"key":"SMITH"},{"data":"Defragment","floor":49,"key":"SMITH"}],"neow_cost":"NONE","seed_source_timestamp":4200417949079369,"circlet_count":0,"master_deck":["Strike_B+1","Strike_B","Defend_B","Defend_B","Defend_B","Defend_B","Zap","Dualcast+1","Coolheaded","Beam Cell","Defragment+1","Self Repair","Coolheaded","Conserve Battery","Capacitor","White Noise","Seek","Genetic Algorithm+1","Ball Lightning","Rainbow+1","Cold Snap","Hologram","Recycle+1","Undo","Buffer+1","Sunder","Machine Learning+1","White Noise","Conserve Battery","Biased Cognition","Blizzard","Turbo","Heatsinks","Aggregate","Tempest+1","Storm","Blizzard","Discovery","Flash of Steel","Jack Of All Trades","Defragment+1","Coolheaded","Secret Technique","Fusion","Conserve Battery+1","Reinforced Body","Heatsinks"],"relics":["Cracked Core","Mercury Hourglass","The Courier","Blue Candle","Pantograph","Inserter","Lee\u0027s Waffle","Anchor","Bottled Flame","Mummified Hand","Pen Nib","Blood Vial","Coffee Dripper","Darkstone Periapt","Shuriken"],"potions_floor_usage":[7,16,25,28,46,46,50,50],"damage_taken":[{"damage":9,"enemies":"2 Louse","floor":1,"turns":3},{"damage":4,"enemies":"Cultist","floor":4,"turns":4},{"damage":4,"enemies":"Small Slimes","floor":5,"turns":2},{"damage":2,"enemies":"Red Slaver","floor":6,"turns":4},{"damage":17,"enemies":"3 Sentries","floor":7,"turns":8},{"damage":20,"enemies":"Lagavulin","floor":10,"turns":7},{"damage":14,"enemies":"3 Louse","floor":12,"turns":3},{"damage":0,"enemies":"Looter","floor":13,"turns":3},{"damage":15,"enemies":"3 Sentries","floor":14,"turns":8},{"damage":9,"enemies":"The Guardian","floor":16,"turns":10},{"damage":35,"enemies":"2 Thieves","floor":18,"turns":5},{"damage":7,"enemies":"Shell Parasite","floor":20,"turns":10},{"damage":47,"enemies":"Slavers","floor":23,"turns":6},{"damage":11,"enemies":"3 Cultists","floor":24,"turns":6},{"damage":12,"enemies":"Book of Stabbing","floor":25,"turns":9},{"damage":1,"enemies":"Gremlin Leader","floor":28,"turns":7},{"damage":1,"enemies":"Centurion and Healer","floor":29,"turns":6},{"damage":0,"enemies":"Chosen and Byrds","floor":31,"turns":4},{"damage":5,"enemies":"Automaton","floor":33,"turns":10},{"damage":1,"enemies":"Orb Walker","floor":35,"turns":4},{"damage":6,"enemies":"3 Shapes","floor":38,"turns":5},{"damage":0,"enemies":"Transient","floor":39,"turns":5},{"damage":1,"enemies":"Giant Head","floor":41,"turns":8},{"damage":20,"enemies":"Writhing Mass","floor":45,"turns":4},{"damage":27,"enemies":"Jaw Worm Horde","floor":46,"turns":4},{"damage":7,"enemies":"Nemesis","floor":47,"turns":7},{"damage":0,"enemies":"Spire Growth","floor":48,"turns":7},{"damage":6,"enemies":"Donu and Deca","floor":50,"turns":7}],"seed_played":"-3647090635961999439","potions_obtained":[{"floor":1,"key":"EssenceOfSteel"},{"floor":10,"key":"Strength Potion"},{"floor":13,"key":"SpeedPotion"},{"floor":14,"key":"Poison Potion"},{"floor":23,"key":"LiquidBronze"},{"floor":25,"key":"Strength Potion"},{"floor":33,"key":"LiquidBronze"},{"floor":39,"key":"Explosive Potion"},{"floor":48,"key":"Ancient Potion"}],"is_trial":false,"path_per_floor":["?","?","M","?","M","?","?","?","?","M","?"],"character_chosen":"DEFECT","items_purchased":["Lee\u0027s Waffle","Rainbow","Cold Snap","Hologram","Turbo","Heatsinks","Aggregate","Defragment","Coolheaded","Secret Technique","Fusion"],"campfire_rested":1,"item_purchase_floors":[19,21,21,21,36,36,36,44,44,44,44],"current_hp_per_floor":[66,50,50,46,42,40,30,30,30,17,41,34,41,33,33,56,76,48,89,89,89,89,49,38,33,33,33,39,47,47,56,56,85,88,88,88,88,89,89,89,89,79,79,79,61,43,45,61,61,89],"gold":120,"neow_bonus":"TEN_PERCENT_HP_BONUS","is_prod":false,"is_daily":false,"chose_seed":false,"campfire_upgraded":5,"win_rate":0,"timestamp":1557223720,"path_taken":["M","?","?","M","?","M","E","?","T","E","R","?","M","?","R","BOSS","M","$","M","$","?","E","M","E","T","?","E","M","R","M","R","BOSS","M","$","?","?","M","R","E","?","T","$","M","M","E","M","R","BOSS"],"build_version":"2019-01-23","purchased_purges":2,"victory":true,"max_hp_per_floor":[82,82,82,82,82,82,82,82,82,82,82,82,82,82,82,82,82,82,89,89,89,89,89,89,89,89,89,89,89,89,89,89,89,89,89,89,89,89,89,89,89,89,89,89,89,89,89,89,89,89],"card_choices":[{"not_picked":["Stack","Skim"],"picked":"Coolheaded","floor":1},{"not_picked":["Reprogram","Steam"],"picked":"Beam Cell","floor":4},{"not_picked":["Ball Lightning","Double Energy"],"picked":"Defragment","floor":5},{"not_picked":["White Noise","Cold Snap"],"picked":"Self Repair","floor":6},{"not_picked":["Recycle","Leap"],"picked":"Coolheaded","floor":7},{"not_picked":["Turbo","Reprogram"],"picked":"Conserve Battery","floor":10},{"not_picked":["Force Field","Beam Cell","Aggregate"],"picked":"SKIP","floor":12},{"not_picked":["Reprogram","Redo"],"picked":"Capacitor","floor":13},{"not_picked":["Doom and Gloom","Compile Driver"],"picked":"White Noise","floor":14},{"not_picked":["Machine Learning","Core Surge"],"picked":"Seek","floor":16},{"not_picked":["Recycle+1","Coolheaded"],"picked":"Genetic Algorithm+1","floor":18},{"not_picked":["Steam+1","Cold Snap"],"picked":"Ball Lightning","floor":20},{"not_picked":["Sweeping Beam","Thunder Strike"],"picked":"Recycle+1","floor":23},{"not_picked":["Self Repair+1","Conserve Battery+1"],"picked":"Undo","floor":24},{"not_picked":["Rebound","Sweeping Beam"],"picked":"Buffer","floor":25},{"not_picked":["Reinforced Body","Gash+1"],"picked":"Machine Learning","floor":28},{"not_picked":["Barrage","Stack"],"picked":"White Noise","floor":29},{"not_picked":["Gash","Rebound"],"picked":"Conserve Battery","floor":31},{"not_picked":["Electrodynamics","Core Surge"],"picked":"Biased Cognition","floor":33},{"not_picked":["Sweeping Beam","Conserve Battery"],"picked":"Blizzard","floor":35},{"not_picked":["Beam Cell+1","Self Repair+1"],"picked":"Tempest+1","floor":38},{"not_picked":["Sunder","Hologram"],"picked":"Storm","floor":39},{"not_picked":["Steam","Conserve Battery+1"],"picked":"Blizzard","floor":41},{"not_picked":["Deep Breath","Mind Blast"],"picked":"Discovery","floor":42},{"not_picked":["Good Instincts","Secret Technique"],"picked":"Flash of Steel","floor":42},{"not_picked":["Purity","Forethought"],"picked":"Jack Of All Trades","floor":42},{"not_picked":["Hologram","Cold Snap+1"],"picked":"Conserve Battery+1","floor":45},{"not_picked":["Compile Driver","Ball Lightning+1","Streamline+1"],"picked":"SKIP","floor":46},{"not_picked":["All For One","Coolheaded"],"picked":"Reinforced Body","floor":47},{"not_picked":["Turbo","Hologram"],"picked":"Heatsinks","floor":48}],"player_experience":297730,"relics_obtained":[{"floor":7,"key":"Mercury Hourglass"},{"floor":9,"key":"The Courier"},{"floor":10,"key":"Blue Candle"},{"floor":14,"key":"Pantograph"},{"floor":23,"key":"Bottled Flame"},{"floor":25,"key":"Mummified Hand"},{"floor":26,"key":"Pen Nib"},{"floor":28,"key":"Blood Vial"},{"floor":41,"key":"Darkstone Periapt"},{"floor":47,"key":"Shuriken"}],"event_choices":[{"damage_healed":0,"gold_gain":0,"player_choice":"Entered Light","damage_taken":16,"max_hp_gain":0,"max_hp_loss":0,"event_name":"Shining Light","floor":2,"gold_loss":0,"cards_upgraded":["Strike_B","Dualcast"]},{"cards_removed":["Strike_B"],"damage_healed":0,"gold_gain":0,"player_choice":"Offered Basic","damage_taken":0,"max_hp_gain":0,"max_hp_loss":0,"event_name":"Bonfire Elementals","floor":3,"gold_loss":0},{"cards_removed":["Strike_B"],"damage_healed":0,"gold_gain":0,"player_choice":"Purged","damage_taken":0,"max_hp_gain":0,"max_hp_loss":0,"event_name":"Purifier","floor":8,"gold_loss":0},{"damage_healed":0,"gold_gain":30,"player_choice":"Searched \u00272\u0027 times","damage_taken":0,"max_hp_gain":0,"max_hp_loss":0,"event_name":"Dead Adventurer","floor":14,"gold_loss":0},{"damage_healed":0,"gold_gain":0,"player_choice":"Opened","damage_taken":0,"relics_obtained":["Anchor"],"max_hp_gain":0,"max_hp_loss":0,"event_name":"The Mausoleum","floor":22,"gold_loss":0,"cards_obtained":["Writhe"]},{"damage_healed":0,"gold_gain":0,"player_choice":"Read","damage_taken":0,"max_hp_gain":0,"max_hp_loss":0,"event_name":"The Library","floor":27,"gold_loss":0,"cards_obtained":["Sunder"]},{"damage_healed":0,"gold_gain":275,"player_choice":"Desecrate","damage_taken":0,"max_hp_gain":0,"max_hp_loss":0,"event_name":"Golden Shrine","floor":37,"gold_loss":0,"cards_obtained":["Regret"]},{"damage_healed":0,"gold_gain":0,"player_choice":"Memory 3","damage_taken":10,"max_hp_gain":0,"max_hp_loss":0,"event_name":"SensoryStone","floor":42,"gold_loss":0}],"is_beta":false,"boss_relics":[{"not_picked":["Fusion Hammer","Pandora\u0027s Box"],"picked":"Inserter"},{"not_picked":["FrozenCore","Nuclear Battery"],"picked":"Coffee Dripper"}],"items_purged_floors":[36,44],"is_endless":false,"potions_floor_spawned":[1,10,13,14,23,24,25,33,35,38,39,48],"ascension_level":6}