{"gold_per_floor":[11,11,11,11,11,11,24,24,24,58,58,74,74,93,93,169,169,186,204,219,219,76,76,102,102,102,102],"floor_reached":27,"playtime":1520,"items_purged":[],"score":435,"play_id":"633e551b-8a0b-43e0-aa3a-11270cd47abd","local_time":"20181009084955","is_ascension_mode":true,"campfire_choices":[{"data":"Zap","floor":6.0,"key":"SMITH"},{"floor":11.0,"key":"REST"},{"data":"Go for the Eyes","floor":13.0,"key":"SMITH"},{"data":"Coolheaded","floor":15.0,"key":"SMITH"},{"data":"Blizzard","floor":23.0,"key":"SMITH"},{"data":"Capacitor","floor":25.0,"key":"SMITH"}],"neow_cost":"NO_GOLD","seed_source_timestamp":2249237008463868,"circlet_count":0,"master_deck":["Defend_B","Defend_B","Defend_B","Defend_B","Zap+1","Dualcast","AscendersBane","Fission+1","Cold Snap+1","Turbo","Go for the Eyes+1","FTL","Gash","Coolheaded+1","Echo Form","Auto Shields","Blizzard+1","Leap+1","Steam","Hologram","Capacitor+1","Cold Snap"],"special_seed":0,"relics":["Cracked Core","Blood Vial","Ornamental Fan","Whetstone","Runic Dome","Bottled Lightning","DataDisk"],"potions_floor_usage":[],"damage_taken":[{"damage":12.0,"enemies":"Jaw Worm","floor":1.0,"turns":4.0},{"damage":0.0,"enemies":"Cultist","floor":7.0,"turns":3.0},{"damage":33.0,"enemies":"Lagavulin","floor":10.0,"turns":9.0},{"damage":0.0,"enemies":"Small Slimes","floor":12.0,"turns":2.0},{"damage":0.0,"enemies":"Blue Slaver","floor":14.0,"turns":3.0},{"damage":10.0,"enemies":"Hexaghost","floor":16.0,"turns":9.0},{"damage":0.0,"enemies":"Spheric Guardian","floor":18.0,"turns":4.0},{"damage":7.0,"enemies":"3 Byrds","floor":19.0,"turns":5.0},{"damage":10.0,"enemies":"Centurion and Healer","floor":20.0,"turns":7.0},{"damage":9.0,"enemies":"Gremlin Leader","floor":24.0,"turns":9.0},{"damage":50,"enemies":"Chosen and Byrds","floor":27,"turns":4}],"seed_played":"-2389102036650688575","potions_obtained":[{"floor":12.0,"key":"SteroidPotion"},{"floor":14.0,"key":"Swift Potion"},{"floor":19.0,"key":"Poison Potion"}],"is_trial":false,"path_per_floor":["M","?","?","$","?","R","M","$","T","E","R","M","R","M","R","B",null,"M","M","M","?","$","R","E","R","T"],"character_chosen":"DEFECT","items_purchased":["Capacitor","Cold Snap"],"campfire_rested":1,"item_purchase_floors":[22,22],"current_hp_per_floor":[52,52,47,47,47,47,49,49,49,18,39,41,41,43,43,35,62,64,59,51,51,51,51,44,44,44,0],"gold":102,"neow_bonus":"TRANSFORM_TWO_CARDS","is_prod":false,"is_daily":false,"chose_seed":false,"campfire_upgraded":5,"win_rate":0,"timestamp":1539067795,"path_taken":["M","?","?","$","?","R","?","$","T","E","R","M","R","M","R","BOSS","M","M","?","?","$","R","E","R","T","M"],"build_version":"2018-10-04v2","purchased_purges":0,"victory":false,"max_hp_per_floor":[71,71,71,71,71,71,71,71,71,71,71,71,71,71,71,71,71,71,71,71,71,71,71,71,71,71,71],"card_choices":[{"not_picked":["Streamline","Sweeping Beam"],"picked":"Cold Snap","floor":1.0},{"not_picked":["Chaos","Aggregate"],"picked":"Go for the Eyes","floor":7.0},{"not_picked":["Streamline","Go for the Eyes"],"picked":"FTL","floor":10.0},{"not_picked":["Steam","Cold Snap"],"picked":"Gash","floor":12.0},{"not_picked":["Streamline","Leap"],"picked":"Coolheaded","floor":14.0},{"not_picked":["Reboot","Multi-Cast"],"picked":"Echo Form","floor":16.0},{"not_picked":["Leap","Heatsinks"],"picked":"Auto Shields","floor":18.0},{"not_picked":["Aggregate","Force Field+1"],"picked":"Blizzard","floor":19.0},{"not_picked":["Rebound","Reboot"],"picked":"Leap+1","floor":20.0},{"not_picked":["Ball Lightning","Steam","Recycle"],"picked":"SKIP","floor":24.0}],"player_experience":1237211,"relics_obtained":[{"floor":9.0,"key":"Ornamental Fan"},{"floor":10.0,"key":"Whetstone"},{"floor":24.0,"key":"Bottled Lightning"},{"floor":26.0,"key":"DataDisk"}],"event_choices":[{"event_name":"Accursed Blacksmith","player_choice":"Forge","floor":2.0,"damage_taken":0.0},{"event_name":"Scrap Ooze","player_choice":"success","floor":3.0,"damage_taken":5.0},{"event_name":"Living Wall","player_choice":"Change","floor":5.0,"damage_taken":0.0},{"event_name":"Drug Dealer","player_choice":"Became Test Subject","floor":21.0,"damage_taken":0.0}],"is_beta":false,"boss_relics":[{"not_picked":["FrozenCore","Calling Bell"],"picked":"Runic Dome"}],"items_purged_floors":[],"is_endless":false,"potions_floor_spawned":[12,14,19],"killed_by":"Chosen and Byrds","ascension_level":18}