{"gold_per_floor":[113,129,143,156,156,156,181,181,208,165,165,184,194,209,209,286,286,297,297,307,317,331,331,346,346,421,421,456,214,214,242,242,317,317,335,335,350,350,360,360,391,391,444,469,479,479,512,524,524,524],"floor_reached":51,"playtime":4018,"items_purged":[],"score":1501,"play_id":"97c1987f-5f34-4534-8c13-bccfc643437d","local_time":"20180828212710","is_ascension_mode":true,"campfire_choices":[{"floor":6.0,"key":"REST"},{"data":"Zap","floor":8.0,"key":"SMITH"},{"data":"Go for the Eyes","floor":11.0,"key":"SMITH"},{"data":"Buffer","floor":15,"key":"SMITH"},{"data":"Defragment","floor":23,"key":"SMITH"},{"data":"Hologram","floor":25,"key":"SMITH"},{"floor":27,"key":"REST"},{"data":"Beam Cell","floor":32,"key":"SMITH"},{"data":"Blizzard","floor":40,"key":"SMITH"},{"data":"Steam","floor":42,"key":"SMITH"},{"data":"Conserve Battery","floor":46,"key":"SMITH"},{"data":"Capacitor","floor":49,"key":"SMITH"}],"neow_cost":"","seed_source_timestamp":905366988326066,"circlet_count":0,"master_deck":["Zap+1","Dualcast+1","AscendersBane","Gash","Genetic Algorithm","Reinforced Body+1","Go for the Eyes+1","Coolheaded","Beam Cell+1","Hologram+1","Buffer+1","Electrodynamics","Rebound","Coolheaded","Heatsinks","Compile Driver","Compile Driver","Hello World","Compile Driver","Double Energy+1","Defragment+1","Steam+1","Leap","Chill","Defragment+1","Capacitor+1","Ghostly","Ghostly","Ghostly","Ghostly","Ghostly","Seek","Blizzard+1","Writhe","Leap","BootSequence+1","Conserve Battery+1","Leap"],"special_seed":0,"relics":["Cracked Core","Orichalcum","Boot","Pandora\u0027s Box","Question Card","War Paint","DollysMirror","DataDisk","Velvet Choker","Turnip","Blood Vial","Dream Catcher","Oddly Smooth Stone","Matryoshka"],"potions_floor_usage":[14,16,16,28,31,33,47,50,50],"damage_taken":[{"damage":1.0,"enemies":"Cultist","floor":1.0,"turns":3.0},{"damage":12.0,"enemies":"Jaw Worm","floor":2.0,"turns":3.0},{"damage":4.0,"enemies":"2 Louse","floor":3.0,"turns":2.0},{"damage":5.0,"enemies":"Looter","floor":4.0,"turns":3.0},{"damage":15.0,"enemies":"Gremlin Nob","floor":7.0,"turns":4.0},{"damage":6.0,"enemies":"2 Fungi Beasts","floor":12.0,"turns":3.0},{"damage":12.0,"enemies":"Exordium Wildlife","floor":13.0,"turns":5.0},{"damage":0,"enemies":"Gremlin Gang","floor":14,"turns":4},{"damage":0,"enemies":"Slime Boss","floor":16,"turns":11},{"damage":7,"enemies":"3 Byrds","floor":18,"turns":4},{"damage":0,"enemies":"Shell Parasite","floor":20,"turns":5},{"damage":20,"enemies":"Snake Plant","floor":21,"turns":5},{"damage":0,"enemies":"Centurion and Healer","floor":22,"turns":7},{"damage":0,"enemies":"Sentry and Sphere","floor":24,"turns":7},{"damage":15,"enemies":"Slavers","floor":28,"turns":6},{"damage":0,"enemies":"Book of Stabbing","floor":31,"turns":7},{"damage":25,"enemies":"Collector","floor":33,"turns":10},{"damage":0,"enemies":"Flame Bruiser 1 Orb","floor":35,"turns":6},{"damage":0,"enemies":"Orb Walker","floor":37,"turns":5},{"damage":0,"enemies":"Mind Bloom Boss Battle","floor":38,"turns":9},{"damage":0,"enemies":"Maw","floor":39,"turns":10},{"damage":5,"enemies":"Nemesis","floor":41,"turns":9},{"damage":4,"enemies":"Giant Head","floor":44,"turns":15},{"damage":0,"enemies":"Flame Bruiser 2 Orb","floor":45,"turns":7},{"damage":0,"enemies":"2 Orb Walkers","floor":47,"turns":7},{"damage":0,"enemies":"3 Darklings","floor":48,"turns":8},{"damage":26,"enemies":"Awakened One","floor":50,"turns":21}],"seed_played":"-5635867639817952363","potions_obtained":[{"floor":2.0,"key":"SteroidPotion"},{"floor":4.0,"key":"Energy Potion"},{"floor":7.0,"key":"Strength Potion"},{"floor":12.0,"key":"Fire Potion"},{"floor":14,"key":"Fire Potion"},{"floor":21,"key":"Swift Potion"},{"floor":22,"key":"Swift Potion"},{"floor":28,"key":"Ancient Potion"},{"floor":35,"key":"PowerPotion"},{"floor":44,"key":"Block Potion"},{"floor":47,"key":"AttackPotion"}],"is_trial":false,"path_per_floor":["M","M","M","M","?","R","E","R","T","?","R","M","M","M","R","B",null,"M","?","M","M","M","R","M","R","T","R","E","$","?","E","R","B",null,"M","?","M","?","M","R","E","R","T","E","M","R","E","M","R","B"],"character_chosen":"DEFECT","items_purchased":["DollysMirror","Capacitor"],"campfire_rested":2,"item_purchase_floors":[29,29],"current_hp_per_floor":[63,51,47,42,21,42,27,27,27,27,27,21,9,9,9,9,56,49,42,42,22,22,22,22,22,22,43,28,28,28,28,28,3,27,27,34,34,34,34,34,29,29,29,27,29,29,31,33,33,9],"gold":524,"neow_bonus":"","is_prod":false,"is_daily":false,"chose_seed":false,"campfire_upgraded":10,"win_rate":0,"timestamp":1535484430,"path_taken":["M","?","M","M","?","R","E","R","T","?","R","M","M","M","R","BOSS","M","?","?","M","?","R","M","R","T","R","E","$","?","E","R","BOSS","M","?","M","?","M","R","E","R","T","E","M","R","E","?","R","BOSS"],"build_version":"2018-08-23v2","purchased_purges":0,"victory":true,"max_hp_per_floor":[71,71,71,71,71,71,71,71,71,71,71,71,71,71,71,71,71,71,71,71,71,71,71,71,71,71,71,71,71,35,35,35,35,35,35,35,35,35,35,35,35,35,35,35,35,35,35,35,35,35],"card_choices":[{"not_picked":["Leap","Turbo"],"picked":"Gash","floor":1.0},{"not_picked":["Cold Snap","Lockon"],"picked":"Genetic Algorithm","floor":2.0},{"not_picked":["Redo","Loop"],"picked":"Reinforced Body","floor":3.0},{"not_picked":["Seek","Steam"],"picked":"Go for the Eyes","floor":4.0},{"not_picked":["Barrage","Darkness"],"picked":"Coolheaded","floor":7.0},{"not_picked":["Leap","Compile Driver"],"picked":"Beam Cell","floor":12.0},{"not_picked":["Lockon","Cold Snap"],"picked":"Hologram","floor":13.0},{"not_picked":["Double Energy","Chill"],"picked":"Buffer","floor":14},{"not_picked":["Multi-Cast","Hyperbeam"],"picked":"Electrodynamics","floor":16},{"not_picked":["Steam","Sunder+1"],"picked":"Defragment","floor":18},{"not_picked":["Doom and Gloom","Compile Driver"],"picked":"Steam","floor":20},{"not_picked":["Hologram","Stack"],"picked":"Leap","floor":21},{"not_picked":["Go for the Eyes","Doom and Gloom"],"picked":"Chill","floor":22},{"not_picked":["Thunder Strike","Meteor Strike","Machine Learning"],"picked":"Seek","floor":33},{"not_picked":["Recycle","Double Energy","Ball Lightning"],"picked":"Blizzard","floor":35},{"not_picked":["Reinforced Body","Steam","Cold Snap+1"],"picked":"Leap","floor":37},{"not_picked":["Auto Shields","Skim","Coolheaded"],"picked":"BootSequence+1","floor":38},{"not_picked":["Blizzard","Reprogram+1","Go for the Eyes"],"picked":"Conserve Battery","floor":44},{"not_picked":["Thunder Strike","Cold Snap","Blizzard"],"picked":"Leap","floor":47}],"player_experience":1006644,"relics_obtained":[{"floor":7.0,"key":"Orichalcum"},{"floor":9.0,"key":"Boot"},{"floor":26,"key":"Question Card"},{"floor":28,"key":"War Paint"},{"floor":31,"key":"DataDisk"},{"floor":38,"key":"Turnip"},{"floor":41,"key":"Blood Vial"},{"floor":43,"key":"Dream Catcher"},{"floor":44,"key":"Oddly Smooth Stone"},{"floor":47,"key":"Matryoshka"}],"event_choices":[{"event_name":"Shining Light","player_choice":"Entered Light","floor":5.0,"damage_taken":0.0},{"event_name":"World of Goop","player_choice":"Left","floor":10.0,"damage_taken":0.0},{"event_name":"Knowing Skull","player_choice":"","floor":19,"damage_taken":0},{"event_name":"Ghosts","player_choice":"Became a Ghost","floor":30,"damage_taken":0},{"event_name":"Winding Halls","player_choice":"Writhe","floor":36,"damage_taken":0},{"event_name":"MindBloom","player_choice":"Fight","floor":38,"damage_taken":0}],"is_beta":false,"boss_relics":[{"not_picked":["Snecko Eye","Calling Bell"],"picked":"Pandora\u0027s Box"},{"not_picked":["White Beast Statue","Inserter"],"picked":"Velvet Choker"}],"items_purged_floors":[],"is_endless":false,"potions_floor_spawned":[2,4,7,12,13,14,21,22,28,35,44,47],"ascension_level":15}