{"gold_per_floor":[119,130,78,3,17,17,35,45,71,100,100,100,115,135,135,231,231,242,242,242,257,1,1,1,1,1,11,11,11,25,60,60,60],"floor_reached":33,"playtime":742,"items_purged":["Writhe","Carnage"],"score":267,"play_id":"ccd85ae1-ef04-4901-9532-b43b65a9941b","local_time":"20190125061658","is_ascension_mode":false,"campfire_choices":[{"data":"Armaments","floor":6,"key":"SMITH"},{"data":"True Grit","floor":12,"key":"SMITH"},{"data":"Disarm","floor":15,"key":"SMITH"},{"data":"Limit Break","floor":23,"key":"SMITH"},{"data":"Demon Form","floor":25,"key":"SMITH"},{"floor":29,"key":"REST"},{"floor":32,"key":"REST"}],"neow_cost":"CURSE","seed_source_timestamp":532798389381,"circlet_count":0,"master_deck":["Strike_R","Strike_R","Strike_R","Defend_R","Defend_R","Defend_R","Defend_R","Bash","Carnage","Offering","Headbutt","Armaments+1","True Grit","True Grit+1","Iron Wave","Disarm+1","Limit Break+1","Whirlwind+1","Metallicize","Armaments+1","Demon Form+1","Shrug It Off+1","Rage"],"relics":["Burning Blood","Dream Catcher","Vajra","Dodecahedron","Sozu","Anchor","Kunai","Bag of Marbles"],"potions_floor_usage":[13,14,16],"damage_taken":[{"damage":6,"enemies":"Cultist","floor":1,"turns":2},{"damage":1,"enemies":"Jaw Worm","floor":2,"turns":3},{"damage":6,"enemies":"2 Louse","floor":5,"turns":3},{"damage":7,"enemies":"Large Slime","floor":7,"turns":5},{"damage":6,"enemies":"Exordium Wildlife","floor":8,"turns":3},{"damage":22,"enemies":"3 Sentries","floor":10,"turns":8},{"damage":1,"enemies":"Looter","floor":13,"turns":3},{"damage":12,"enemies":"Large Slime","floor":14,"turns":4},{"damage":28,"enemies":"Slime Boss","floor":16,"turns":7},{"damage":22,"enemies":"2 Thieves","floor":18,"turns":4},{"damage":20,"enemies":"Spheric Guardian","floor":21,"turns":5},{"damage":25,"enemies":"Snake Plant","floor":27,"turns":4},{"damage":20,"enemies":"Sentry and Sphere","floor":30,"turns":3},{"damage":18,"enemies":"Book of Stabbing","floor":31,"turns":7},{"damage":55,"enemies":"Automaton","floor":33,"turns":6}],"seed_played":"-1265190960050158619","potions_obtained":[{"floor":5,"key":"Explosive Potion"},{"floor":7,"key":"Regen Potion"},{"floor":13,"key":"PowerPotion"}],"is_trial":false,"path_per_floor":["M","M","$","$","M","R","M","M","T","E","T","R","M","M","R","B",null,"M","?","?","M","$","R","?","R","T","M","$","R","M","E","R","B"],"character_chosen":"IRONCLAD","items_purchased":["True Grit","Demon Form"],"campfire_rested":2,"item_purchase_floors":[3,22],"current_hp_per_floor":[80,80,80,80,80,80,79,79,79,63,63,63,77,71,71,49,80,64,64,64,50,50,50,50,50,50,31,31,55,41,29,53,0],"gold":60,"neow_bonus":"TRANSFORM_TWO_CARDS","is_prod":false,"is_daily":false,"chose_seed":false,"campfire_upgraded":5,"win_rate":0.0,"timestamp":1548393418,"path_taken":["M","M","?","$","M","R","M","M","T","E","?","R","M","M","R","BOSS","M","?","?","M","?","R","?","R","T","M","$","R","M","E","R","BOSS"],"build_version":"2019-01-23","purchased_purges":2,"victory":false,"max_hp_per_floor":[80,80,80,80,80,80,80,80,80,80,80,80,80,80,80,80,80,80,80,80,80,80,80,80,80,80,80,80,80,80,80,80,80],"card_choices":[{"not_picked":["Heavy Blade","Burning Pact"],"picked":"Headbutt","floor":1},{"not_picked":["Shrug It Off","Sword Boomerang"],"picked":"Armaments","floor":2},{"not_picked":["Pommel Strike","Headbutt","Sever Soul"],"picked":"SKIP","floor":5},{"not_picked":["Feel No Pain","Rage"],"picked":"True Grit","floor":7},{"not_picked":["Armaments","Impervious"],"picked":"Carnage","floor":8},{"not_picked":["Carnage","Blood for Blood"],"picked":"Iron Wave","floor":10},{"not_picked":["Clothesline","Twin Strike","Flex"],"picked":"SKIP","floor":13},{"not_picked":["Cleave","Bloodletting"],"picked":"Disarm","floor":14},{"not_picked":["Barricade","Impervious"],"picked":"Limit Break","floor":16},{"not_picked":["Body Slam","Flex"],"picked":"Whirlwind+1","floor":18},{"not_picked":["Pummel","Perfected Strike"],"picked":"Armaments+1","floor":21},{"not_picked":["Perfected Strike","Sword Boomerang","Corruption"],"picked":"SKIP","floor":27},{"not_picked":["Dual Wield+1","Feel No Pain"],"picked":"Shrug It Off+1","floor":29},{"not_picked":["Iron Wave","Clothesline"],"picked":"Rage","floor":30},{"not_picked":["Body Slam+1","Perfected Strike+1","Seeing Red"],"picked":"SKIP","floor":31}],"player_experience":7091,"relics_obtained":[{"floor":9,"key":"Dream Catcher"},{"floor":10,"key":"Vajra"},{"floor":11,"key":"Dodecahedron"},{"floor":26,"key":"Kunai"},{"floor":31,"key":"Bag of Marbles"}],"event_choices":[{"damage_healed":0,"gold_gain":0,"player_choice":"Opened","damage_taken":0,"relics_obtained":["Anchor"],"max_hp_gain":0,"max_hp_loss":0,"event_name":"The Mausoleum","floor":19,"gold_loss":0},{"damage_healed":0,"gold_gain":0,"player_choice":"Read","damage_taken":0,"max_hp_gain":0,"max_hp_loss":0,"event_name":"The Library","floor":20,"gold_loss":0,"cards_obtained":["Metallicize"]}],"is_beta":false,"boss_relics":[{"not_picked":["Tiny House","Calling Bell"],"picked":"Sozu"}],"items_purged_floors":[4,22],"is_endless":false,"potions_floor_spawned":[5,7,13,18],"killed_by":"Automaton","ascension_level":0}