{"gold_per_floor":[114,20,35,35,50,80,95,110,160,160,160,160,175,202,214,326,338,365,396,423,435,163,163,178,193,193,208,223,171,96,146,146,246,246,291,306,216,231,546,546,561,561,586,586,601,601,601,616,616,616],"floor_reached":50,"playtime":2632,"items_purged":[],"score":600,"play_id":"a2bcd383-32b3-4402-908a-2c1a69125342","local_time":"20190531222810","daily_mods":["Shiny","Vintage","Terminal"],"is_ascension_mode":false,"campfire_choices":[{"floor":11,"key":"REST"},{"data":"Storm of Steel","floor":15,"key":"SMITH"},{"data":"Accuracy","floor":23,"key":"SMITH"},{"floor":32,"key":"REST"},{"floor":40,"key":"REST"},{"data":"Adrenaline","floor":42,"key":"SMITH"},{"data":"Wraith Form v2","floor":49,"key":"SMITH"}],"neow_cost":"","seed_source_timestamp":0,"circlet_count":0,"master_deck":["Venomology","Corpse Explosion","Malaise","Phantasmal Killer","Die Die Die","Adrenaline+1","Envenom","Doppelganger","Burst","Wraith Form v2+1","Tools of the Trade","Night Terror","Unload","Bullet Time+1","Storm of Steel+1","Glass Knife","A Thousand Cuts","Skewer","Deadly Poison","Unload","PiercingWail","Madness","Accuracy+1","Poisoned Stab","Adrenaline+1","Flying Knee","Bouncing Flask+1","Adrenaline","Dagger Spray+1"],"special_seed":18047,"relics":["Ring of the Snake","Vajra","Dream Catcher","Art of War","Regal Pillow","Turnip","Mercury Hourglass","Orichalcum","Bag of Marbles","MawBank","Anchor","Black Star","Smiling Mask","Red Mask","Omamori","Bag of Preparation","StoneCalendar","Bottled Lightning","Boot","Ninja Scroll","Ancient Tea Set","WristBlade","Tiny Chest","Matryoshka","Torii","Old Coin","Lantern","Snake Skull","Centennial Puzzle","Ice Cream","Pear","Bronze Scales","Darkstone Periapt"],"potions_floor_usage":[16,33,38,50,50,50],"damage_taken":[{"damage":0,"enemies":"2 Louse","floor":1,"turns":1},{"damage":0,"enemies":"Cultist","floor":3,"turns":2},{"damage":3,"enemies":"Small Slimes","floor":5,"turns":2},{"damage":18,"enemies":"3 Sentries","floor":6,"turns":4},{"damage":0,"enemies":"2 Fungi Beasts","floor":7,"turns":2},{"damage":0,"enemies":"Looter","floor":8,"turns":3},{"damage":5,"enemies":"Large Slime","floor":13,"turns":4},{"damage":0,"enemies":"Gremlin Gang","floor":14,"turns":1},{"damage":29,"enemies":"The Guardian","floor":16,"turns":8},{"damage":0,"enemies":"Spheric Guardian","floor":18,"turns":4},{"damage":0,"enemies":"Masked Bandits","floor":19,"turns":2},{"damage":0,"enemies":"2 Thieves","floor":20,"turns":2},{"damage":0,"enemies":"3 Cultists","floor":24,"turns":3},{"damage":0,"enemies":"Snake Plant","floor":25,"turns":2},{"damage":4,"enemies":"Snecko","floor":27,"turns":3},{"damage":0,"enemies":"Shelled Parasite and Fungi","floor":28,"turns":3},{"damage":0,"enemies":"Collector","floor":33,"turns":6},{"damage":1,"enemies":"3 Shapes","floor":35,"turns":2},{"damage":0,"enemies":"Orb Walker","floor":36,"turns":2},{"damage":16,"enemies":"Transient","floor":38,"turns":5},{"damage":0,"enemies":"Sphere and 2 Shapes","floor":39,"turns":3},{"damage":0,"enemies":"4 Shapes","floor":41,"turns":1},{"damage":23,"enemies":"Transient","floor":45,"turns":5},{"damage":0,"enemies":"Jaw Worm Horde","floor":48,"turns":2},{"damage":45,"enemies":"Awakened One","floor":50,"turns":7}],"seed_played":"-908800921328887028","potions_obtained":[{"floor":3,"key":"AttackPotion"},{"floor":5,"key":"Block Potion"},{"floor":16,"key":"Poison Potion"},{"floor":19,"key":"FearPotion"},{"floor":48,"key":"Weak Potion"}],"is_trial":false,"path_per_floor":["M","?","M","$","M","E","M","M","T","?","R","?","M","M","R","B",null,"M","?","M","?","$","R","M","M","T","M","M","$","?","T","R","B",null,"M","M","?","M","M","R","M","R","T","?","M","?","T","M","R","B"],"character_chosen":"THE_SILENT","items_purchased":["Accuracy","Poisoned Stab","Adrenaline","Flying Knee"],"campfire_rested":3,"item_purchase_floors":[22,22,22,29],"current_hp_per_floor":[68,67,66,65,62,44,44,44,44,44,58,62,57,57,57,28,57,56,55,54,42,42,42,42,42,42,38,38,38,38,38,42,41,40,39,38,37,21,21,34,33,32,31,30,7,14,24,24,24,0],"gold":616,"neow_bonus":"","is_prod":false,"is_daily":true,"chose_seed":false,"campfire_upgraded":4,"win_rate":0.0,"timestamp":1559334490,"path_taken":["M","?","?","?","M","E","M","M","T","?","R","?","M","M","R","BOSS","M","?","M","?","$","R","M","M","T","?","M","$","?","?","R","BOSS","M","M","?","M","?","R","M","R","T","?","M","?","?","M","R","BOSS"],"build_version":"2019-01-23","purchased_purges":0,"victory":false,"max_hp_per_floor":[68,67,66,65,64,63,62,61,60,59,58,62,61,60,59,58,57,56,55,54,53,52,51,50,49,48,47,46,45,44,43,42,41,40,39,38,37,36,35,34,33,32,31,30,29,28,37,36,35,35],"card_choices":[{"not_picked":["Caltrops","Expertise"],"picked":"Skewer","floor":6},{"not_picked":["Dagger Throw","Blur"],"picked":"Deadly Poison","floor":11},{"not_picked":["Corpse Explosion","Doppelganger"],"picked":"Unload","floor":16},{"not_picked":["Deadly Poison","Calculated Gamble"],"picked":"PiercingWail","floor":19},{"not_picked":["Quick Slash","Deflect"],"picked":"Bouncing Flask+1","floor":32},{"not_picked":["Grand Finale","Venomology"],"picked":"Adrenaline","floor":33},{"not_picked":["Deflect","Dash+1"],"picked":"Dagger Spray+1","floor":40}],"player_experience":32031,"relics_obtained":[{"floor":1,"key":"Vajra"},{"floor":3,"key":"Art of War"},{"floor":5,"key":"Regal Pillow"},{"floor":6,"key":"Turnip"},{"floor":7,"key":"Mercury Hourglass"},{"floor":8,"key":"Orichalcum"},{"floor":9,"key":"Bag of Marbles"},{"floor":13,"key":"MawBank"},{"floor":14,"key":"Anchor"},{"floor":18,"key":"Smiling Mask"},{"floor":19,"key":"Red Mask"},{"floor":20,"key":"Omamori"},{"floor":24,"key":"Bag of Preparation"},{"floor":25,"key":"StoneCalendar"},{"floor":26,"key":"Bottled Lightning"},{"floor":27,"key":"Boot"},{"floor":28,"key":"Ninja Scroll"},{"floor":31,"key":"Ancient Tea Set"},{"floor":35,"key":"Tiny Chest"},{"floor":36,"key":"Matryoshka"},{"floor":38,"key":"Torii"},{"floor":39,"key":"Old Coin"},{"floor":41,"key":"Lantern"},{"floor":43,"key":"Snake Skull"},{"floor":43,"key":"Centennial Puzzle"},{"floor":45,"key":"Ice Cream"},{"floor":47,"key":"Pear"},{"floor":47,"key":"Bronze Scales"},{"floor":48,"key":"Darkstone Periapt"}],"event_choices":[{"damage_healed":0,"gold_gain":0,"player_choice":"Paid Gold","damage_taken":0,"relics_obtained":["Dream Catcher"],"max_hp_gain":0,"max_hp_loss":0,"event_name":"WeMeetAgain","floor":2,"gold_loss":94},{"damage_healed":0,"gold_gain":0,"player_choice":"Grow","damage_taken":0,"max_hp_gain":0,"max_hp_loss":0,"event_name":"Living Wall","floor":10,"gold_loss":0,"cards_upgraded":["Bullet Time"]},{"damage_healed":0,"gold_gain":0,"player_choice":"Donut","damage_taken":0,"max_hp_gain":5,"max_hp_loss":0,"event_name":"Big Fish","floor":12,"gold_loss":0},{"damage_healed":0,"gold_gain":0,"player_choice":"Fought Bandits","damage_taken":0,"max_hp_gain":0,"max_hp_loss":0,"event_name":"Masked Bandits","floor":19,"gold_loss":0},{"damage_healed":0,"gold_gain":0,"player_choice":"CARD ","damage_taken":12,"max_hp_gain":0,"max_hp_loss":0,"event_name":"Knowing Skull","floor":21,"potions_obtained":[],"gold_loss":0,"cards_obtained":["Madness"]},{"cards_removed":["After Image"],"damage_healed":0,"gold_gain":0,"player_choice":"Gave Gold","damage_taken":0,"max_hp_gain":0,"max_hp_loss":0,"event_name":"Beggar","floor":30,"gold_loss":75},{"cards_removed":["Grand Finale"],"damage_healed":0,"gold_gain":0,"player_choice":"Upgrade and Remove","damage_taken":0,"max_hp_gain":0,"max_hp_loss":0,"event_name":"Designer","floor":37,"gold_loss":90,"cards_upgraded":["Adrenaline"]},{"damage_healed":0,"gold_gain":0,"player_choice":"Heal","damage_taken":0,"max_hp_gain":0,"max_hp_loss":0,"event_name":"MindBloom","floor":44,"gold_loss":0,"cards_obtained":["Doubt"]},{"damage_healed":7,"gold_gain":0,"player_choice":"Writhe","damage_taken":0,"max_hp_gain":0,"max_hp_loss":0,"event_name":"Winding Halls","floor":46,"gold_loss":0,"cards_obtained":["Writhe"]}],"is_beta":false,"boss_relics":[{"not_picked":["Busted Crown","Philosopher\u0027s Stone"],"picked":"Black Star"},{"not_picked":["Astrolabe","Calling Bell"],"picked":"WristBlade"}],"items_purged_floors":[],"is_endless":false,"potions_floor_spawned":[3,5,8,16,19,24,25,35,48],"killed_by":"Awakened One","ascension_level":0}