{"gold_per_floor":[117,117,117,21,21,47,64,239,265,265,291,291,306,61,61,162,162,182,198,218,90,90,116,116,132,132,132,27,56,22,34,34,130,130,147,147,147,166,44,63,0,0,0,0,0,13,13,33,33,33],"floor_reached":51,"playtime":4756,"items_purged":["Doubt"],"score":739,"play_id":"0f63165e-c9fc-4fa7-968c-a0af95678acc","local_time":"20181011002115","is_ascension_mode":true,"campfire_choices":[{"data":"FTL","floor":10,"key":"SMITH"},{"data":"Zap","floor":12,"key":"SMITH"},{"floor":15,"key":"REST"},{"floor":24,"key":"REST"},{"data":"Defragment","floor":32,"key":"SMITH"},{"data":"Machine Learning","floor":44,"key":"SMITH"},{"data":"Hologram","floor":47,"key":"SMITH"},{"data":"Sunder","floor":49,"key":"SMITH"}],"neow_cost":"NONE","seed_source_timestamp":68170755624006,"circlet_count":0,"master_deck":["Strike_B+1","Strike_B+1","Strike_B+1","Strike_B+1","Defend_B+1","Defend_B+1","Defend_B+1","Zap+1","Dualcast+1","Steam Power","Conserve Battery","Cold Snap","Conserve Battery","Ball Lightning","FTL+1","Reinforced Body","Trip","Reboot","Echo Form","Lockon+1","Auto Shields+1","Stack","Defragment+1","Cold Snap","Sunder+1","Go for the Eyes","Self Repair","Ball Lightning","Redo","Defragment+1","Machine Learning+1","Rebound","Discovery+1","Blind","Purity","Barrage+1","Self Repair","Hologram+1","Barrage","Steam"],"relics":["Cracked Core","Strawberry","Bag of Preparation","Orichalcum","Busted Crown","PreservedInsect","Bag of Marbles","Lantern","Coffee Dripper","Red Mask","Mummified Hand"],"potions_floor_usage":[23,33,50,50,50,50,50],"damage_taken":[{"damage":6,"enemies":"Jaw Worm","floor":1,"turns":2},{"damage":30,"enemies":"Lagavulin","floor":6,"turns":7},{"damage":3,"enemies":"Small Slimes","floor":7,"turns":3},{"damage":0,"enemies":"Cultist","floor":13,"turns":2},{"damage":31,"enemies":"The Guardian","floor":16,"turns":11},{"damage":7,"enemies":"Shell Parasite","floor":18,"turns":5},{"damage":4,"enemies":"Chosen","floor":19,"turns":3},{"damage":9,"enemies":"Centurion and Healer","floor":20,"turns":5},{"damage":16,"enemies":"Gremlin Leader","floor":23,"turns":8},{"damage":5,"enemies":"Sentry and Sphere","floor":25,"turns":5},{"damage":0,"enemies":"Slavers","floor":29,"turns":3},{"damage":0,"enemies":"Cultist and Chosen","floor":31,"turns":4},{"damage":33,"enemies":"Automaton","floor":33,"turns":9},{"damage":0,"enemies":"Orb Walker","floor":35,"turns":3},{"damage":27,"enemies":"3 Darklings","floor":38,"turns":5},{"damage":0,"enemies":"Reptomancer","floor":40,"turns":7},{"damage":18,"enemies":"Spire Growth","floor":46,"turns":4},{"damage":0,"enemies":"Transient","floor":48,"turns":5},{"damage":18,"enemies":"Awakened One","floor":50,"turns":11}],"seed_played":"-5840695464839732253","potions_obtained":[{"floor":1,"key":"EssenceOfSteel"},{"floor":16,"key":"Dexterity Potion"},{"floor":20,"key":"Fire Potion"},{"floor":25,"key":"FearPotion"},{"floor":31,"key":"AttackPotion"},{"floor":33,"key":"EntropicBrew"}],"is_trial":false,"path_per_floor":["M","?","?","$","$","E","M","?","T","R","T","R","M","$","R","B",null,"M","M","M","$","?","E","R","M","T","?","$","E","$","M","R","B",null,"M","?","?","M","$","M","?","?","T","R","$","M","R","M","R","B"],"character_chosen":"DEFECT","items_purchased":["Cold Snap","Conserve Battery","Trip","Reboot","Defragment","Cold Snap","Self Repair","Ball Lightning","Rip and Tear","Self Repair","Hologram"],"campfire_rested":2,"item_purchase_floors":[4,4,14,14,21,21,28,28,30,39,39],"current_hp_per_floor":[69,69,69,69,69,46,43,43,43,43,43,43,43,43,67,36,82,75,71,62,62,62,46,70,65,65,65,65,72,72,72,72,53,82,82,82,72,52,52,73,73,73,73,73,73,62,62,76,76,58],"gold":33,"neow_bonus":"TRANSFORM_CARD","is_prod":false,"is_daily":false,"chose_seed":false,"campfire_upgraded":6,"win_rate":0,"timestamp":1539231675,"path_taken":["M","?","?","?","$","E","M","?","T","R","?","R","M","$","R","BOSS","M","M","?","$","?","E","R","M","T","?","?","E","$","?","R","BOSS","M","?","?","M","$","M","?","?","T","R","?","M","R","M","R","BOSS"],"build_version":"2018-09-06","purchased_purges":1,"victory":true,"max_hp_per_floor":[75,75,75,75,75,82,82,82,82,82,82,82,82,82,82,82,82,82,82,82,82,82,82,82,82,82,82,82,82,82,82,82,82,82,82,82,82,82,82,82,82,82,82,82,82,82,82,82,82,82],"card_choices":[{"not_picked":["Reprogram","Scrape"],"picked":"Conserve Battery","floor":1},{"not_picked":["Barrage","Conserve Battery"],"picked":"Ball Lightning","floor":6},{"not_picked":["Tempest","Cold Snap"],"picked":"FTL","floor":7},{"not_picked":["Conserve Battery","Rebound"],"picked":"Reinforced Body","floor":13},{"not_picked":["Meteor Strike","Multi-Cast"],"picked":"Echo Form","floor":16},{"not_picked":[],"picked":"Lockon+1","floor":18},{"not_picked":[],"picked":"Auto Shields+1","floor":19},{"not_picked":[],"picked":"Stack","floor":20},{"not_picked":["Scrape"],"picked":"SKIP","floor":23},{"not_picked":[],"picked":"Go for the Eyes","floor":25},{"not_picked":[],"picked":"Redo","floor":29},{"not_picked":[],"picked":"Defragment+1","floor":31},{"not_picked":[],"picked":"Machine Learning","floor":33},{"not_picked":["Steam"],"picked":"SKIP","floor":35},{"not_picked":[],"picked":"Discovery","floor":37},{"not_picked":[],"picked":"Blind","floor":37},{"not_picked":[],"picked":"Purity","floor":37},{"not_picked":[],"picked":"Barrage+1","floor":38},{"not_picked":[],"picked":"Barrage","floor":40},{"not_picked":["Scrape+1"],"picked":"SKIP","floor":46},{"not_picked":[],"picked":"Steam","floor":48}],"player_experience":95659,"relics_obtained":[{"floor":6,"key":"Strawberry"},{"floor":9,"key":"Bag of Preparation"},{"floor":11,"key":"Orichalcum"},{"floor":23,"key":"PreservedInsect"},{"floor":26,"key":"Bag of Marbles"},{"floor":29,"key":"Lantern"},{"floor":43,"key":"Mummified Hand"}],"event_choices":[{"event_name":"The Cleric","player_choice":"Leave","floor":2,"damage_taken":0},{"event_name":"Accursed Blacksmith","player_choice":"Forge","floor":3,"damage_taken":0},{"event_name":"Liars Game","player_choice":"agreed","floor":8,"damage_taken":0},{"event_name":"The Library","player_choice":"Read","floor":22,"damage_taken":0},{"event_name":"Back to Basics","player_choice":"Simplicity","floor":27,"damage_taken":0},{"event_name":"Transmorgrifier","player_choice":"Transform","floor":36,"damage_taken":0},{"event_name":"SensoryStone","player_choice":"Memory 3","floor":37,"damage_taken":0},{"event_name":"Tomb of Lord Red Mask","player_choice":"Paid","floor":41,"damage_taken":0},{"event_name":"Upgrade Shrine","player_choice":"Upgraded","floor":42,"damage_taken":0}],"is_beta":false,"boss_relics":[{"not_picked":["White Beast Statue","Runic Dome"],"picked":"Busted Crown"},{"not_picked":["Snecko Eye","FrozenCore"],"picked":"Coffee Dripper"}],"items_purged_floors":[14],"is_endless":false,"potions_floor_spawned":[1,16,20,25,31,33,35,46],"ascension_level":1}