{"gold_per_floor":[110,110,110,126,139,139,168,168,217,217,232,178,197,210,210,282,282,298,311,80,113,132,166,166,184,207,217,229,229,229,242,242,320,320,333,333,347,360,412,412,430,442,467,467,20,49,49,59,59,59],"floor_reached":51,"playtime":10201,"items_purged":["Strike_R","Strike_R"],"score":1230,"play_id":"c48c3e16-4135-4013-8d1a-6c0cacc6d13c","local_time":"20180814204903","is_ascension_mode":true,"campfire_choices":[{"data":"Searing Blow","floor":6,"key":"SMITH"},{"data":"Searing Blow+1","floor":8,"key":"SMITH"},{"data":"Searing Blow+2","floor":10,"key":"SMITH"},{"data":"Armaments","floor":15,"key":"SMITH"},{"data":"Searing Blow+3","floor":24,"key":"SMITH"},{"data":"Searing Blow+4","floor":30,"key":"SMITH"},{"data":"Barricade","floor":32,"key":"SMITH"},{"data":"Searing Blow+5","floor":40,"key":"SMITH"},{"data":"Searing Blow+6","floor":44,"key":"SMITH"},{"data":"Searing Blow+7","floor":49,"key":"SMITH"}],"neow_cost":"NONE","seed_source_timestamp":2887285792354219,"circlet_count":0,"master_deck":["Strike_R","Defend_R","Defend_R","Defend_R","Defend_R","Bash","AscendersBane","Whirlwind","Searing Blow+8","Intimidate","Shockwave","Armaments+1","Double Tap","Shrug It Off","Shrug It Off","Battle Trance","Barricade+1","Impervious","Clothesline","Flame Barrier","Shrug It Off","Entrench+1"],"relics":["Burning Blood","Potion Belt","Centennial Puzzle","Boot","Sozu","Pen Nib","Red Mask","Anchor","Bronze Scales","Snecko Eye","Turnip","Peace Pipe","Oddly Smooth Stone","Juzu Bracelet","Omamori","Regal Pillow"],"potions_floor_usage":[16,16,21,23],"damage_taken":[{"damage":5,"enemies":"2 Louse","floor":1,"turns":4},{"damage":5,"enemies":"Cultist","floor":4,"turns":5},{"damage":0,"enemies":"Small Slimes","floor":5,"turns":4},{"damage":62,"enemies":"Lagavulin","floor":7,"turns":8},{"damage":4,"enemies":"Looter","floor":11,"turns":3},{"damage":13,"enemies":"Blue Slaver","floor":13,"turns":2},{"damage":0,"enemies":"Large Slime","floor":14,"turns":5},{"damage":13,"enemies":"Hexaghost","floor":16,"turns":8},{"damage":7,"enemies":"2 Thieves","floor":18,"turns":4},{"damage":3,"enemies":"Chosen","floor":19,"turns":4},{"damage":7,"floor":21,"turns":3},{"damage":18,"enemies":"Snake Plant","floor":22,"turns":3},{"damage":27,"enemies":"Gremlin Leader","floor":23,"turns":6},{"damage":7,"enemies":"Snecko","floor":25,"turns":4},{"damage":7,"enemies":"Centurion and Healer","floor":27,"turns":5},{"damage":0,"enemies":"Cultist and Chosen","floor":28,"turns":4},{"damage":8,"enemies":"3 Cultists","floor":31,"turns":3},{"damage":25,"enemies":"Collector","floor":33,"turns":19},{"damage":0,"enemies":"3 Darklings","floor":35,"turns":3},{"damage":3,"floor":36,"turns":5},{"damage":13,"enemies":"Flame Bruiser 1 Orb","floor":37,"turns":3},{"damage":0,"enemies":"3 Darklings","floor":38,"turns":6},{"damage":0,"floor":39,"turns":4},{"damage":20,"enemies":"Snecko and Mystics","floor":41,"turns":6},{"damage":0,"enemies":"Jaw Worm Horde","floor":42,"turns":4},{"damage":0,"enemies":"2 Orb Walkers","floor":46,"turns":4},{"damage":14,"enemies":"Flame Bruiser 2 Orb","floor":48,"turns":5},{"damage":33,"enemies":"Donu and Deca","floor":50,"turns":11}],"seed_played":"-865061696682345476","potions_obtained":[{"floor":1,"key":"LiquidBronze"},{"floor":7,"key":"PowerPotion"},{"floor":11,"key":"Energy Potion"},{"floor":13,"key":"Fire Potion"}],"is_trial":false,"path_per_floor":["M","?","?","M","M","R","E","R","T","R","M","?","M","M","R","B",null,"M","M","$","?","M","E","R","M","T","M","M","?","R","M","R","B",null,"M","?","M","M","?","R","M","M","T","R","$","E","?","M","R","B"],"character_chosen":"IRONCLAD","items_purchased":["Pen Nib","Shrug It Off","Juzu Bracelet","Omamori"],"campfire_rested":0,"item_purchase_floors":[20,45,45,45],"current_hp_per_floor":[69,69,62,63,69,69,13,13,13,13,15,15,8,14,14,7,58,57,60,60,59,47,26,26,25,25,24,30,30,30,28,28,9,59,65,68,61,67,73,73,59,65,65,65,65,71,75,67,67,40],"gold":59,"neow_bonus":"RANDOM_COMMON_RELIC","is_prod":false,"is_daily":false,"chose_seed":false,"campfire_upgraded":10,"win_rate":0,"timestamp":1534272543,"path_taken":["M","?","?","M","M","R","E","R","T","R","M","?","M","M","R","BOSS","M","M","?","?","M","E","R","M","T","M","M","?","R","?","R","BOSS","M","?","M","?","?","R","M","M","T","R","$","E","?","M","R","BOSS"],"build_version":"2018-08-13v2","purchased_purges":2,"victory":true,"max_hp_per_floor":[75,75,75,75,75,75,75,75,75,75,75,75,75,75,75,75,75,75,75,75,75,75,75,75,75,75,75,75,75,75,75,75,75,75,75,75,75,75,75,75,75,75,75,75,75,75,75,75,75,75],"card_choices":[{"not_picked":["Second Wind","Clothesline"],"picked":"Whirlwind","floor":1},{"not_picked":["Burning Pact","Headbutt"],"picked":"Searing Blow","floor":4},{"not_picked":["Iron Wave","Body Slam"],"picked":"Intimidate","floor":5},{"not_picked":["Pommel Strike","Clash"],"picked":"Shockwave","floor":11},{"not_picked":["Infernal Blade","Juggernaut"],"picked":"Armaments","floor":14},{"not_picked":["Limit Break","Fiend Fire"],"picked":"Double Tap","floor":16},{"not_picked":["Thunderclap","Second Wind"],"picked":"Shrug It Off","floor":18},{"not_picked":["Feel No Pain","Cleave"],"picked":"Shrug It Off","floor":21},{"not_picked":["Whirlwind","Heavy Blade"],"picked":"Battle Trance","floor":27},{"not_picked":["Ghostly Armor+1","Armaments"],"picked":"Barricade","floor":31},{"not_picked":["Exhume","Demon Form"],"picked":"Impervious","floor":33},{"not_picked":["Inflame","Pommel Strike+1"],"picked":"Clothesline","floor":35},{"not_picked":["Power Through","Feel No Pain"],"picked":"Flame Barrier","floor":42},{"not_picked":["Armaments","Flame Barrier"],"picked":"Entrench+1","floor":48}],"player_experience":1131435,"relics_obtained":[{"floor":7,"key":"Centennial Puzzle"},{"floor":9,"key":"Boot"},{"floor":21,"key":"Red Mask"},{"floor":23,"key":"Anchor"},{"floor":26,"key":"Bronze Scales"},{"floor":36,"key":"Turnip"},{"floor":39,"key":"Peace Pipe"},{"floor":43,"key":"Oddly Smooth Stone"},{"floor":46,"key":"Regal Pillow"}],"event_choices":[{"event_name":"Wheel of Change","player_choice":"Card Removal","floor":2,"damage_taken":0},{"event_name":"Golden Wing","player_choice":"Card Removal","floor":3,"damage_taken":0},{"event_name":"World of Goop","player_choice":"Left","floor":12,"damage_taken":0},{"event_name":"Masked Bandits","player_choice":"Fought Bandits","floor":21,"damage_taken":0},{"event_name":"Vampires","player_choice":"Ignored","floor":29,"damage_taken":0},{"event_name":"MindBloom","player_choice":"Fight","floor":36,"damage_taken":0},{"event_name":"Mysterious Sphere","player_choice":"Fight","floor":39,"damage_taken":0},{"event_name":"Winding Halls","player_choice":"Writhe","floor":47,"damage_taken":0}],"is_beta":true,"boss_relics":[{"not_picked":["Runic Dome","White Beast Statue"],"picked":"Sozu"},{"not_picked":["Eternal Feather","Philosopher\u0027s Stone"],"picked":"Snecko Eye"}],"items_purged_floors":[20,45],"is_endless":false,"potions_floor_spawned":[1,7,11,13,14,18,27,31,33,38,39,41,46,48],"ascension_level":15}