{"gold_per_floor":[118,129,54,54,73,73,101,101,175,175,175,175,196,217,217,217],"floor_reached":16,"playtime":1426,"items_purged":["Strike_G"],"score":100,"play_id":"0952edb5-e1c5-4ef3-941f-c87e75d94773","local_time":"20190216110859","is_ascension_mode":false,"campfire_choices":[{"floor":6,"key":"REST"},{"floor":8,"key":"REST"},{"floor":10,"key":"REST"},{"floor":15,"key":"REST"}],"neow_cost":"CURSE","seed_source_timestamp":149474611459320,"circlet_count":0,"master_deck":["Defend_G","Defend_G","Defend_G","Defend_G","Defend_G","Strike_G","Strike_G","Strike_G","Strike_G","Survivor","Neutralize","Pain","Dash","Infinite Blades","PiercingWail","Blade Dance","Injury","Prepared","Finisher"],"relics":["Ring of the Snake","Nunchaku","Oddly Smooth Stone","Kunai","Golden Idol"],"potions_floor_usage":[],"damage_taken":[{"damage":9,"enemies":"Cultist","floor":1,"turns":6},{"damage":2,"enemies":"Small Slimes","floor":2,"turns":3},{"damage":3,"enemies":"Jaw Worm","floor":5,"turns":4},{"damage":51,"enemies":"Gremlin Nob","floor":7,"turns":7},{"damage":14,"enemies":"Exordium Thugs","floor":13,"turns":7},{"damage":8,"enemies":"Large Slime","floor":14,"turns":7},{"damage":63,"enemies":"Hexaghost","floor":16,"turns":11}],"seed_played":"8414274006568459123","potions_obtained":[{"floor":2,"key":"PowerPotion"},{"floor":5,"key":"Poison Potion"},{"floor":7,"key":"Ancient Potion"}],"is_trial":false,"path_per_floor":["M","M","$","$","M","R","E","R","T","R","?","?","M","M","R","B"],"character_chosen":"THE_SILENT","items_purchased":[],"campfire_rested":4,"item_purchase_floors":[],"current_hp_per_floor":[61,59,59,59,56,70,19,40,40,61,61,61,47,39,60,0],"gold":217,"neow_bonus":"ONE_RARE_RELIC","is_prod":false,"is_daily":false,"chose_seed":false,"campfire_upgraded":0,"win_rate":0.0,"timestamp":1550344139,"path_taken":["M","M","?","$","M","R","E","R","T","R","?","?","?","M","R","BOSS"],"build_version":"2019-01-23","purchased_purges":1,"victory":false,"max_hp_per_floor":[70,70,70,70,70,70,70,70,70,70,70,70,70,70,70,70],"card_choices":[{"not_picked":["Well Laid Plans","Terror"],"picked":"Dash","floor":1},{"not_picked":["Deadly Poison","Dodge and Roll"],"picked":"Infinite Blades","floor":2},{"not_picked":["Underhanded Strike","Reflex"],"picked":"PiercingWail","floor":5},{"not_picked":["Underhanded Strike","Deadly Poison"],"picked":"Blade Dance","floor":7},{"not_picked":["Unload","Endless Agony"],"picked":"Prepared","floor":13},{"not_picked":["Leg Sweep","Backflip"],"picked":"Finisher","floor":14}],"player_experience":11639,"relics_obtained":[{"floor":7,"key":"Oddly Smooth Stone"},{"floor":9,"key":"Kunai"}],"event_choices":[{"damage_healed":0,"gold_gain":0,"player_choice":"Take Wound","damage_taken":0,"relics_obtained":["Golden Idol"],"max_hp_gain":0,"max_hp_loss":0,"event_name":"Golden Idol","floor":11,"gold_loss":0,"cards_obtained":["Injury"]},{"damage_healed":0,"gold_gain":0,"player_choice":"Ignored","damage_taken":0,"max_hp_gain":0,"max_hp_loss":0,"event_name":"Liars Game","floor":12,"gold_loss":0}],"is_beta":false,"boss_relics":[],"items_purged_floors":[3],"is_endless":false,"potions_floor_spawned":[2,5,7],"killed_by":"Hexaghost","ascension_level":0}