{"gold_per_floor":[111,29,29,40,50,50,79,79,79,111,111,139,139,150,150,150],"floor_reached":16,"playtime":823,"items_purged":[],"score":124,"play_id":"48dc3d61-c7e9-4291-bf78-6258711d41e7","local_time":"20190128130752","is_ascension_mode":true,"campfire_choices":[{"data":"Armaments","floor":6,"key":"SMITH"},{"floor":11,"key":"REST"},{"data":"Metallicize","floor":15,"key":"SMITH"}],"neow_cost":"NONE","seed_source_timestamp":182463127772407,"circlet_count":0,"master_deck":["Strike_R","Strike_R+1","Strike_R+1","Strike_R","Defend_R","Defend_R","Defend_R","Defend_R","Bash","Forethought","Twin Strike","Metallicize+1","Flex+1","Armaments+1","Clash+1","Corruption","Shrug It Off"],"relics":["Burning Blood","Paper Frog","Ancient Tea Set","Whetstone","Prayer Wheel"],"potions_floor_usage":[16],"damage_taken":[{"damage":2,"enemies":"2 Louse","floor":1,"turns":3},{"damage":8,"enemies":"Jaw Worm","floor":4,"turns":3},{"damage":7,"enemies":"Small Slimes","floor":5,"turns":3},{"damage":33,"enemies":"Lagavulin","floor":7,"turns":8},{"damage":20,"enemies":"Gremlin Nob","floor":10,"turns":4},{"damage":18,"enemies":"3 Sentries","floor":12,"turns":6},{"damage":0,"enemies":"2 Fungi Beasts","floor":14,"turns":3},{"damage":31,"enemies":"Hexaghost","floor":16,"turns":14}],"seed_played":"-7319555791113637988","potions_obtained":[{"floor":1,"key":"Dexterity Potion"},{"floor":5,"key":"Block Potion"},{"floor":12,"key":"SmokeBomb"}],"is_trial":false,"path_per_floor":["M","$","?","M","M","R","E","?","T","E","R","E","?","M","R","B"],"character_chosen":"IRONCLAD","items_purchased":["Metallicize"],"campfire_rested":1,"item_purchase_floors":[2],"current_hp_per_floor":[80,80,80,78,77,77,50,34,34,20,44,32,25,31,31,0],"gold":150,"neow_bonus":"RANDOM_COLORLESS","is_prod":false,"is_daily":false,"chose_seed":false,"campfire_upgraded":2,"win_rate":0,"timestamp":1548677272,"path_taken":["M","$","?","M","M","R","E","?","T","E","R","E","?","M","R","BOSS"],"build_version":"2019-01-23","purchased_purges":0,"victory":false,"max_hp_per_floor":[80,80,80,80,80,80,80,80,80,80,80,80,80,80,80,80],"card_choices":[{"not_picked":["Clothesline","Shockwave"],"picked":"Twin Strike","floor":1},{"not_picked":["Heavy Blade","Hemokinesis"],"picked":"Flex","floor":4},{"not_picked":["Feel No Pain","Clothesline"],"picked":"Armaments","floor":5},{"not_picked":["Power Through","Second Wind"],"picked":"Clash","floor":7},{"not_picked":["Perfected Strike","Searing Blow","Body Slam"],"picked":"SKIP","floor":10},{"not_picked":["Clash","Flex"],"picked":"Corruption","floor":12},{"not_picked":["Flex","Shockwave"],"picked":"Shrug It Off","floor":14},{"not_picked":["Hemokinesis","Corruption","Spot Weakness"],"picked":"SKIP","floor":14}],"player_experience":25271,"relics_obtained":[{"floor":7,"key":"Paper Frog"},{"floor":9,"key":"Ancient Tea Set"},{"floor":10,"key":"Whetstone"},{"floor":12,"key":"Prayer Wheel"}],"event_choices":[{"damage_healed":0,"gold_gain":0,"player_choice":"Leave","damage_taken":0,"max_hp_gain":0,"max_hp_loss":0,"event_name":"The Cleric","floor":3,"gold_loss":0},{"damage_healed":0,"gold_gain":0,"player_choice":"Entered Light","damage_taken":16,"max_hp_gain":0,"max_hp_loss":0,"event_name":"Shining Light","floor":8,"gold_loss":0,"cards_upgraded":["Flex","Clash"]},{"cards_removed":["Strike_R"],"damage_healed":0,"gold_gain":0,"player_choice":"Card Removal","damage_taken":7,"max_hp_gain":0,"max_hp_loss":0,"event_name":"Golden Wing","floor":13,"gold_loss":0}],"is_beta":false,"boss_relics":[],"items_purged_floors":[],"is_endless":false,"potions_floor_spawned":[1,5,12],"killed_by":"Hexaghost","ascension_level":1}