{"gold_per_floor":[99,99,99,99,24,24,24,24,24,24,24,24,24,24,24,24,24,24,24,0,0,0,0,0,0,0,0,0,0,0,0,0,0,0,0,0,0,0,0,0,0,0,0,0,0,0,0,0,0,0],"floor_reached":51,"playtime":3278,"items_purged":["Strike_G"],"score":1494,"play_id":"87e11c9a-0fb6-4a80-8eeb-b4ef61f8d257","local_time":"20181009073151","is_ascension_mode":true,"campfire_choices":[{"data":"Neutralize","floor":6.0,"key":"SMITH"},{"floor":12.0,"key":"REST"},{"data":"Burst","floor":15.0,"key":"SMITH"},{"floor":23.0,"key":"REST"},{"floor":25.0,"key":"REST"},{"data":"Footwork","floor":27.0,"key":"SMITH"},{"floor":32.0,"key":"REST"},{"floor":41,"key":"REST"},{"floor":45,"key":"REST"},{"floor":49,"key":"REST"}],"neow_cost":"NONE","seed_source_timestamp":0,"circlet_count":0,"master_deck":["Defend_G","Defend_G","Defend_G","Defend_G","Defend_G","Strike_G","Strike_G","Strike_G","Strike_G","Survivor","AscendersBane","Deadly Poison","Blur","Noxious Fumes","Calculated Gamble","Burst+1","Bouncing Flask","Noxious Fumes","Footwork+1","After Image","Crippling Poison","Leg Sweep","Cloak And Dagger","Dash","Malaise","Leg Sweep","Acrobatics","Dodge and Roll","PiercingWail"],"special_seed":0,"relics":["Ectoplasm","Paper Crane","Odd Mushroom","Snake Skull","Runic Dome","Gambling Chip","Bag of Preparation","Lizard Tail","Bronze Scales","Tingsha","Darkstone Periapt","Oddly Smooth Stone"],"potions_floor_usage":[40,50,50],"damage_taken":[{"damage":2.0,"enemies":"Jaw Worm","floor":1.0,"turns":5.0},{"damage":4.0,"enemies":"Small Slimes","floor":2.0,"turns":5.0},{"damage":0.0,"enemies":"2 Louse","floor":3.0,"turns":4.0},{"damage":41.0,"enemies":"Gremlin Nob","floor":7.0,"turns":5.0},{"damage":9.0,"enemies":"The Mushroom Lair","floor":8.0,"turns":6.0},{"damage":2.0,"enemies":"Exordium Wildlife","floor":10.0,"turns":6.0},{"damage":0.0,"enemies":"Lots of Slimes","floor":11.0,"turns":4.0},{"damage":0.0,"enemies":"Exordium Thugs","floor":13.0,"turns":4.0},{"damage":0.0,"enemies":"Red Slaver","floor":14.0,"turns":4.0},{"damage":9.0,"enemies":"The Guardian","floor":16.0,"turns":7.0},{"damage":4.0,"enemies":"Shell Parasite","floor":18.0,"turns":5.0},{"damage":9.0,"enemies":"2 Thieves","floor":20.0,"turns":4.0},{"damage":3.0,"enemies":"Centurion and Healer","floor":22.0,"turns":6.0},{"damage":41.0,"enemies":"Book of Stabbing","floor":24.0,"turns":7.0},{"damage":0.0,"enemies":"Sentry and Sphere","floor":28.0,"turns":4.0},{"damage":14.0,"enemies":"Cultist and Chosen","floor":30.0,"turns":6.0},{"damage":0.0,"enemies":"Snake Plant","floor":31.0,"turns":4.0},{"damage":0.0,"enemies":"Automaton","floor":33.0,"turns":12.0},{"damage":0.0,"enemies":"3 Shapes","floor":35.0,"turns":6.0},{"damage":7.0,"enemies":"Orb Walker","floor":36.0,"turns":4.0},{"damage":9.0,"enemies":"Transient","floor":38.0,"turns":6.0},{"damage":0.0,"enemies":"4 Shapes","floor":39.0,"turns":5.0},{"damage":15,"enemies":"Giant Head","floor":40,"turns":11},{"damage":67,"enemies":"Reptomancer","floor":42,"turns":12},{"damage":6,"enemies":"Nemesis","floor":44,"turns":7},{"damage":15,"enemies":"Maw","floor":47,"turns":8},{"damage":0,"enemies":"Time Eater","floor":50,"turns":17}],"seed_played":"5831914078435130905","potions_obtained":[{"floor":1.0,"key":"SteroidPotion"},{"floor":2.0,"key":"Poison Potion"},{"floor":3.0,"key":"PowerPotion"},{"floor":10.0,"key":"Block Potion"},{"floor":14.0,"key":"Dexterity Potion"},{"floor":16.0,"key":"Weak Potion"},{"floor":18.0,"key":"GamblersBrew"},{"floor":30.0,"key":"Poison Potion"},{"floor":33.0,"key":"Weak Potion"},{"floor":36.0,"key":"GhostInAJar"},{"floor":38.0,"key":"AttackPotion"},{"floor":39,"key":"SkillPotion"},{"floor":47,"key":"GamblersBrew"}],"is_trial":false,"path_per_floor":["M","M","M","?","$","R","?","?","T","M","M","R","M","M","R","B",null,"M","$","M","?","M","R","E","R","T","R","M","?","M","M","R","B",null,"M","M","?","M","M","E","R","M","T","E","R","T","M","$","R","B"],"character_chosen":"THE_SILENT","items_purchased":[],"campfire_rested":7,"item_purchase_floors":[],"current_hp_per_floor":[57,53,53,53,53,53,12,3,3,1,1,20,20,20,20,11,52,48,48,39,39,36,55,14,33,33,33,33,33,19,19,38,38,59,59,52,52,43,43,28,47,20,20,14,33,33,18,18,37,37],"gold":0,"neow_bonus":"BOSS_RELIC","is_prod":false,"is_daily":false,"chose_seed":false,"campfire_upgraded":3,"win_rate":0,"timestamp":1539063111,"path_taken":["M","M","M","?","$","R","?","?","T","M","M","R","M","M","R","BOSS","M","$","M","?","M","R","E","R","T","R","M","?","M","M","R","BOSS","M","M","?","M","M","E","R","M","T","E","R","?","M","?","R","BOSS"],"build_version":"2018-10-04v2","purchased_purges":1,"victory":true,"max_hp_per_floor":[66,66,66,66,66,66,66,66,66,66,66,66,66,66,66,66,66,66,66,66,66,66,66,66,66,66,66,66,66,66,66,66,66,66,66,66,66,66,66,66,66,66,66,66,66,66,66,66,66,66],"card_choices":[{"not_picked":["Well Laid Plans","All Out Attack"],"picked":"Deadly Poison","floor":1.0},{"not_picked":["Sucker Punch","Underhanded Strike"],"picked":"Blur","floor":2.0},{"not_picked":["Eviscerate","Cloak And Dagger"],"picked":"Noxious Fumes","floor":3.0},{"not_picked":["Choke","Acrobatics"],"picked":"Calculated Gamble","floor":7.0},{"not_picked":["Masterful Stab","Slice"],"picked":"Burst","floor":8.0},{"not_picked":["Quick Slash","Dodge and Roll"],"picked":"Bouncing Flask","floor":10.0},{"not_picked":["Flechettes","Well Laid Plans"],"picked":"Noxious Fumes","floor":11.0},{"not_picked":["Setup","Concentrate"],"picked":"Footwork","floor":13.0},{"not_picked":["A Thousand Cuts","Bullet Time"],"picked":"After Image","floor":16.0},{"not_picked":["Riddle With Holes","Cloak And Dagger"],"picked":"Crippling Poison","floor":18.0},{"not_picked":["Flying Knee","Outmaneuver"],"picked":"Cloak And Dagger","floor":22.0},{"not_picked":["Quick Slash","Underhanded Strike"],"picked":"Dash","floor":31.0},{"not_picked":["Venomology","Storm of Steel"],"picked":"Malaise","floor":33.0},{"not_picked":["Deadly Poison","Poisoned Stab"],"picked":"Leg Sweep","floor":35.0},{"not_picked":["Terror","Blade Dance"],"picked":"Acrobatics","floor":36.0},{"not_picked":["Cloak And Dagger","Quick Slash"],"picked":"Dodge and Roll","floor":39},{"not_picked":["Storm of Steel","Bane+1"],"picked":"PiercingWail","floor":42}],"player_experience":1233933,"relics_obtained":[{"floor":7.0,"key":"Paper Crane"},{"floor":8.0,"key":"Odd Mushroom"},{"floor":9.0,"key":"Snake Skull"},{"floor":24.0,"key":"Gambling Chip"},{"floor":26.0,"key":"Bag of Preparation"},{"floor":40,"key":"Bronze Scales"},{"floor":43,"key":"Tingsha"},{"floor":44,"key":"Darkstone Periapt"},{"floor":46,"key":"Oddly Smooth Stone"}],"event_choices":[{"event_name":"Liars Game","player_choice":"disagreed","floor":4.0,"damage_taken":0.0},{"event_name":"Dead Adventurer","player_choice":"Searched \u00271\u0027 times","floor":7.0,"damage_taken":0.0},{"event_name":"Mushrooms","player_choice":"Fought Mushrooms","floor":8.0,"damage_taken":0.0},{"event_name":"The Library","player_choice":"Read","floor":21.0,"damage_taken":0.0},{"event_name":"Beggar","player_choice":"Ignored","floor":29.0,"damage_taken":0.0},{"event_name":"Falling","player_choice":"Removed Attack","floor":37.0,"damage_taken":0.0}],"is_beta":false,"boss_relics":[{"not_picked":["Snecko Eye","Coffee Dripper"],"picked":"Runic Dome"},{"not_picked":["Velvet Choker","Calling Bell"],"picked":"Lizard Tail"}],"items_purged_floors":[5],"is_endless":false,"potions_floor_spawned":[1,2,3,10,14,16,18,30,33,36,38,39,47],"ascension_level":18}