{"gold_per_floor":[116,134,409,422,6,36,54,54,79,94,94,158,158,0,0,104,154,167,167,181,0,0,0,0,326,373,404,404,415,415],"floor_reached":30,"playtime":720,"items_purged":["Regret"],"score":456,"play_id":"029ab2b4-55ad-451f-9896-e4ba9d531580","local_time":"20190508153226","is_ascension_mode":true,"campfire_choices":[{"data":"Envenom","floor":8,"key":"SMITH"},{"data":"Noxious Fumes","floor":15,"key":"SMITH"},{"data":"Footwork","floor":23,"key":"SMITH"},{"floor":28,"key":"REST"}],"neow_cost":"NONE","seed_source_timestamp":2400619248264541,"circlet_count":0,"master_deck":["AscendersBane","Defend_G","Defend_G","Defend_G","Defend_G","Defend_G","Strike_G","Strike_G","Strike_G","Strike_G","Strike_G","Survivor","Neutralize","Poisoned Stab","Bane","Envenom+1","Deadly Poison","Infinite Blades","Footwork+1","Noxious Fumes+1","Flash of Steel+1","Envenom","Deadly Poison","Noxious Fumes","Infinite Blades","Sucker Punch"],"relics":["Ring of the Snake","NeowsBlessing","TwistedFunnel","Centennial Puzzle","Happy Flower","Tiny Chest","Tiny House","Paper Crane","Snake Skull","Dodecahedron","Old Coin","Bag of Marbles","Pen Nib"],"potions_floor_usage":[2,6,13,18,18,29],"damage_taken":[{"damage":0,"enemies":"Jaw Worm","floor":1,"turns":1},{"damage":0,"enemies":"Cultist","floor":2,"turns":1},{"damage":0,"enemies":"Small Slimes","floor":4,"turns":1},{"damage":18,"enemies":"Gremlin Nob","floor":6,"turns":4},{"damage":6,"enemies":"Looter","floor":7,"turns":3},{"damage":5,"enemies":"Exordium Thugs","floor":10,"turns":5},{"damage":17,"enemies":"Lagavulin","floor":12,"turns":5},{"damage":0,"enemies":"Lots of Slimes","floor":13,"turns":1},{"damage":5,"enemies":"Hexaghost","floor":16,"turns":8},{"damage":7,"enemies":"Shell Parasite","floor":18,"turns":4},{"damage":7,"enemies":"3 Byrds","floor":20,"turns":4},{"damage":17,"enemies":"Gremlin Leader","floor":25,"turns":7},{"damage":32,"enemies":"Book of Stabbing","floor":27,"turns":5},{"damage":12,"enemies":"Centurion and Healer","floor":29,"turns":5},{"damage":25,"enemies":"Snecko","floor":30,"turns":3}],"seed_played":"9194393410112277428","potions_obtained":[{"floor":1,"key":"Fruit Juice"},{"floor":4,"key":"SpeedPotion"},{"floor":6,"key":"SmokeBomb"},{"floor":11,"key":"Fire Potion"},{"floor":17,"key":"SneckoOil"},{"floor":27,"key":"Weak Potion"}],"is_trial":false,"path_per_floor":["M","M","?","M","$","E","M","R","T","M","?","E","M","$","R","B",null,"M","T","M","$","?","R","T","E","T","E","R","M","M"],"character_chosen":"THE_SILENT","items_purchased":["TwistedFunnel","Envenom","Noxious Fumes","Flash of Steel","Snake Skull","Noxious Fumes"],"campfire_rested":1,"item_purchase_floors":[5,5,14,14,21,21],"current_hp_per_floor":[63,68,68,68,68,50,44,44,44,39,39,22,22,22,22,17,66,59,59,52,52,52,52,52,35,35,3,27,15,0],"gold":415,"neow_bonus":"THREE_ENEMY_KILL","is_prod":false,"is_daily":false,"chose_seed":false,"campfire_upgraded":3,"win_rate":0,"timestamp":1557322346,"path_taken":["M","M","?","?","$","E","M","R","T","M","?","E","M","$","R","BOSS","M","?","?","?","?","R","?","E","T","E","R","M","?"],"build_version":"2019-01-23","purchased_purges":1,"victory":false,"max_hp_per_floor":[70,75,75,75,75,75,75,75,75,75,75,75,75,75,75,75,80,80,80,80,80,80,80,80,80,80,80,80,80,80],"card_choices":[{"not_picked":["Underhanded Strike","Outmaneuver"],"picked":"Poisoned Stab","floor":1},{"not_picked":["Blade Dance","Predator"],"picked":"Bane","floor":2},{"not_picked":["Slice","Sucker Punch","Quick Slash"],"picked":"SKIP","floor":4},{"not_picked":["Expertise","Glass Knife"],"picked":"Deadly Poison","floor":6},{"not_picked":["Deflect","Acrobatics"],"picked":"Infinite Blades","floor":7},{"not_picked":["Backstab","PiercingWail","Deflect"],"picked":"SKIP","floor":10},{"not_picked":["Escape Plan","Unload"],"picked":"Footwork","floor":12},{"not_picked":["Phantasmal Killer","Night Terror"],"picked":"Envenom","floor":16},{"not_picked":["Heel Hook","Flying Knee"],"picked":"Deadly Poison","floor":17},{"not_picked":["Well Laid Plans","Bane","Crippling Poison"],"picked":"SKIP","floor":18},{"not_picked":["PiercingWail","Dash","Dodge and Roll"],"picked":"SKIP","floor":20},{"not_picked":["Calculated Gamble","Choke"],"picked":"Infinite Blades","floor":25},{"not_picked":["Cloak And Dagger+1","Deflect"],"picked":"Sucker Punch","floor":27},{"not_picked":["Cloak And Dagger+1","Acrobatics","Flechettes"],"picked":"SKIP","floor":29}],"player_experience":197715,"relics_obtained":[{"floor":6,"key":"Centennial Puzzle"},{"floor":9,"key":"Happy Flower"},{"floor":12,"key":"Tiny Chest"},{"floor":19,"key":"Paper Crane"},{"floor":24,"key":"Dodecahedron"},{"floor":25,"key":"Old Coin"},{"floor":26,"key":"Bag of Marbles"},{"floor":27,"key":"Pen Nib"}],"event_choices":[{"damage_healed":0,"gold_gain":275,"player_choice":"Desecrate","damage_taken":0,"max_hp_gain":0,"max_hp_loss":0,"event_name":"Golden Shrine","floor":3,"gold_loss":0,"cards_obtained":["Regret"]},{"damage_healed":0,"gold_gain":0,"player_choice":"Got Potions","damage_taken":0,"max_hp_gain":0,"max_hp_loss":0,"event_name":"Lab","floor":11,"gold_loss":0}],"is_beta":false,"boss_relics":[{"not_picked":["WristBlade","Pandora\u0027s Box"],"picked":"Tiny House"}],"items_purged_floors":[5],"is_endless":false,"potions_floor_spawned":[1,4,6,12,27],"killed_by":"Snecko","ascension_level":11}