{"gold_per_floor":[111,386,399,418,418,446,446,459,459,127,127,162,162,191,191,287,287,307,307,307,307,110,110,145,163,188,202,234,45,45,45],"floor_reached":31,"playtime":802,"items_purged":["Regret","Strike_B"],"score":491,"play_id":"a146b4ac-adea-4d72-82b6-b4693d3470f9","local_time":"20190313110031","is_ascension_mode":true,"campfire_choices":[{"data":"Defragment","floor":7,"key":"SMITH"},{"data":"Apotheosis","floor":11,"key":"SMITH"},{"floor":15,"key":"REST"},{"data":"Defragment","floor":23,"key":"SMITH"}],"neow_cost":"NONE","seed_source_timestamp":25689902736376,"circlet_count":0,"master_deck":["Strike_B","Strike_B","Strike_B","Defend_B","Defend_B","Zap","Dualcast+1","Cold Snap","Defragment+1","Cold Snap+1","Conserve Battery","Loop","Apotheosis+1","Defragment+1","Core Surge+1","Rip and Tear","Coolheaded","Self Repair","Gash","Mayhem"],"relics":["Cracked Core","Mummified Hand","Matryoshka","DataDisk","Boot","Sozu","Shuriken","Ancient Tea Set","Whetstone","Centennial Puzzle"],"potions_floor_usage":[14,14,24,31],"damage_taken":[{"damage":3,"enemies":"Small Slimes","floor":1,"turns":3},{"damage":0,"enemies":"Cultist","floor":3,"turns":3},{"damage":0,"enemies":"2 Louse","floor":4,"turns":2},{"damage":25,"enemies":"Gremlin Nob","floor":6,"turns":4},{"damage":7,"enemies":"Large Slime","floor":8,"turns":6},{"damage":21,"enemies":"3 Sentries","floor":12,"turns":9},{"damage":0,"enemies":"Gremlin Nob","floor":14,"turns":3},{"damage":0,"enemies":"The Guardian","floor":16,"turns":10},{"damage":10,"enemies":"3 Byrds","floor":18,"turns":4},{"damage":20,"enemies":"Gremlin Leader","floor":24,"turns":5},{"damage":0,"enemies":"Spheric Guardian","floor":25,"turns":3},{"damage":9,"enemies":"Centurion and Healer","floor":27,"turns":5},{"damage":28,"enemies":"Slavers","floor":28,"turns":6},{"damage":19,"enemies":"Snake Plant","floor":31,"turns":3}],"seed_played":"-6451707354175723230","potions_obtained":[{"floor":6,"key":"SteroidPotion"},{"floor":12,"key":"Strength Potion"},{"floor":13,"key":"PowerPotion"},{"floor":13,"key":"Swift Potion"},{"floor":14,"key":"EntropicBrew"}],"is_trial":false,"path_per_floor":["M","?","M","M","?","E","R","M","T","$","R","E","?","E","R","B",null,"M","?","?","?","$","R","E","M","T","M","E","$","?","M"],"character_chosen":"DEFECT","items_purchased":["Apotheosis","Defragment","Self Repair","Gash","Mayhem"],"campfire_rested":1,"item_purchase_floors":[10,10,22,22,29],"current_hp_per_floor":[65,65,65,65,65,40,40,33,33,33,33,12,12,12,34,34,65,55,41,41,41,41,41,31,38,38,39,18,18,18,0],"gold":45,"neow_bonus":"UPGRADE_CARD","is_prod":false,"is_daily":false,"chose_seed":false,"campfire_upgraded":3,"win_rate":0,"timestamp":1552471231,"path_taken":["M","?","?","M","?","E","R","M","T","$","R","E","?","E","R","BOSS","M","?","?","?","$","R","E","?","T","M","E","$","?","M"],"build_version":"2019-01-23","purchased_purges":2,"victory":false,"max_hp_per_floor":[75,75,75,75,75,75,75,75,75,75,75,75,75,75,75,75,75,75,80,80,80,80,80,80,80,80,80,80,80,80,80],"card_choices":[{"not_picked":["Steam","Rebound"],"picked":"Cold Snap","floor":1},{"not_picked":["Double Energy","Melter"],"picked":"Defragment","floor":3},{"not_picked":["Barrage","Turbo"],"picked":"Cold Snap","floor":4},{"not_picked":["Ball Lightning","Hello World"],"picked":"Conserve Battery","floor":6},{"not_picked":["Auto Shields","Reprogram"],"picked":"Loop","floor":8},{"not_picked":["Seek","Storm","Double Energy"],"picked":"SKIP","floor":12},{"not_picked":["Hologram","Scrape","Hyperbeam"],"picked":"SKIP","floor":14},{"not_picked":["Hyperbeam","Meteor Strike"],"picked":"Core Surge","floor":16},{"not_picked":["Rebound","Aggregate","Sweeping Beam"],"picked":"SKIP","floor":18},{"not_picked":["Sunder+1","Static Discharge","Glacier+1"],"picked":"SKIP","floor":24},{"not_picked":["Sweeping Beam","Skim","Tempest"],"picked":"SKIP","floor":25},{"not_picked":["Stack+1","Fusion+1","White Noise+1"],"picked":"SKIP","floor":27},{"not_picked":["Conserve Battery","Steam","Storm"],"picked":"SKIP","floor":28}],"player_experience":96716,"relics_obtained":[{"floor":6,"key":"Mummified Hand"},{"floor":9,"key":"Matryoshka"},{"floor":12,"key":"DataDisk"},{"floor":14,"key":"Boot"},{"floor":24,"key":"Shuriken"},{"floor":26,"key":"Ancient Tea Set"},{"floor":26,"key":"Whetstone"},{"floor":28,"key":"Centennial Puzzle"}],"event_choices":[{"damage_healed":0,"gold_gain":275,"player_choice":"Desecrate","damage_taken":0,"max_hp_gain":0,"max_hp_loss":0,"event_name":"Golden Shrine","floor":2,"gold_loss":0,"cards_obtained":["Regret"]},{"damage_healed":0,"gold_gain":0,"player_choice":"Ignored","damage_taken":0,"max_hp_gain":0,"max_hp_loss":0,"event_name":"Liars Game","floor":5,"gold_loss":0},{"damage_healed":0,"gold_gain":0,"player_choice":"Got Potions","damage_taken":0,"max_hp_gain":0,"max_hp_loss":0,"event_name":"Lab","floor":13,"gold_loss":0},{"damage_healed":0,"gold_gain":0,"player_choice":"Shed Blood","damage_taken":19,"max_hp_gain":5,"max_hp_loss":0,"event_name":"Forgotten Altar","floor":19,"gold_loss":0},{"damage_healed":0,"gold_gain":0,"player_choice":"Ignored","damage_taken":0,"max_hp_gain":0,"max_hp_loss":0,"event_name":"Cursed Tome","floor":20,"gold_loss":0},{"damage_healed":0,"gold_gain":0,"cards_transformed":["Defend_B","Defend_B"],"player_choice":"Became Test Subject","damage_taken":0,"max_hp_gain":0,"max_hp_loss":0,"event_name":"Drug Dealer","floor":21,"gold_loss":0,"cards_obtained":["Rip and Tear","Coolheaded"]},{"damage_healed":0,"gold_gain":0,"player_choice":"Ignored","damage_taken":0,"max_hp_gain":0,"max_hp_loss":0,"event_name":"Ghosts","floor":30,"gold_loss":0}],"is_beta":false,"boss_relics":[{"not_picked":["Pandora\u0027s Box","White Beast Statue"],"picked":"Sozu"}],"items_purged_floors":[10,22],"is_endless":false,"potions_floor_spawned":[6,12,14,24,27],"killed_by":"Snake Plant","ascension_level":7}