{"gold_per_floor":[110,110,127,127,138,172,172,201,201,201,201],"floor_reached":11,"playtime":862,"items_purged":[],"score":126,"play_id":"d8601964-3cae-4f47-adcb-12a1514e5dcc","local_time":"20190515192230","is_ascension_mode":true,"campfire_choices":[{"floor":7,"key":"REST"},{"data":"Neutralize","floor":10,"key":"SMITH"}],"neow_cost":"NONE","seed_source_timestamp":194189049413472,"circlet_count":0,"master_deck":["AscendersBane","Defend_G","Defend_G","Defend_G","Defend_G","Defend_G","Strike_G","Strike_G","Strike_G","Strike_G","Strike_G","Survivor","Neutralize+1","Noxious Fumes","Cloak And Dagger","Blur","Dash","Backstab"],"relics":["Velvet Choker","Dodecahedron","SsserpentHead","FossilizedHelix","Meat on the Bone","Peace Pipe"],"potions_floor_usage":[6,11],"damage_taken":[{"damage":0,"enemies":"Cultist","floor":1,"turns":4},{"damage":1,"enemies":"Small Slimes","floor":3,"turns":4},{"damage":2,"enemies":"Jaw Worm","floor":5,"turns":4},{"damage":20,"enemies":"3 Sentries","floor":6,"turns":10},{"damage":4,"enemies":"Lagavulin","floor":8,"turns":10},{"damage":44,"enemies":"Gremlin Nob","floor":11,"turns":5}],"seed_played":"5642742207482712250","potions_obtained":[{"floor":3,"key":"SteroidPotion"},{"floor":5,"key":"SpeedPotion"}],"is_trial":false,"path_per_floor":["?","?"],"character_chosen":"THE_SILENT","items_purchased":[],"campfire_rested":1,"item_purchase_floors":[],"current_hp_per_floor":[63,45,44,44,42,22,43,39,39,39,0],"gold":201,"neow_bonus":"BOSS_RELIC","is_prod":false,"is_daily":false,"chose_seed":false,"campfire_upgraded":1,"win_rate":0,"timestamp":1557962550,"path_taken":["M","?","M","?","M","E","R","E","T","R","E"],"build_version":"2019-01-23","purchased_purges":0,"victory":false,"max_hp_per_floor":[70,70,70,70,70,70,70,70,70,70,70],"card_choices":[{"not_picked":["Quick Slash","Bane"],"picked":"Noxious Fumes","floor":1},{"not_picked":["Underhanded Strike","Predator"],"picked":"Cloak And Dagger","floor":3},{"not_picked":["Backflip","Bouncing Flask"],"picked":"Blur","floor":5},{"not_picked":["Riddle With Holes","Blade Dance"],"picked":"Dash","floor":6},{"not_picked":["Flechettes","Cloak And Dagger"],"picked":"Backstab","floor":8}],"player_experience":478153,"relics_obtained":[{"floor":6,"key":"FossilizedHelix"},{"floor":8,"key":"Meat on the Bone"},{"floor":9,"key":"Peace Pipe"}],"event_choices":[{"damage_healed":0,"gold_gain":0,"player_choice":"Success","damage_taken":18,"relics_obtained":["Dodecahedron"],"max_hp_gain":0,"max_hp_loss":0,"event_name":"Scrap Ooze","floor":2,"gold_loss":0},{"damage_healed":0,"gold_gain":0,"player_choice":"Trade","damage_taken":0,"relics_obtained":["SsserpentHead"],"max_hp_gain":0,"max_hp_loss":0,"event_name":"FaceTrader","floor":4,"gold_loss":0}],"is_beta":false,"boss_relics":[],"items_purged_floors":[],"is_endless":false,"potions_floor_spawned":[3,5],"killed_by":"Gremlin Nob","ascension_level":11}