{"gold_per_floor":[109,122,141,154,5,5,40,40,112,143,143,110,110,141,141,237,237,224,224,114,134,146,146,176,194,221,221,121,141,141,152,152,250,300,310,310,327,427,40,40,51,67,146,159,173,173,186,200,200,200],"floor_reached":51,"playtime":7311,"items_purged":["Defend_G","Strike_G"],"score":666,"play_id":"5d45d305-fccd-4783-af7c-49b4ec9cae9e","local_time":"20190528215731","is_ascension_mode":false,"campfire_choices":[{"data":"Footwork","floor":6,"key":"SMITH"},{"data":"A Thousand Cuts","floor":11,"key":"SMITH"},{"data":"Footwork","floor":15,"key":"SMITH"},{"data":"A Thousand Cuts","floor":23,"key":"SMITH"},{"data":"Dagger Spray","floor":27,"key":"SMITH"},{"data":"Leg Sweep","floor":32,"key":"SMITH"},{"data":"Dodge and Roll","floor":40,"key":"SMITH"},{"floor":46,"key":"REST"},{"data":"Tactician","floor":49,"key":"SMITH"}],"neow_cost":"TEN_PERCENT_HP_LOSS","seed_source_timestamp":13942405491700,"circlet_count":0,"master_deck":["Defend_G","Defend_G+1","Defend_G","Defend_G","Strike_G","Strike_G","Survivor","Neutralize","Footwork+1","Backflip","Footwork+1","Quick Slash","Tools of the Trade","Dodge and Roll+1","A Thousand Cuts+1","Leg Sweep+1","A Thousand Cuts+1","Blade Dance","Writhe","Well Laid Plans","Quick Slash","Terror+1","Dagger Spray+1","Quick Slash","Dodge and Roll+1","Burst","Poisoned Stab+1","Noxious Fumes+1","Expertise","Prepared+1","Predator+1","Corpse Explosion","Tactician+1"],"relics":["Ring of the Snake","Bird Faced Urn","Ginger","Centennial Puzzle","Ornamental Fan","Vajra","Regal Pillow","Velvet Choker","Incense Burner","Ancient Tea Set","Boot","Tiny House","Tough Bandages","Bottled Tornado","PreservedInsect","Kunai"],"potions_floor_usage":[7,14,35,42,47,50,50],"damage_taken":[{"damage":0,"enemies":"Jaw Worm","floor":1,"turns":5},{"damage":0,"enemies":"2 Louse","floor":2,"turns":4},{"damage":0,"enemies":"Cultist","floor":3,"turns":5},{"damage":2,"enemies":"3 Louse","floor":4,"turns":9},{"damage":36,"enemies":"Gremlin Nob","floor":7,"turns":6},{"damage":1,"enemies":"3 Sentries","floor":10,"turns":14},{"damage":9,"enemies":"Gremlin Nob","floor":14,"turns":4},{"damage":2,"enemies":"The Guardian","floor":16,"turns":21},{"damage":7,"enemies":"2 Thieves","floor":18,"turns":4},{"damage":9,"enemies":"3 Byrds","floor":21,"turns":5},{"damage":1,"enemies":"Centurion and Healer","floor":22,"turns":7},{"damage":4,"enemies":"Book of Stabbing","floor":24,"turns":7},{"damage":6,"enemies":"Chosen and Byrds","floor":25,"turns":4},{"damage":0,"enemies":"Cultist and Chosen","floor":29,"turns":7},{"damage":8,"enemies":"Sentry and Sphere","floor":31,"turns":4},{"damage":1,"enemies":"Collector","floor":33,"turns":8},{"damage":5,"enemies":"3 Shapes","floor":35,"turns":4},{"damage":1,"enemies":"Orb Walker","floor":37,"turns":3},{"damage":14,"enemies":"Mind Bloom Boss Battle","floor":38,"turns":6},{"damage":14,"enemies":"Transient","floor":41,"turns":5},{"damage":19,"enemies":"Sphere and 2 Shapes","floor":42,"turns":5},{"damage":3,"enemies":"Jaw Worm Horde","floor":44,"turns":4},{"damage":35,"enemies":"Spire Growth","floor":45,"turns":5},{"damage":10,"enemies":"3 Darklings","floor":47,"turns":3},{"damage":13,"enemies":"Jaw Worm Horde","floor":48,"turns":4},{"damage":17,"enemies":"Donu and Deca","floor":50,"turns":9}],"seed_played":"-2579083772846848267","potions_obtained":[{"floor":2,"key":"Swift Potion"},{"floor":3,"key":"Regen Potion"},{"floor":4,"key":"Energy Potion"},{"floor":10,"key":"Strength Potion"},{"floor":16,"key":"Weak Potion"},{"floor":21,"key":"LiquidBronze"},{"floor":29,"key":"Explosive Potion"},{"floor":34,"key":"Fire Potion"},{"floor":35,"key":"SneckoOil"},{"floor":37,"key":"Ancient Potion"},{"floor":42,"key":"AttackPotion"}],"is_trial":false,"path_per_floor":["M","M","M","M","$","R","E","?","T","E","R","?","?","E","R","B",null,"M","?","$","M","M","R","E","M","T","R","$","M","?","M","R","B",null,"M","?","M","?","$","R","M","M","T","M","M","R","M","M","R","B",null],"character_chosen":"THE_SILENT","items_purchased":["Tools of the Trade","Well Laid Plans","Bottled Tornado","PreservedInsect"],"campfire_rested":1,"item_purchase_floors":[5,20,39,39],"current_hp_per_floor":[63,63,63,61,61,61,36,33,33,38,38,38,38,37,37,43,63,59,59,59,54,63,63,63,63,63,63,63,63,63,58,58,63,68,67,65,65,55,55,55,53,46,46,53,28,62,61,56,56,48],"gold":200,"neow_bonus":"ONE_RARE_RELIC","is_prod":false,"is_daily":false,"chose_seed":false,"campfire_upgraded":8,"win_rate":0.0,"timestamp":1559095051,"path_taken":["M","M","M","M","$","R","E","?","T","E","R","?","?","E","R","BOSS","M","?","$","M","M","R","E","M","T","R","$","M","?","M","R","BOSS","M","?","M","?","$","R","M","M","T","M","M","R","M","?","R","BOSS"],"build_version":"2019-01-23","purchased_purges":2,"victory":true,"max_hp_per_floor":[63,63,63,63,63,63,63,63,63,63,63,63,63,63,63,63,63,63,63,63,63,63,63,63,63,63,63,63,63,63,63,63,63,68,68,65,65,65,65,65,65,65,65,65,65,65,65,65,65,65],"card_choices":[{"not_picked":["Sucker Punch","Masterful Stab"],"picked":"Footwork","floor":1},{"not_picked":["Dodge and Roll","Dash"],"picked":"Backflip","floor":2},{"not_picked":["PiercingWail","Deflect"],"picked":"Footwork","floor":3},{"not_picked":["Poisoned Stab","Finisher"],"picked":"Quick Slash","floor":4},{"not_picked":["Caltrops","Backflip"],"picked":"Dodge and Roll","floor":7},{"not_picked":["Riddle With Holes","Dagger Throw"],"picked":"A Thousand Cuts","floor":10},{"not_picked":["Sucker Punch","Heel Hook"],"picked":"Leg Sweep","floor":14},{"not_picked":["Unload","Malaise"],"picked":"A Thousand Cuts","floor":16},{"not_picked":["Reflex","Slice"],"picked":"Blade Dance","floor":18},{"not_picked":["Slice","Poisoned Stab"],"picked":"Quick Slash","floor":21},{"not_picked":["Dagger Spray","Prepared"],"picked":"Terror+1","floor":22},{"not_picked":["Well Laid Plans+1","Prepared"],"picked":"Dagger Spray","floor":24},{"not_picked":["Poisoned Stab","Blade Dance","Deadly Poison"],"picked":"SKIP","floor":25},{"not_picked":["Underhanded Strike","Skewer"],"picked":"Quick Slash","floor":29},{"not_picked":["Heel Hook+1","Infinite Blades+1"],"picked":"Dodge and Roll+1","floor":31},{"not_picked":["Tools of the Trade","Malaise"],"picked":"Burst","floor":33},{"not_picked":["Blade Dance+1","Eviscerate"],"picked":"Poisoned Stab+1","floor":34},{"not_picked":["Deadly Poison","PiercingWail","Bouncing Flask+1"],"picked":"SKIP","floor":35},{"not_picked":["Backflip+1","Underhanded Strike"],"picked":"Noxious Fumes+1","floor":37},{"not_picked":["Deadly Poison","Dodge and Roll+1"],"picked":"Expertise","floor":38},{"not_picked":["Flying Knee","Acrobatics+1","Reflex+1"],"picked":"SKIP","floor":41},{"not_picked":["Dagger Throw+1","Calculated Gamble"],"picked":"Prepared+1","floor":42},{"not_picked":["Blade Dance","Deadly Poison"],"picked":"Predator+1","floor":44},{"not_picked":["Bane+1","Flying Knee"],"picked":"Corpse Explosion","floor":45},{"not_picked":["Acrobatics+1","Flying Knee+1"],"picked":"Tactician","floor":47},{"not_picked":["Reflex","Sucker Punch","Poisoned Stab"],"picked":"SKIP","floor":48}],"player_experience":39054,"relics_obtained":[{"floor":7,"key":"Ginger"},{"floor":9,"key":"Ornamental Fan"},{"floor":10,"key":"Vajra"},{"floor":14,"key":"Regal Pillow"},{"floor":24,"key":"Ancient Tea Set"},{"floor":26,"key":"Boot"},{"floor":38,"key":"Tough Bandages"},{"floor":43,"key":"Kunai"}],"event_choices":[{"damage_healed":0,"gold_gain":0,"player_choice":"Success","damage_taken":3,"relics_obtained":["Centennial Puzzle"],"max_hp_gain":0,"max_hp_loss":0,"event_name":"Scrap Ooze","floor":8,"gold_loss":0},{"damage_healed":0,"gold_gain":0,"player_choice":"Left Gold","damage_taken":0,"max_hp_gain":0,"max_hp_loss":0,"event_name":"World of Goop","floor":12,"gold_loss":33},{"cards_removed":["Strike_G"],"damage_healed":0,"gold_gain":0,"player_choice":"Forget","damage_taken":0,"max_hp_gain":0,"max_hp_loss":0,"event_name":"Living Wall","floor":13,"gold_loss":0},{"damage_healed":0,"gold_gain":0,"player_choice":"Opened","damage_taken":0,"relics_obtained":["Incense Burner"],"max_hp_gain":0,"max_hp_loss":0,"event_name":"The Mausoleum","floor":19,"gold_loss":0,"cards_obtained":["Writhe"]},{"cards_removed":["Strike_G"],"damage_healed":0,"gold_gain":0,"player_choice":"Purged","damage_taken":0,"max_hp_gain":0,"max_hp_loss":0,"event_name":"Purifier","floor":30,"gold_loss":0},{"damage_healed":0,"gold_gain":0,"player_choice":"Max HP","damage_taken":0,"max_hp_gain":0,"max_hp_loss":3,"event_name":"Winding Halls","floor":36,"gold_loss":0},{"damage_healed":0,"gold_gain":0,"player_choice":"Fight","damage_taken":0,"max_hp_gain":0,"max_hp_loss":0,"event_name":"MindBloom","floor":38,"gold_loss":0}],"is_beta":false,"boss_relics":[{"not_picked":["Ectoplasm","HoveringKite"],"picked":"Velvet Choker"},{"not_picked":["Orrery","Runic Pyramid"],"picked":"Tiny House"}],"items_purged_floors":[20,28],"is_endless":false,"potions_floor_spawned":[2,3,4,10,16,21,22,29,31,35,37,38,42,45],"ascension_level":0}