{"gold_per_floor":[109,126,141,157,1,35,35,110,182,36,46,46,46,74,74,177,177,189,7,27,127,143,143],"floor_reached":23,"playtime":1544,"items_purged":["Strike_R"],"score":221,"play_id":"02fc263d-8f44-484c-b6d1-767151337050","local_time":"20181006182744","is_ascension_mode":true,"campfire_choices":[{"data":"Body Slam","floor":7,"key":"SMITH"},{"floor":13,"key":"REST"},{"floor":15,"key":"REST"}],"neow_cost":"","seed_source_timestamp":275388904392447,"circlet_count":0,"master_deck":["Strike_R","Strike_R","Strike_R","Strike_R","Defend_R+1","Defend_R","Defend_R","Defend_R","Bash","Body Slam+1","Cleave","True Grit","Carnage","Twin Strike","Rage","Headbutt","Shockwave+1","Headbutt","Armaments+1","Inflame","Shrug It Off+1","Shrug It Off+1","Berserk","Bloodletting+1","Spot Weakness+1","Dual Wield+1","Seeing Red+1","Body Slam","Twin Strike","Flame Barrier+1"],"relics":["Burning Blood","Thread and Needle","Toxic Egg 2","Orichalcum","Black Star","Prayer Wheel","Shuriken"],"potions_floor_usage":[16,21,21,23],"damage_taken":[{"damage":12,"enemies":"Jaw Worm","floor":1,"turns":3},{"damage":4,"enemies":"Small Slimes","floor":2,"turns":4},{"damage":1,"enemies":"Cultist","floor":3,"turns":4},{"damage":12,"enemies":"2 Fungi Beasts","floor":4,"turns":3},{"damage":27,"enemies":"Gremlin Nob","floor":6,"turns":4},{"damage":16,"enemies":"Exordium Wildlife","floor":11,"turns":4},{"damage":14,"enemies":"3 Sentries","floor":14,"turns":5},{"damage":15,"enemies":"The Guardian","floor":16,"turns":10},{"damage":6,"enemies":"Chosen","floor":18,"turns":6},{"damage":24,"enemies":"2 Thieves","floor":20,"turns":4},{"damage":22,"enemies":"Colosseum Slavers","floor":21,"turns":4},{"damage":22,"enemies":"Colosseum Nobs","floor":21,"turns":5},{"damage":22,"enemies":"Snake Plant","floor":22,"turns":4},{"damage":19,"enemies":"Slavers","floor":23,"turns":1}],"seed_played":"8587584825066228694","potions_obtained":[{"floor":2,"key":"Poison Potion"},{"floor":3,"key":"SkillPotion"},{"floor":14,"key":"FearPotion"},{"floor":16,"key":"Regen Potion"},{"floor":21,"key":"SteroidPotion"},{"floor":22,"key":"Energy Potion"}],"is_trial":false,"path_per_floor":["M","M","M","M","$","E","R","?","T","$","M","?","R","E","R","B",null,"M","$","M","?","M"],"character_chosen":"IRONCLAD","items_purchased":["Twin Strike","Rage","Headbutt","Headbutt","Armaments+1","Inflame","Spot Weakness+1","Dual Wield+1"],"campfire_rested":2,"item_purchase_floors":[5,5,5,10,10,10,19,19],"current_hp_per_floor":[74,76,80,74,74,53,53,42,42,42,32,16,40,32,56,47,80,80,80,62,30,14,0],"gold":143,"neow_bonus":"","is_prod":false,"is_daily":false,"chose_seed":false,"campfire_upgraded":1,"win_rate":0,"timestamp":1538864864,"path_taken":["M","M","M","M","$","E","R","?","T","$","M","?","R","E","R","BOSS","M","$","M","?","M","E"],"build_version":"2018-09-06","purchased_purges":1,"victory":false,"max_hp_per_floor":[80,80,80,80,80,80,80,80,80,80,80,80,80,80,80,80,80,80,80,80,80,80,80],"card_choices":[{"not_picked":["Whirlwind","Thunderclap"],"picked":"Body Slam","floor":1},{"not_picked":["Ghostly Armor","Warcry"],"picked":"Cleave","floor":2},{"not_picked":["Anger","Armaments"],"picked":"True Grit","floor":3},{"not_picked":["Twin Strike","Fiend Fire"],"picked":"Carnage","floor":4},{"not_picked":["Disarm","Hemokinesis"],"picked":"Shockwave","floor":6},{"not_picked":["Flame Barrier+1","Body Slam"],"picked":"Shrug It Off+1","floor":11},{"not_picked":["Rampage","Fire Breathing"],"picked":"Shrug It Off+1","floor":14},{"not_picked":["Reaper","Bludgeon"],"picked":"Berserk","floor":16},{"not_picked":["Clothesline","Flex+1"],"picked":"Bloodletting+1","floor":18},{"not_picked":["Hemokinesis","Cleave+1"],"picked":"Seeing Red+1","floor":20},{"not_picked":["Headbutt","Sentinel+1"],"picked":"Body Slam","floor":21},{"not_picked":["Sentinel+1","Perfected Strike"],"picked":"Twin Strike","floor":22},{"not_picked":["Uppercut","Twin Strike"],"picked":"Flame Barrier+1","floor":22}],"player_experience":53950,"relics_obtained":[{"floor":6,"key":"Thread and Needle"},{"floor":9,"key":"Toxic Egg 2"},{"floor":14,"key":"Orichalcum"},{"floor":21,"key":"Prayer Wheel"},{"floor":21,"key":"Shuriken"}],"event_choices":[{"event_name":"World of Goop","player_choice":"Gather Gold","floor":8,"damage_taken":0},{"event_name":"Shining Light","player_choice":"Entered Light","floor":12,"damage_taken":0},{"event_name":"Colosseum","player_choice":"Fight","floor":21,"damage_taken":0},{"event_name":"Colosseum","player_choice":"Fought Nobs","floor":21,"damage_taken":0}],"is_beta":false,"boss_relics":[{"not_picked":["Velvet Choker","Astrolabe"],"picked":"Black Star"}],"items_purged_floors":[19],"is_endless":false,"potions_floor_spawned":[2,3,14,16,21,22],"killed_by":"Slavers","ascension_level":2}