{"gold_per_floor":[10,10,28,44,44,80,80,95,167,167,167,167,208,228,228,322,322,346,167,0,15,33,33,33,33,33,53,53,53],"floor_reached":29,"playtime":700,"items_purged":["Strike_B"],"score":481,"play_id":"105dec3b-60f1-4ded-ad31-bda0db487965","local_time":"20190529142833","is_ascension_mode":true,"campfire_choices":[{"data":"Zap","floor":7.0,"key":"SMITH"},{"floor":10.0,"key":"REST"},{"data":"Streamline","floor":11.0,"key":"SMITH"},{"data":"Dualcast","floor":12.0,"key":"SMITH"},{"floor":15.0,"key":"REST"},{"floor":23,"key":"REST"},{"floor":25,"key":"REST"}],"neow_cost":"NO_GOLD","seed_source_timestamp":184594612889369,"circlet_count":0,"master_deck":["AscendersBane","Strike_B","Strike_B","Strike_B+1","Defend_B","Defend_B+1","Defend_B+1","Defend_B+1","Zap+1","Dualcast+1","Machine Learning","Streamline+1","Cold Snap","Go for the Eyes","Steam","All For One","Gash","Gash","Rebound","Steam","Steam","Coolheaded","Gash","Coolheaded+1","Writhe"],"special_seed":0,"relics":["Cracked Core","Golden Idol","WingedGreaves","Frozen Egg 2","War Paint","Orrery","Singing Bowl","Torii"],"potions_floor_usage":[24],"damage_taken":[{"damage":1.0,"enemies":"Cultist","floor":1.0,"turns":3.0},{"damage":1.0,"enemies":"Small Slimes","floor":3.0,"turns":4.0},{"damage":10.0,"enemies":"Jaw Worm","floor":4.0,"turns":2.0},{"damage":35.0,"enemies":"Gremlin Nob","floor":6.0,"turns":4.0},{"damage":12.0,"enemies":"Exordium Wildlife","floor":8.0,"turns":5.0},{"damage":23.0,"enemies":"Lagavulin","floor":13.0,"turns":5.0},{"damage":2.0,"enemies":"2 Fungi Beasts","floor":14.0,"turns":3.0},{"damage":16.0,"enemies":"Hexaghost","floor":16.0,"turns":9.0},{"damage":8.0,"enemies":"Spheric Guardian","floor":18.0,"turns":4.0},{"damage":14,"enemies":"Shell Parasite","floor":21,"turns":6},{"damage":26,"enemies":"Snake Plant","floor":22,"turns":6},{"damage":12,"enemies":"Book of Stabbing","floor":24,"turns":2},{"damage":7,"enemies":"Centurion and Healer","floor":27,"turns":6},{"damage":24,"enemies":"Sentry and Sphere","floor":29,"turns":5}],"seed_played":"-496299326670537638","potions_obtained":[{"floor":1.0,"key":"Regen Potion"},{"floor":6.0,"key":"Regen Potion"},{"floor":13.0,"key":"FearPotion"},{"floor":16.0,"key":"SkillPotion"},{"floor":22,"key":"SmokeBomb"}],"is_trial":false,"path_per_floor":["M","?","M","M","?","E","R","M","T","R","R","R","E","M","R","B",null,"M","$","?","M","M","R","E","R","T","M","?","M"],"character_chosen":"DEFECT","items_purchased":["Steam","Coolheaded"],"campfire_rested":4,"item_purchase_floors":[19,19],"current_hp_per_floor":[63,42,41,31,31,8,8,10,10,29,29,29,6,4,23,7,50,42,42,42,28,2,21,9,28,28,21,21,0],"gold":53,"neow_bonus":"THREE_RARE_CARDS","is_prod":false,"is_daily":false,"chose_seed":false,"campfire_upgraded":3,"win_rate":0,"timestamp":1559132913,"path_taken":["M","?","M","M","?","E","R","?","T","R","R","R","E","M","R","BOSS","M","$","?","M","M","R","E","R","T","M","?","?"],"build_version":"2019-01-23","purchased_purges":1,"victory":false,"max_hp_per_floor":[71,71,71,71,64,64,64,64,64,64,64,64,64,64,64,64,64,64,64,64,64,64,64,64,64,64,64,64,64],"card_choices":[{"not_picked":["Echo Form","Rainbow"],"picked":"Machine Learning","floor":0.0},{"not_picked":["White Noise","Coolheaded"],"picked":"Streamline","floor":1.0},{"not_picked":["Chaos","Double Energy"],"picked":"Cold Snap","floor":3.0},{"not_picked":["Recycle","Sweeping Beam","Hologram"],"picked":"SKIP","floor":4.0},{"not_picked":["Melter","Fusion","Rainbow"],"picked":"SKIP","floor":6.0},{"not_picked":["Fusion","Streamline"],"picked":"Go for the Eyes","floor":8.0},{"not_picked":["Stack","Reprogram"],"picked":"Steam","floor":13.0},{"not_picked":["Barrage","Ball Lightning","Undo"],"picked":"SKIP","floor":14.0},{"not_picked":["Multi-Cast","Meteor Strike"],"picked":"All For One","floor":16.0},{"not_picked":["Hello World+1","Fusion"],"picked":"Gash","floor":17.0},{"not_picked":["Darkness","Redo"],"picked":"Gash","floor":17.0},{"not_picked":["Redo","Sweeping Beam"],"picked":"Rebound","floor":17.0},{"not_picked":["Go for the Eyes","Compile Driver"],"picked":"Steam","floor":18.0},{"not_picked":["White Noise","Barrage","Stack"],"picked":"SKIP","floor":21},{"not_picked":["Seek","Compile Driver"],"picked":"Gash","floor":22},{"not_picked":["Hello World+1","Tempest"],"picked":"Coolheaded+1","floor":27}],"player_experience":270385,"relics_obtained":[{"floor":6.0,"key":"WingedGreaves"},{"floor":9.0,"key":"Frozen Egg 2"},{"floor":13.0,"key":"War Paint"},{"floor":26,"key":"Singing Bowl"}],"event_choices":[{"damage_healed":0.0,"max_hp_gain":0.0,"max_hp_loss":0.0,"gold_gain":0.0,"event_name":"Shining Light","player_choice":"Entered Light","floor":2.0,"gold_loss":0.0,"damage_taken":21.0,"cards_upgraded":["Strike_B","Defend_B"]},{"damage_healed":0.0,"max_hp_gain":0.0,"max_hp_loss":7.0,"gold_gain":0.0,"event_name":"Golden Idol","player_choice":"Lose Max HP","floor":5.0,"gold_loss":0.0,"damage_taken":0.0,"relics_obtained":["Golden Idol"]},{"damage_healed":0,"gold_gain":0,"player_choice":"Paid Fearfully","damage_taken":0,"max_hp_gain":0,"max_hp_loss":0,"event_name":"Masked Bandits","floor":20,"gold_loss":167},{"damage_healed":0,"gold_gain":0,"player_choice":"Opened","damage_taken":0,"relics_obtained":["Torii"],"max_hp_gain":0,"max_hp_loss":0,"event_name":"The Mausoleum","floor":28,"gold_loss":0,"cards_obtained":["Writhe"]}],"is_beta":false,"boss_relics":[{"not_picked":["Lizard Tail","Velvet Choker"],"picked":"Orrery"}],"items_purged_floors":[19],"is_endless":false,"potions_floor_spawned":[1,6,13,16,22],"killed_by":"Sentry and Sphere","ascension_level":18}