{"gold_per_floor":[114,114,39,39,39,72,85,85,134,151,171,171,171,230,230,308,308,327,147,62,74,74],"floor_reached":22,"playtime":420,"items_purged":["Strike_B","Strike_B"],"score":393,"play_id":"ef2d4377-534b-444d-85db-7ccb878bc0b3","local_time":"20190529040750","is_ascension_mode":true,"campfire_choices":[{"data":"Zap","floor":8,"key":"SMITH"},{"data":"Beam Cell","floor":12,"key":"SMITH"},{"data":"Streamline","floor":15,"key":"SMITH"}],"neow_cost":"NONE","seed_source_timestamp":147674247206056,"circlet_count":0,"master_deck":["AscendersBane","Strike_B","Defend_B","Defend_B","Defend_B","Defend_B+1","Zap+1","Dualcast","Streamline+1","Loop+1","Beam Cell+1","Capacitor+1","All For One","Coolheaded+1","Self Repair+1","Melter"],"relics":["Cracked Core","NeowsBlessing","Pantograph","Frozen Egg 2","Bag of Marbles","Cables","Orichalcum","Cursed Key","War Paint"],"potions_floor_usage":[22,22],"damage_taken":[{"damage":0,"enemies":"Jaw Worm","floor":1,"turns":1},{"damage":0,"enemies":"3 Sentries","floor":6,"turns":1},{"damage":0,"enemies":"Small Slimes","floor":7,"turns":1},{"damage":3,"enemies":"2 Louse","floor":10,"turns":2},{"damage":6,"enemies":"Looter","floor":11,"turns":2},{"damage":15,"enemies":"3 Sentries","floor":14,"turns":6},{"damage":18,"enemies":"The Guardian","floor":16,"turns":8},{"damage":27,"enemies":"Chosen","floor":18,"turns":4},{"damage":24,"enemies":"3 Byrds","floor":21,"turns":5},{"damage":20,"enemies":"Shelled Parasite and Fungi","floor":22,"turns":1}],"seed_played":"2238430430696875229","potions_obtained":[{"floor":6,"key":"Swift Potion"},{"floor":7,"key":"Ancient Potion"},{"floor":10,"key":"Dexterity Potion"}],"is_trial":false,"path_per_floor":["M","?","$","?","$","E","M","R","T","M","M","R","T","?","R","B",null,"M","$","?","M","M"],"character_chosen":"DEFECT","items_purchased":["Self Repair+1"],"campfire_rested":0,"item_purchase_floors":[19],"current_hp_per_floor":[64,53,53,46,46,46,46,46,46,43,37,37,37,22,22,29,61,34,34,34,20,0],"gold":74,"neow_bonus":"THREE_ENEMY_KILL","is_prod":false,"is_daily":false,"chose_seed":false,"campfire_upgraded":3,"win_rate":0,"timestamp":1559095670,"path_taken":["M","?","$","?","$","E","M","R","T","M","M","R","?","?","R","BOSS","M","$","?","M","M"],"build_version":"2019-01-23","purchased_purges":2,"victory":false,"max_hp_per_floor":[71,71,71,71,71,71,71,71,71,71,71,71,71,71,71,71,71,71,71,71,71,71],"card_choices":[{"not_picked":["Hologram","Redo"],"picked":"Streamline","floor":1},{"not_picked":["Redo","Double Energy"],"picked":"Loop","floor":6},{"not_picked":["Go for the Eyes","Static Discharge+1"],"picked":"Beam Cell","floor":7},{"not_picked":["White Noise","Hello World+1","Aggregate"],"picked":"SKIP","floor":10},{"not_picked":["Force Field","Turbo","Leap"],"picked":"SKIP","floor":11},{"not_picked":["Double Energy","Cold Snap"],"picked":"Capacitor+1","floor":14},{"not_picked":["Meteor Strike","Fission"],"picked":"All For One","floor":16},{"not_picked":["Doom and Gloom","Darkness"],"picked":"Coolheaded","floor":18},{"not_picked":["Rebound","Ball Lightning"],"picked":"Melter","floor":21}],"player_experience":265786,"relics_obtained":[{"floor":6,"key":"Frozen Egg 2"},{"floor":9,"key":"Bag of Marbles"},{"floor":13,"key":"Cables"},{"floor":14,"key":"Orichalcum"}],"event_choices":[{"damage_healed":0,"gold_gain":0,"player_choice":"Success","damage_taken":11,"relics_obtained":["Pantograph"],"max_hp_gain":0,"max_hp_loss":0,"event_name":"Scrap Ooze","floor":2,"gold_loss":0},{"cards_removed":["Strike_B"],"damage_healed":0,"gold_gain":0,"player_choice":"Card Removal","damage_taken":7,"max_hp_gain":0,"max_hp_loss":0,"event_name":"Golden Wing","floor":4,"gold_loss":0},{"damage_healed":0,"gold_gain":0,"player_choice":"Searched \u00271\u0027 times","damage_taken":0,"max_hp_gain":0,"max_hp_loss":0,"event_name":"Dead Adventurer","floor":14,"gold_loss":0},{"damage_healed":0,"gold_gain":0,"player_choice":"Obtained Relic","damage_taken":0,"relics_obtained":["War Paint"],"max_hp_gain":0,"max_hp_loss":0,"event_name":"Addict","floor":20,"gold_loss":85}],"is_beta":false,"boss_relics":[{"not_picked":["Runic Pyramid","Inserter"],"picked":"Cursed Key"}],"items_purged_floors":[3,19],"is_endless":false,"potions_floor_spawned":[6,7,10,16,21],"killed_by":"Shelled Parasite and Fungi","ascension_level":18}