{"gold_per_floor":[115,130,140,13,13,13,47,47,96,115,150,160,110,124,124,227,227,247,259,7,7,18,18,18],"floor_reached":24,"playtime":525,"items_purged":["Regret","Strike_B","Strike_B"],"score":268,"play_id":"d6c7841a-d51e-4cab-9760-a04a39de766c","local_time":"20190130064303","is_ascension_mode":true,"campfire_choices":[{"data":"Hyperbeam","floor":6,"key":"SMITH"},{"data":"Machine Learning","floor":8,"key":"SMITH"},{"data":"Zap","floor":15,"key":"SMITH"},{"floor":23,"key":"REST"}],"neow_cost":"CURSE","seed_source_timestamp":108599656346571,"circlet_count":0,"master_deck":["Defend_B","Defend_B","Defend_B","Zap+1","Dualcast","Hyperbeam+1","Auto Shields+1","Go for the Eyes","Go for the Eyes","Conserve Battery","Machine Learning+1","BootSequence+1","Electrodynamics","Consume+1","Creative AI+1","Tempest+1","Capacitor","Capacitor"],"relics":["Cracked Core","Ancient Tea Set","Smiling Mask","War Paint","Astrolabe","MealTicket"],"potions_floor_usage":[10,11],"damage_taken":[{"damage":3,"enemies":"Small Slimes","floor":1,"turns":2},{"damage":2,"enemies":"Cultist","floor":2,"turns":3},{"damage":2,"enemies":"Jaw Worm","floor":3,"turns":3},{"damage":3,"enemies":"3 Sentries","floor":7,"turns":3},{"damage":10,"enemies":"Gremlin Gang","floor":10,"turns":3},{"damage":0,"enemies":"Gremlin Nob","floor":11,"turns":2},{"damage":0,"enemies":"Large Slime","floor":12,"turns":3},{"damage":0,"enemies":"Exordium Thugs","floor":14,"turns":2},{"damage":29,"enemies":"Hexaghost","floor":16,"turns":14},{"damage":9,"enemies":"2 Thieves","floor":18,"turns":2},{"damage":22,"enemies":"Spheric Guardian","floor":19,"turns":4},{"damage":12,"enemies":"Centurion and Healer","floor":22,"turns":3},{"damage":58,"enemies":"Book of Stabbing","floor":24,"turns":5}],"seed_played":"6829804176901739171","potions_obtained":[{"floor":1,"key":"FearPotion"},{"floor":7,"key":"GamblersBrew"},{"floor":16,"key":"SpeedPotion"},{"floor":18,"key":"AttackPotion"},{"floor":22,"key":"Poison Potion"}],"is_trial":false,"path_per_floor":["M","M","M","$","?","R","E","R","T","M","E","M","$","M","R","B",null,"M","M","$","?","M","R","E"],"character_chosen":"DEFECT","items_purchased":["Conserve Battery","MealTicket"],"campfire_rested":1,"item_purchase_floors":[4,20],"current_hp_per_floor":[72,70,68,68,68,68,65,65,65,55,55,55,55,55,55,26,75,66,44,44,44,32,54,0],"gold":18,"neow_bonus":"THREE_RARE_CARDS","is_prod":false,"is_daily":false,"chose_seed":false,"campfire_upgraded":3,"win_rate":0,"timestamp":1548826983,"path_taken":["M","M","M","$","?","R","E","R","T","?","E","M","$","M","R","BOSS","M","M","$","?","M","R","E"],"build_version":"2019-01-23","purchased_purges":3,"victory":false,"max_hp_per_floor":[75,75,75,75,75,75,75,75,75,75,75,75,75,75,75,75,75,75,75,75,75,75,75,75],"card_choices":[{"not_picked":["Thunder Strike","Reboot"],"picked":"Hyperbeam","floor":0},{"not_picked":["Stack","Darkness"],"picked":"Auto Shields","floor":1},{"not_picked":["Darkness","Recycle"],"picked":"Go for the Eyes","floor":2},{"not_picked":["Steam","Sunder"],"picked":"Go for the Eyes","floor":3},{"not_picked":["Sweeping Beam","Go for the Eyes"],"picked":"Machine Learning","floor":7},{"not_picked":["Auto Shields","White Noise"],"picked":"BootSequence","floor":10},{"not_picked":["Go for the Eyes","Hello World","Steam"],"picked":"SKIP","floor":11},{"not_picked":["Redo","Barrage","Reprogram"],"picked":"SKIP","floor":12},{"not_picked":["Streamline","Aggregate","Steam"],"picked":"SKIP","floor":14},{"not_picked":["Amplify","Hyperbeam"],"picked":"Electrodynamics","floor":16},{"not_picked":["Sweeping Beam","White Noise"],"picked":"Capacitor","floor":18},{"not_picked":["Beam Cell","Redo","Coolheaded"],"picked":"SKIP","floor":19},{"not_picked":["Beam Cell","Static Discharge"],"picked":"Capacitor","floor":22}],"player_experience":38556,"relics_obtained":[{"floor":7,"key":"Ancient Tea Set"},{"floor":9,"key":"Smiling Mask"},{"floor":11,"key":"War Paint"}],"event_choices":[{"damage_healed":0,"gold_gain":0,"player_choice":"0 cards matched","damage_taken":0,"max_hp_gain":0,"max_hp_loss":0,"event_name":"Match and Keep!","floor":5,"gold_loss":0,"cards_obtained":[]},{"damage_healed":0,"gold_gain":0,"player_choice":"Ignored","damage_taken":0,"max_hp_gain":0,"max_hp_loss":0,"event_name":"N\u0027loth","floor":21,"gold_loss":0}],"is_beta":false,"boss_relics":[{"not_picked":["Lizard Tail","Coffee Dripper"],"picked":"Astrolabe"}],"items_purged_floors":[4,13,20],"is_endless":false,"potions_floor_spawned":[1,7,16,18,22],"killed_by":"Book of Stabbing","ascension_level":3}