{"gold_per_floor":[115,5,5,5,5,5,15,15,39,64,83,83,100,28,28,127,127,146,46,34,34,34,34,34],"floor_reached":24,"playtime":545,"items_purged":["Strike_B","Strike_B"],"score":192,"play_id":"bdd44bd6-a4ca-4bd4-9d65-910e0b998612","local_time":"20190201101616","is_ascension_mode":false,"campfire_choices":[{"data":"Zap","floor":6.0,"key":"SMITH"},{"data":"Go for the Eyes","floor":8.0,"key":"SMITH"},{"data":"Self Repair","floor":15,"key":"SMITH"},{"data":"Buffer","floor":23,"key":"SMITH"}],"neow_cost":"NONE","seed_source_timestamp":294171394865627,"circlet_count":0,"master_deck":["Defend_B","Defend_B","Defend_B","Defend_B","Zap+1","Dualcast","Go for the Eyes+1","Self Repair+1","Thunder Strike","Gash","Gash","Self Repair+1","Buffer+1"],"special_seed":0,"relics":["Coffee Dripper"],"potions_floor_usage":[13,16,20,24,24],"damage_taken":[{"damage":0.0,"enemies":"Small Slimes","floor":1.0,"turns":3.0},{"damage":5.0,"enemies":"2 Louse","floor":7.0,"turns":3.0},{"damage":49.0,"enemies":"Gremlin Nob","floor":10.0,"turns":6.0},{"damage":4,"enemies":"Cultist","floor":11,"turns":4},{"damage":11,"enemies":"Exordium Thugs","floor":13,"turns":5},{"damage":25,"enemies":"The Guardian","floor":16,"turns":12},{"damage":25,"enemies":"Chosen","floor":18,"turns":7},{"damage":17,"enemies":"2 Thieves","floor":20,"turns":4},{"damage":88,"enemies":"Cultist and Chosen","floor":24,"turns":8}],"seed_played":"-7001746679604761740","potions_obtained":[{"floor":10,"key":"Strength Potion"},{"floor":11,"key":"Block Potion"},{"floor":13,"key":"Block Potion"},{"floor":16,"key":"Fire Potion"},{"floor":18,"key":"SteroidPotion"}],"is_trial":false,"path_per_floor":["M","$","?","?","?","R","M","R","T","E","M","T","M","$","R","B",null,"M","$","M","?","?","R","M"],"character_chosen":"DEFECT","items_purchased":["Self Repair","Self Repair"],"campfire_rested":0,"item_purchase_floors":[2,14],"current_hp_per_floor":[75,75,75,75,75,75,75,75,75,36,42,42,41,41,41,36,75,70,70,73,73,73,73,0],"gold":34,"neow_bonus":"BOSS_RELIC","is_prod":false,"is_daily":false,"chose_seed":false,"campfire_upgraded":4,"win_rate":0,"timestamp":1549012576,"path_taken":["M","$","?","?","?","R","M","R","T","E","?","?","M","?","R","BOSS","M","$","M","?","?","R","M"],"build_version":"2019-01-23","purchased_purges":2,"victory":false,"max_hp_per_floor":[75,75,75,75,75,75,75,75,75,75,75,75,75,75,75,75,75,75,75,75,75,75,75,75],"card_choices":[{"not_picked":["Rip and Tear","Rebound"],"picked":"Go for the Eyes","floor":1.0},{"not_picked":["Hologram","Compile Driver","White Noise"],"picked":"SKIP","floor":7.0},{"not_picked":["Chill","Core Surge"],"picked":"Gash","floor":10},{"not_picked":["Leap","White Noise"],"picked":"Gash","floor":11},{"not_picked":["Chaos","Genetic Algorithm","Hologram"],"picked":"SKIP","floor":13},{"not_picked":["Fission","Electrodynamics"],"picked":"Buffer","floor":16},{"not_picked":["Rip and Tear","Aggregate+1","Beam Cell"],"picked":"SKIP","floor":18},{"not_picked":["Tempest+1","Heatsinks","Sweeping Beam"],"picked":"SKIP","floor":20}],"player_experience":51089,"relics_obtained":[],"event_choices":[{"damage_healed":0.0,"max_hp_gain":0.0,"max_hp_loss":0.0,"gold_gain":0.0,"event_name":"Living Wall","player_choice":"Grow","floor":3.0,"gold_loss":0.0,"damage_taken":0.0,"cards_upgraded":["Self Repair"]},{"damage_healed":0.0,"max_hp_gain":0.0,"max_hp_loss":0.0,"gold_gain":0.0,"event_name":"Golden Idol","player_choice":"Ignored","floor":4.0,"gold_loss":0.0,"damage_taken":0.0},{"damage_healed":0.0,"max_hp_gain":0.0,"max_hp_loss":0.0,"gold_gain":0.0,"cards_transformed":["Strike_B"],"event_name":"Transmorgrifier","player_choice":"Transformed","floor":5.0,"gold_loss":0.0,"damage_taken":0.0,"cards_obtained":["Thunder Strike"]},{"damage_healed":0,"gold_gain":0,"player_choice":"Ignored","damage_taken":0,"max_hp_gain":0,"max_hp_loss":0,"event_name":"Ghosts","floor":21,"gold_loss":0},{"cards_removed":["Strike_B"],"damage_healed":0,"gold_gain":0,"player_choice":"Offered Basic","damage_taken":0,"max_hp_gain":0,"max_hp_loss":0,"event_name":"Bonfire Elementals","floor":22,"gold_loss":0}],"is_beta":false,"boss_relics":[{"not_picked":["Runic Dome","Inserter","Velvet Choker"]}],"items_purged_floors":[2,19],"is_endless":false,"potions_floor_spawned":[10,11,13,16,18],"killed_by":"Cultist and Chosen","ascension_level":0}