{"gold_per_floor":[216,216,216,366,291,291,621,621,621,640,660,457,394,39,39,39],"floor_reached":16,"playtime":338,"items_purged":["Strike_R","Strike_R"],"score":168,"play_id":"f149bc89-122c-4ad7-abee-62961a108991","local_time":"20190529010741","is_ascension_mode":true,"campfire_choices":[{"data":"Body Slam","floor":6,"key":"SMITH"},{"data":"Body Slam","floor":8,"key":"SMITH"},{"data":"Uppercut","floor":15,"key":"SMITH"}],"neow_cost":"NONE","seed_source_timestamp":136952019283399,"circlet_count":0,"master_deck":["AscendersBane","Strike_R","Defend_R","Defend_R","Defend_R","Defend_R","Bash","Body Slam+1","Body Slam+1","Uppercut+1","Ghostly Armor","Iron Wave"],"relics":["Burning Blood","Old Coin","Bag of Marbles","Meat on the Bone"],"potions_floor_usage":[7],"damage_taken":[{"damage":5,"enemies":"2 Louse","floor":1,"turns":4},{"damage":37,"enemies":"3 Sentries","floor":7,"turns":12},{"damage":2,"enemies":"Jaw Worm","floor":10,"turns":3},{"damage":12,"enemies":"Small Slimes","floor":11,"turns":4},{"damage":34,"enemies":"Hexaghost","floor":16,"turns":10}],"seed_played":"-5765287216374570733","potions_obtained":[{"floor":1,"key":"SkillPotion"}],"is_trial":false,"path_per_floor":["M","?","?","?","?","R","E","R","T","M","M","$","?","$","R","B"],"character_chosen":"IRONCLAD","items_purchased":["Ghostly Armor","Iron Wave","Meat on the Bone"],"campfire_rested":0,"item_purchase_floors":[12,12,14],"current_hp_per_floor":[69,69,62,62,62,62,31,31,31,35,29,29,29,29,29,0],"gold":39,"neow_bonus":"HUNDRED_GOLD","is_prod":false,"is_daily":false,"chose_seed":false,"campfire_upgraded":3,"win_rate":0,"timestamp":1559084861,"path_taken":["M","?","?","?","?","R","E","R","T","M","M","$","?","$","R","BOSS"],"build_version":"2019-01-23","purchased_purges":2,"victory":false,"max_hp_per_floor":[75,75,75,75,75,75,75,75,75,75,75,75,75,75,75,75],"card_choices":[{"not_picked":["Rupture","Twin Strike"],"picked":"Body Slam","floor":1},{"not_picked":["Clash","Anger"],"picked":"Body Slam","floor":7},{"not_picked":["Whirlwind","Clash"],"picked":"Uppercut","floor":10},{"not_picked":["Anger","Headbutt","Sentinel"],"picked":"SKIP","floor":11}],"player_experience":264621,"relics_obtained":[{"floor":7,"key":"Old Coin"},{"floor":9,"key":"Bag of Marbles"}],"event_choices":[{"cards_removed":["Strike_R"],"damage_healed":0,"gold_gain":0,"player_choice":"Forget","damage_taken":0,"max_hp_gain":0,"max_hp_loss":0,"event_name":"Living Wall","floor":2,"gold_loss":0},{"cards_removed":["Strike_R"],"damage_healed":0,"gold_gain":0,"player_choice":"Card Removal","damage_taken":7,"max_hp_gain":0,"max_hp_loss":0,"event_name":"Golden Wing","floor":3,"gold_loss":0},{"damage_healed":0,"gold_gain":150,"player_choice":"AGREE","damage_taken":0,"max_hp_gain":0,"max_hp_loss":0,"event_name":"Liars Game","floor":4,"gold_loss":0,"cards_obtained":["Doubt"]},{"cards_removed":["Doubt"],"damage_healed":0,"gold_gain":0,"player_choice":"Card Removal","damage_taken":0,"max_hp_gain":0,"max_hp_loss":0,"event_name":"The Cleric","floor":5,"gold_loss":75},{"damage_healed":0,"gold_gain":0,"player_choice":"Left Gold","damage_taken":0,"max_hp_gain":0,"max_hp_loss":0,"event_name":"World of Goop","floor":13,"gold_loss":63}],"is_beta":false,"boss_relics":[],"items_purged_floors":[12,14],"is_endless":false,"potions_floor_spawned":[1],"killed_by":"Hexaghost","ascension_level":15}