{"gold_per_floor":[112,112,112,130,230,230,249,259,259,259,279,293,21,96,96,192,192,211,191,206,226,246,246,264,264,264,293,293,311,331,331,331,427,427,445,445,465,465,9,9,9,9,9,19,29,29],"floor_reached":46,"playtime":1298,"items_purged":["Strike_B","Strike_B"],"score":459,"play_id":"b7b69c23-89c3-4125-9200-2c3cb2f165db","local_time":"20190124064605","is_ascension_mode":false,"campfire_choices":[{"data":"Loop","floor":6,"key":"SMITH"},{"data":"Zap","floor":10,"key":"SMITH"},{"data":"Coolheaded","floor":15,"key":"SMITH"},{"floor":23,"key":"REST"},{"data":"Coolheaded","floor":25,"key":"SMITH"},{"floor":28,"key":"REST"},{"data":"Blizzard","floor":32,"key":"SMITH"},{"data":"Blind","floor":40,"key":"SMITH"},{"data":"Dualcast","floor":42,"key":"SMITH"}],"neow_cost":"NONE","seed_source_timestamp":730598072123406,"circlet_count":0,"master_deck":["Strike_B+1","Defend_B","Defend_B","Defend_B+1","Defend_B","Zap+1","Dualcast+1","Gash","Loop+1","Self Repair","Coolheaded+1","Electrodynamics","Gash","Cold Snap","Blizzard+1","Gash","Gash+1","Blind+1","Writhe","Cold Snap"],"relics":["Cracked Core","Potion Belt","Bronze Scales","Cursed Key","Sundial","Pantograph","Runic Pyramid","Strawberry","Happy Flower","Question Card"],"potions_floor_usage":[18,21,22,27,33,37,44,45],"damage_taken":[{"damage":9,"enemies":"Jaw Worm","floor":1,"turns":4},{"damage":0,"enemies":"Cultist","floor":4,"turns":3},{"damage":3,"enemies":"2 Louse","floor":7,"turns":3},{"damage":0,"enemies":"Blue Slaver","floor":8,"turns":4},{"damage":13,"enemies":"Lots of Slimes","floor":11,"turns":4},{"damage":0,"enemies":"Looter","floor":12,"turns":3},{"damage":29,"enemies":"Slime Boss","floor":16,"turns":15},{"damage":6,"enemies":"2 Thieves","floor":18,"turns":3},{"damage":0,"enemies":"Shell Parasite","floor":20,"turns":5},{"damage":25,"enemies":"Snecko","floor":21,"turns":6},{"damage":41,"enemies":"Shelled Parasite and Fungi","floor":22,"turns":6},{"damage":14,"enemies":"Sentry and Sphere","floor":24,"turns":4},{"damage":24,"enemies":"Book of Stabbing","floor":27,"turns":6},{"damage":5,"enemies":"Centurion and Healer","floor":29,"turns":6},{"damage":9,"enemies":"Shelled Parasite and Fungi","floor":30,"turns":5},{"damage":74,"enemies":"Collector","floor":33,"turns":11},{"damage":18,"enemies":"3 Shapes","floor":35,"turns":5},{"damage":2,"enemies":"Orb Walker","floor":37,"turns":4},{"damage":20,"enemies":"4 Shapes","floor":44,"turns":2},{"damage":34,"enemies":"Spire Growth","floor":45,"turns":6},{"damage":34,"enemies":"Nemesis","floor":46,"turns":2}],"seed_played":"-4940056435552792676","potions_obtained":[{"floor":1,"key":"Strength Potion"},{"floor":4,"key":"SteroidPotion"},{"floor":8,"key":"Energy Potion"},{"floor":11,"key":"Weak Potion"},{"floor":18,"key":"SpeedPotion"},{"floor":19,"key":"Dexterity Potion"},{"floor":21,"key":"Energy Potion"},{"floor":22,"key":"FearPotion"},{"floor":29,"key":"FairyPotion"},{"floor":35,"key":"Swift Potion"},{"floor":37,"key":"GamblersBrew"}],"is_trial":false,"path_per_floor":["M","?","?","M","?","R","M","M","T","R","M","M","$","?","R","B",null,"M","?","M","M","M","R","M","R","T","E","R","M","M","?","R","B",null,"M","?","M","?","$","R","?","R","T","M","M","E"],"character_chosen":"DEFECT","items_purchased":["Coolheaded","Bronze Scales","Strawberry","Happy Flower","Block Potion"],"campfire_rested":2,"item_purchase_floors":[13,13,39,39,39],"current_hp_per_floor":[73,66,50,50,50,50,47,54,54,54,48,55,55,44,44,22,82,82,82,82,57,23,47,40,40,40,23,47,49,47,47,47,15,82,71,71,76,71,78,78,78,78,78,58,31,0],"gold":29,"neow_bonus":"TEN_PERCENT_HP_BONUS","is_prod":false,"is_daily":false,"chose_seed":false,"campfire_upgraded":7,"win_rate":0.0,"timestamp":1548308765,"path_taken":["M","?","?","M","?","R","M","M","T","R","?","M","?","?","R","BOSS","M","?","?","M","M","R","M","R","T","E","R","M","M","?","R","BOSS","M","?","M","?","$","R","?","R","T","M","?","E"],"build_version":"2019-01-23","purchased_purges":2,"victory":false,"max_hp_per_floor":[82,82,82,82,82,82,82,82,82,82,82,82,82,82,82,82,82,82,82,82,82,82,82,82,82,82,82,82,82,82,82,82,82,82,82,82,82,82,89,89,86,86,86,86,86,86],"card_choices":[{"not_picked":["Capacitor","Doom and Gloom"],"picked":"Gash","floor":1},{"not_picked":["Darkness","Ball Lightning"],"picked":"Loop","floor":4},{"not_picked":["Redo","Leap"],"picked":"Self Repair","floor":7},{"not_picked":["Reprogram","Force Field","White Noise"],"picked":"SKIP","floor":8},{"not_picked":["Redo","Loop"],"picked":"Coolheaded","floor":11},{"not_picked":["Heatsinks","Beam Cell","Stack"],"picked":"SKIP","floor":12},{"not_picked":["Thunder Strike","Rainbow"],"picked":"Electrodynamics","floor":16},{"not_picked":["Sweeping Beam","Leap","Barrage+1"],"picked":"SKIP","floor":18},{"not_picked":["Hello World+1","Cold Snap+1"],"picked":"Gash","floor":20},{"not_picked":["Chaos+1","Barrage","Darkness"],"picked":"SKIP","floor":21},{"not_picked":["Aggregate+1","Barrage"],"picked":"Cold Snap","floor":22},{"not_picked":["Redo+1","Tempest","Coolheaded"],"picked":"SKIP","floor":24},{"not_picked":["Consume+1","Rainbow"],"picked":"Blizzard","floor":27},{"not_picked":["Reinforced Body+1","Cold Snap"],"picked":"Gash","floor":29},{"not_picked":["Tempest+1","Cold Snap+1","Go for the Eyes"],"picked":"SKIP","floor":30},{"not_picked":["Hologram","Barrage+1","Redo+1"],"picked":"SKIP","floor":35},{"not_picked":["Auto Shields","Self Repair"],"picked":"Gash+1","floor":37},{"not_picked":["Impatience","Madness"],"picked":"Blind","floor":38},{"not_picked":["Conserve Battery","Gash","Rip and Tear"],"picked":"Cold Snap","floor":44},{"not_picked":["Stack","Rip and Tear","Leap+1","Streamline"],"picked":"SKIP","floor":45}],"player_experience":3247,"relics_obtained":[{"floor":9,"key":"Potion Belt"},{"floor":26,"key":"Sundial"},{"floor":27,"key":"Pantograph"},{"floor":43,"key":"Question Card"}],"event_choices":[{"cards_removed":["Strike_B"],"damage_healed":0,"gold_gain":0,"player_choice":"Card Removal","damage_taken":7,"max_hp_gain":0,"max_hp_loss":0,"event_name":"Golden Wing","floor":2,"gold_loss":0},{"damage_healed":0,"gold_gain":0,"player_choice":"Entered Light","damage_taken":16,"max_hp_gain":0,"max_hp_loss":0,"event_name":"Shining Light","floor":3,"gold_loss":0,"cards_upgraded":["Strike_B","Defend_B"]},{"damage_healed":0,"gold_gain":100,"player_choice":"Pray","damage_taken":0,"max_hp_gain":0,"max_hp_loss":0,"event_name":"Golden Shrine","floor":5,"gold_loss":0},{"damage_healed":0,"gold_gain":75,"player_choice":"Gather Gold","damage_taken":11,"max_hp_gain":0,"max_hp_loss":0,"event_name":"World of Goop","floor":14,"gold_loss":0},{"damage_healed":0,"gold_gain":0,"player_choice":"Bought 1 Potion","damage_taken":0,"max_hp_gain":0,"max_hp_loss":0,"event_name":"The Woman in Blue","floor":19,"gold_loss":0},{"damage_healed":0,"gold_gain":0,"player_choice":"Ignored","damage_taken":0,"max_hp_gain":0,"max_hp_loss":0,"event_name":"Ghosts","floor":31,"gold_loss":0},{"cards_removed":["Coolheaded"],"damage_healed":0,"gold_gain":0,"player_choice":"Removed Skill","damage_taken":0,"max_hp_gain":0,"max_hp_loss":0,"event_name":"Falling","floor":36,"gold_loss":0},{"damage_healed":0,"gold_gain":0,"player_choice":"Memory 2","damage_taken":5,"max_hp_gain":0,"max_hp_loss":0,"event_name":"SensoryStone","floor":38,"gold_loss":0},{"cards_removed":["Parasite"],"damage_healed":0,"gold_gain":0,"player_choice":"Purged","damage_taken":0,"max_hp_gain":0,"max_hp_loss":0,"event_name":"Purifier","floor":41,"gold_loss":0}],"is_beta":false,"boss_relics":[{"not_picked":["White Beast Statue","Tiny House"],"picked":"Cursed Key"},{"not_picked":["Lizard Tail","Nuclear Battery"],"picked":"Runic Pyramid"}],"items_purged_floors":[13,39],"is_endless":false,"potions_floor_spawned":[1,4,8,11,18,21,22,29,35,37],"killed_by":"Nemesis","ascension_level":0}