{"gold_per_floor":[111,386,402,144,155,189,55,84,110,110,30,47,58,76,76,181,181,195,245,264,84,84],"floor_reached":22,"playtime":875,"items_purged":["Regret","Strike_G"],"score":284,"play_id":"2115935e-092c-4de7-af74-c3ef28625677","local_time":"20190402222300","is_ascension_mode":true,"campfire_choices":[{"floor":10.0,"key":"REST"},{"data":"Bouncing Flask","floor":15.0,"key":"SMITH"}],"neow_cost":"NONE","seed_source_timestamp":33033457185743,"circlet_count":0,"master_deck":["Defend_G","Defend_G","Defend_G","Defend_G","Defend_G","Strike_G","Strike_G","Strike_G+1","Strike_G+1","Survivor","Neutralize","Venomology","Flying Knee","Infinite Blades","Leg Sweep","Poisoned Stab","Blur","Infinite Blades","Dodge and Roll","Footwork","Finisher","Bouncing Flask+1","Backstab","Envenom","Blur","Infinite Blades","Flash of Steel","Bane"],"special_seed":0,"relics":["Ring of the Snake","Lantern","Whetstone","Vajra","Orichalcum","Eternal Feather"],"potions_floor_usage":[20,20],"damage_taken":[{"damage":2.0,"enemies":"Small Slimes","floor":1.0,"turns":6.0},{"damage":8.0,"enemies":"Cultist","floor":3.0,"turns":5.0},{"damage":7.0,"enemies":"Jaw Worm","floor":5.0,"turns":4.0},{"damage":28.0,"enemies":"Gremlin Nob","floor":6.0,"turns":5.0},{"damage":15.0,"enemies":"3 Sentries","floor":8.0,"turns":9.0},{"damage":0.0,"enemies":"Lots of Slimes","floor":12.0,"turns":6.0},{"damage":0.0,"enemies":"3 Louse","floor":13.0,"turns":5.0},{"damage":0.0,"enemies":"Large Slime","floor":14.0,"turns":10.0},{"damage":14.0,"enemies":"The Guardian","floor":16.0,"turns":9.0},{"damage":23.0,"enemies":"Chosen","floor":18.0,"turns":5.0},{"damage":19,"enemies":"2 Thieves","floor":20,"turns":4},{"damage":19,"enemies":"Cultist and Chosen","floor":22,"turns":6}],"seed_played":"2241481844488660447","potions_obtained":[{"floor":1.0,"key":"Ancient Potion"},{"floor":12.0,"key":"Fire Potion"},{"floor":16.0,"key":"Energy Potion"}],"is_trial":false,"path_per_floor":["M","?","M","$","M","E","$","E","T","R","$","M","M","M","R","B",null,"M","?","M","$","M"],"character_chosen":"THE_SILENT","items_purchased":["Lantern","Leg Sweep","Infinite Blades","Footwork","Infinite Blades","Flash of Steel","Bane"],"campfire_rested":1,"item_purchase_floors":[4,4,7,11,21,21,21],"current_hp_per_floor":[61,61,53,53,46,18,18,3,3,24,24,24,24,39,39,25,59,36,36,17,17,0],"gold":84,"neow_bonus":"ONE_RANDOM_RARE_CARD","is_prod":false,"is_daily":false,"chose_seed":false,"campfire_upgraded":1,"win_rate":0,"timestamp":1554236580,"path_taken":["M","?","M","$","?","E","$","E","T","R","?","M","M","M","R","BOSS","M","?","?","?","M"],"build_version":"2019-01-23","purchased_purges":2,"victory":false,"max_hp_per_floor":[70,70,70,70,70,70,70,70,70,70,70,70,70,70,70,70,70,70,70,70,70,70],"card_choices":[{"not_picked":["Bane","Endless Agony"],"picked":"Flying Knee","floor":1.0},{"not_picked":["Sucker Punch","Flying Knee"],"picked":"Infinite Blades","floor":3.0},{"not_picked":["Sucker Punch","Crippling Poison"],"picked":"Poisoned Stab","floor":5.0},{"not_picked":["Predator","Poisoned Stab"],"picked":"Blur","floor":6.0},{"not_picked":["Prepared","Wraith Form v2"],"picked":"Dodge and Roll","floor":8.0},{"not_picked":["Underhanded Strike","Predator"],"picked":"Finisher","floor":12.0},{"not_picked":["Well Laid Plans","Skewer"],"picked":"Bouncing Flask","floor":13.0},{"not_picked":["Dash","Quick Slash"],"picked":"Backstab","floor":14.0},{"not_picked":["Glass Knife","After Image"],"picked":"Envenom","floor":16.0},{"not_picked":["Outmaneuver","Distraction"],"picked":"Blur","floor":18.0},{"not_picked":["Expertise","Prepared","Choke"],"picked":"SKIP","floor":20}],"player_experience":133957,"relics_obtained":[{"floor":6.0,"key":"Whetstone"},{"floor":8.0,"key":"Vajra"},{"floor":9.0,"key":"Orichalcum"}],"event_choices":[{"damage_healed":0.0,"max_hp_gain":0.0,"max_hp_loss":0.0,"gold_gain":275.0,"event_name":"Golden Shrine","player_choice":"Desecrate","floor":2.0,"gold_loss":0.0,"damage_taken":0.0,"cards_obtained":["Regret"]},{"damage_healed":0,"gold_gain":100,"player_choice":"Bet on Murderer","damage_taken":0,"max_hp_gain":0,"max_hp_loss":0,"event_name":"The Joust","floor":19,"gold_loss":50}],"is_beta":false,"boss_relics":[{"not_picked":["WristBlade","HoveringKite"],"picked":"Eternal Feather"}],"items_purged_floors":[4,7],"is_endless":false,"potions_floor_spawned":[1,12,16],"killed_by":"Cultist and Chosen","ascension_level":9}