{"gold_per_floor":[113,113,113,130,38,70,70,98,98,98,129,141,141,91,91,191,191,202,9,9,29,42,69,69,96,119,151,7,7,37,237,237,340,340,352,45,64,78,78,104,122,122,122,122,138,163,176,208,208,208],"floor_reached":50,"playtime":11389,"items_purged":["Strike_B"],"score":1011,"play_id":"a50d6d85-0949-428e-bac2-74f7ab2ccb16","local_time":"20180718110128","is_ascension_mode":true,"campfire_choices":[{"data":"Scrape","floor":7.0,"key":"SMITH"},{"floor":10.0,"key":"REST"},{"data":"Hologram","floor":15.0,"key":"SMITH"},{"data":"Buffer","floor":24,"key":"SMITH"},{"floor":29,"key":"REST"},{"floor":32,"key":"REST"},{"data":"Go for the Eyes","floor":42,"key":"SMITH"},{"data":"Capacitor","floor":44,"key":"SMITH"},{"data":"Seek","floor":49,"key":"SMITH"}],"neow_cost":"NONE","seed_source_timestamp":0,"circlet_count":0,"master_deck":["Defend_B","Defend_B","Defend_B+1","Zap+1","Dualcast","AscendersBane","Core Surge","Doom and Gloom","Gash","Self Repair","Hologram+1","Scrape+1","Compile Driver","Beam Cell+1","Buffer+1","Go for the Eyes+1","Auto Shields+1","Core Surge","Reinforced Body+1","Reboot","Stack+1","Steam","Redo","Seek+1","Gash+1","All For One+1","BootSequence","Conserve Battery","Apotheosis","Steam","Capacitor+1","Storm+1","Glacier"],"special_seed":0,"relics":["Cracked Core","Ancient Tea Set","Art of War","Matryoshka","Gremlin Horn","Sozu","Bag of Preparation","Kunai","Molten Egg 2","Oddly Smooth Stone","War Paint","Shuriken","Philosopher\u0027s Stone","Bronze Scales","Lantern","Bottled Flame","Meat on the Bone","Darkstone Periapt"],"potions_floor_usage":[22],"damage_taken":[{"damage":0.0,"enemies":"Jaw Worm","floor":1.0,"turns":3.0},{"damage":0.0,"enemies":"Cultist","floor":4.0,"turns":4.0},{"damage":24.0,"enemies":"Gremlin Nob","floor":6.0,"turns":4.0},{"damage":47.0,"enemies":"Lagavulin","floor":8.0,"turns":6.0},{"damage":18.0,"enemies":"3 Sentries","floor":11.0,"turns":6.0},{"damage":3.0,"enemies":"2 Louse","floor":12.0,"turns":2.0},{"damage":2.0,"enemies":"Hexaghost","floor":16.0,"turns":6.0},{"damage":19.0,"enemies":"3 Byrds","floor":18.0,"turns":3.0},{"damage":11,"enemies":"Spheric Guardian","floor":21,"turns":4},{"damage":0,"enemies":"Cultist and Chosen","floor":22,"turns":5},{"damage":27,"enemies":"Gremlin Leader","floor":23,"turns":9},{"damage":20,"enemies":"Book of Stabbing","floor":25,"turns":6},{"damage":14,"enemies":"Gremlin Leader","floor":27,"turns":7},{"damage":19,"enemies":"Slavers","floor":30,"turns":5},{"damage":0,"enemies":"Automaton","floor":33,"turns":11},{"damage":0,"enemies":"3 Shapes","floor":35,"turns":4},{"damage":0,"enemies":"Orb Walker","floor":37,"turns":2},{"damage":0,"enemies":"Maw","floor":38,"turns":7},{"damage":4,"enemies":"Giant Head","floor":40,"turns":8},{"damage":0,"enemies":"Spire Growth","floor":41,"turns":5},{"damage":0,"enemies":"Flame Bruiser 2 Orb","floor":45,"turns":4},{"damage":9,"enemies":"Nemesis","floor":46,"turns":7},{"damage":17,"enemies":"4 Shapes","floor":47,"turns":7},{"damage":27,"enemies":"2 Orb Walkers","floor":48,"turns":6},{"damage":63,"enemies":"Time Eater","floor":50,"turns":11}],"seed_played":"7563092834781813768","potions_obtained":[{"floor":1.0,"key":"FocusPotion"},{"floor":12.0,"key":"Fire Potion"},{"floor":16.0,"key":"Swift Potion"}],"is_trial":false,"path_per_floor":["M","?","?","M","$","E","R","E","T","R","E","M","?","?","R","B",null,"M","$","?","M","M","E","R","E","T","E","$","R","E","?","R","B",null,"M","$","M","M","?","E","M","R","T","R","M","E","M","E","R"],"character_chosen":"DEFECT","items_purchased":["Self Repair","Hologram","Go for the Eyes","Auto Shields","Seek","Conserve Battery","Apotheosis","Steam"],"campfire_rested":3,"item_purchase_floors":[5,5,19,19,28,36,36,36],"current_hp_per_floor":[68,68,68,68,68,51,51,11,11,33,22,26,11,11,11,16,60,48,48,48,44,51,31,31,18,18,11,11,33,21,21,43,50,69,69,69,75,75,75,75,75,75,75,75,75,75,58,53,53,0],"gold":208,"neow_bonus":"ONE_RANDOM_RARE_CARD","is_prod":false,"is_daily":false,"chose_seed":false,"campfire_upgraded":6,"win_rate":0,"timestamp":1531904488,"path_taken":["M","?","?","?","$","E","R","E","T","R","E","M","?","?","R","BOSS","M","$","?","M","M","E","R","E","T","E","$","R","E","?","R","BOSS","M","$","M","?","?","E","M","R","T","R","M","E","M","E","R","BOSS"],"build_version":"2018-07-12","purchased_purges":1,"victory":false,"max_hp_per_floor":[75,75,75,75,75,75,75,75,75,75,75,75,75,75,75,75,75,75,75,75,75,75,75,75,75,75,75,75,75,75,75,75,75,75,75,75,75,75,75,75,75,75,75,75,75,75,75,75,75,75],"card_choices":[{"not_picked":["Hologram","Cold Snap"],"picked":"Doom and Gloom","floor":1.0},{"not_picked":["Ball Lightning","Compile Driver"],"picked":"Gash","floor":4.0},{"not_picked":["Chaos","Double Energy"],"picked":"Scrape","floor":6.0},{"not_picked":["Steam Power","Ball Lightning"],"picked":"Compile Driver","floor":11.0},{"not_picked":["Streamline","Reinforced Body"],"picked":"Beam Cell","floor":12.0},{"not_picked":["Amplify","Seek"],"picked":"Buffer","floor":16.0},{"not_picked":["Chaos+1","Barrage+1"],"picked":"Reinforced Body+1","floor":21},{"not_picked":["Chaos","Steam"],"picked":"Reboot","floor":22},{"not_picked":["Static Discharge","Self Repair"],"picked":"Stack+1","floor":23},{"not_picked":["Capacitor","Skim"],"picked":"Steam","floor":25},{"not_picked":["Aggregate+1","Turbo+1"],"picked":"Redo","floor":27},{"not_picked":["Hologram","White Noise"],"picked":"Gash+1","floor":30},{"not_picked":["Biased Cognition","Multi-Cast"],"picked":"All For One+1","floor":33},{"not_picked":["Rebound+1","Ball Lightning+1"],"picked":"BootSequence","floor":35},{"not_picked":["Ball Lightning+1","Barrage+1"],"picked":"Storm+1","floor":40},{"not_picked":["Double Energy","Gash+1"],"picked":"Glacier","floor":45}],"player_experience":857106,"relics_obtained":[{"floor":6.0,"key":"Ancient Tea Set"},{"floor":8.0,"key":"Art of War"},{"floor":9.0,"key":"Matryoshka"},{"floor":11.0,"key":"Gremlin Horn"},{"floor":23,"key":"Bag of Preparation"},{"floor":25,"key":"Kunai"},{"floor":26,"key":"Molten Egg 2"},{"floor":26,"key":"Oddly Smooth Stone"},{"floor":27,"key":"War Paint"},{"floor":30,"key":"Shuriken"},{"floor":40,"key":"Bronze Scales"},{"floor":43,"key":"Lantern"},{"floor":43,"key":"Bottled Flame"},{"floor":46,"key":"Meat on the Bone"},{"floor":48,"key":"Darkstone Periapt"}],"event_choices":[{"event_name":"Bonfire Elementals","player_choice":"BASIC","floor":2.0,"damage_taken":0.0},{"event_name":"Upgrade Shrine","player_choice":"Upgraded","floor":3.0,"damage_taken":0.0},{"event_name":"Shining Light","player_choice":"Entered Light","floor":13.0,"damage_taken":0.0},{"event_name":"The Cleric","player_choice":"Card Removal","floor":14.0,"damage_taken":0.0},{"event_name":"Transmorgrifier","player_choice":"Transform","floor":20,"damage_taken":0},{"event_name":"Wheel of Change","player_choice":"Gold","floor":31,"damage_taken":0},{"event_name":"Transmorgrifier","player_choice":"Transform","floor":39,"damage_taken":0}],"boss_relics":[{"not_picked":["Tiny House","Black Star"],"picked":"Sozu"},{"not_picked":["Astrolabe","Orrery"],"picked":"Philosopher\u0027s Stone"}],"items_purged_floors":[19],"is_endless":false,"potions_floor_spawned":[1,12,16,21,22,27,37,41,45,46],"killed_by":"Time Eater","ascension_level":10}