{"gold_per_floor":[119,119,119,139,154,198,213,238,262,187,205,155,155,175,175,305,305,324,31,31,31,156,199,179,212,212,236,260,260,291,316,316,440,503,516,641,641,660,675,696,1029,1061,1136,1152,694,694,644,660,660,660,660,660,37,69,69],"floor_reached":55,"playtime":9498,"items_purged":["Strike_R","Strike_R","Parasite","Strike_R"],"score":834,"play_id":"2d6e72c4-302e-405d-98fe-edbe08f8534d","local_time":"20190104134003","is_ascension_mode":false,"campfire_choices":[{"floor":13.0,"key":"REST"},{"floor":15.0,"key":"RECALL"},{"floor":29,"key":"REST"},{"data":"Feed","floor":32,"key":"SMITH"},{"floor":49,"key":"REST"},{"data":"Apotheosis","floor":52,"key":"SMITH"}],"neow_cost":"PERCENT_DAMAGE","seed_source_timestamp":0,"circlet_count":0,"master_deck":["Defend_R+1","Defend_R+1","Bash+1","Clash","Cleave","Disarm","Inflame","Flame Barrier+1","Ghostly Armor","Feed+1","Intimidate","Spot Weakness","Heavy Blade+1","Seeing Red+1","Demon Form+1","Twin Strike+1","Entrench+1","Pummel","Shockwave","Shrug It Off+1","Barricade","Apotheosis+1","Juggernaut"],"special_seed":0,"relics":["Burning Blood","Boot","Velvet Choker","ClockworkSouvenir","MutagenicStrength","Nunchaku","Paper Frog","Bag of Marbles","Smiling Mask","Whetstone","War Paint","Blood Vial","Tiny House","FossilizedHelix","Du-Vu Doll","Gremlin Horn","Vajra","Mercury Hourglass","Bronze Scales","Lee\u0027s Waffle","Oddly Smooth Stone"],"potions_floor_usage":[23,25,33,38,42,42,50,50,55],"damage_taken":[{"damage":2.0,"enemies":"2 Louse","floor":1.0,"turns":3.0},{"damage":1.0,"enemies":"Jaw Worm","floor":4.0,"turns":3.0},{"damage":2.0,"enemies":"Small Slimes","floor":5.0,"turns":2.0},{"damage":25.0,"enemies":"Lagavulin","floor":6.0,"turns":10.0},{"damage":5.0,"enemies":"2 Fungi Beasts","floor":7.0,"turns":3.0},{"damage":6.0,"enemies":"Looter","floor":8.0,"turns":3.0},{"damage":3.0,"enemies":"Exordium Thugs","floor":11.0,"turns":4.0},{"damage":0.0,"enemies":"3 Louse","floor":14.0,"turns":2.0},{"damage":34.0,"enemies":"The Guardian","floor":16.0,"turns":12.0},{"damage":0,"enemies":"3 Byrds","floor":18,"turns":3},{"damage":3,"enemies":"Colosseum Slavers","floor":22,"turns":5},{"damage":45,"enemies":"Colosseum Nobs","floor":22,"turns":6},{"damage":26,"enemies":"Gremlin Leader","floor":23,"turns":6},{"damage":8,"enemies":"2 Thieves","floor":24,"turns":5},{"damage":13,"enemies":"Slavers","floor":25,"turns":5},{"damage":9,"enemies":"Snake Plant","floor":28,"turns":4},{"damage":0,"enemies":"Gremlin Leader","floor":30,"turns":3},{"damage":2,"enemies":"3 Cultists","floor":31,"turns":4},{"damage":48,"enemies":"Collector","floor":33,"turns":7},{"damage":0,"enemies":"3 Darklings","floor":35,"turns":5},{"damage":0,"enemies":"Mind Bloom Boss Battle","floor":36,"turns":6},{"damage":0,"enemies":"Orb Walker","floor":38,"turns":4},{"damage":22,"enemies":"Maw","floor":39,"turns":5},{"damage":13,"enemies":"Sphere and 2 Shapes","floor":40,"turns":4},{"damage":50,"enemies":"Reptomancer","floor":42,"turns":7},{"damage":0,"enemies":"Writhing Mass","floor":44,"turns":3},{"damage":0,"enemies":"Jaw Worm Horde","floor":48,"turns":2},{"damage":126,"enemies":"Donu and Deca","floor":50,"turns":11},{"damage":36,"enemies":"Shield and Spear","floor":54,"turns":6},{"damage":132,"enemies":"The Heart","floor":55,"turns":8}],"seed_played":"-8333919888900117867","potions_obtained":[{"floor":5.0,"key":"Weak Potion"},{"floor":6.0,"key":"PowerPotion"},{"floor":7.0,"key":"LiquidBronze"},{"floor":11.0,"key":"Fruit Juice"},{"floor":16.0,"key":"SkillPotion"},{"floor":24,"key":"Energy Potion"},{"floor":25,"key":"SkillPotion"},{"floor":31,"key":"Regen Potion"},{"floor":34,"key":"SpeedPotion"},{"floor":38,"key":"Weak Potion"},{"floor":40,"key":"SpeedPotion"},{"floor":44,"key":"FearPotion"},{"floor":48,"key":"LiquidBronze"}],"is_trial":false,"path_per_floor":["M","?","?","M","M","E","M","M","T","$","M","?","R","M","R","B",null,"M","$","?","?","?","E","M","E","T","T","M","R","E","M","R","B",null,"M","?","?","M","M","M","?","E","T","M","$","?","$","M","R","B",null,"R","$","E","B"],"character_chosen":"IRONCLAD","items_purchased":["ClockworkSouvenir","Vajra","Apotheosis","BloodPotion","Mercury Hourglass","Bronze Scales","Lee\u0027s Waffle"],"campfire_rested":3,"item_purchase_floors":[19,45,45,45,53,53,53],"current_hp_per_floor":[60,60,40,45,49,30,31,31,31,31,39,39,64,70,70,42,85,88,88,88,88,55,38,36,32,32,32,32,62,71,80,80,59,118,118,118,118,118,106,101,101,59,59,71,71,71,71,79,115,9,123,123,130,100,0],"gold":69,"neow_bonus":"REMOVE_TWO","is_prod":false,"is_daily":false,"chose_seed":false,"campfire_upgraded":2,"win_rate":0,"timestamp":1546605603,"path_taken":["M","?","?","M","M","E","M","M","T","$","M","?","R","?","R","BOSS","M","$","?","?","?","E","M","E","T","?","M","R","E","M","R","BOSS","M","?","?","?","M","M","?","E","T","M","$","?","$","M","R","BOSS","R","$","E","BOSS"],"build_version":"2019-01-03v3","purchased_purges":4,"victory":false,"max_hp_per_floor":[80,80,80,80,80,80,80,80,80,80,85,85,85,85,85,85,85,88,88,88,88,94,97,97,100,100,100,103,103,106,109,109,113,118,118,118,118,118,122,122,122,122,122,126,123,123,123,123,123,123,123,123,130,130,130],"card_choices":[{"not_picked":["Rage","Armaments"],"picked":"Clash","floor":1.0},{"not_picked":["Body Slam","Inflame"],"picked":"Cleave","floor":4.0},{"not_picked":["Burning Pact","Cleave"],"picked":"Disarm","floor":5.0},{"not_picked":["Corruption","Dual Wield","Perfected Strike"],"picked":"SKIP","floor":6.0},{"not_picked":["Body Slam","Heavy Blade"],"picked":"Inflame","floor":7.0},{"not_picked":["Reckless Charge","Body Slam"],"picked":"Flame Barrier","floor":8.0},{"not_picked":["Sword Boomerang","Demon Form"],"picked":"Ghostly Armor","floor":11.0},{"not_picked":["Body Slam","True Grit","Whirlwind"],"picked":"SKIP","floor":14.0},{"not_picked":["Limit Break","Fiend Fire"],"picked":"Feed","floor":16.0},{"not_picked":["Blood for Blood","Metallicize","Clash+1"],"picked":"SKIP","floor":18},{"not_picked":["Warcry","Ghostly Armor"],"picked":"Intimidate","floor":22},{"not_picked":["Ghostly Armor","Inflame"],"picked":"Spot Weakness","floor":23},{"not_picked":["Uppercut","Power Through"],"picked":"Heavy Blade","floor":24},{"not_picked":["Feel No Pain","Clothesline","Rage"],"picked":"SKIP","floor":25},{"not_picked":["Clash+1","Body Slam","Heavy Blade+1"],"picked":"SKIP","floor":28},{"not_picked":["Hemokinesis","True Grit"],"picked":"Seeing Red+1","floor":30},{"not_picked":["Power Through+1","Twin Strike","Thunderclap+1"],"picked":"SKIP","floor":31},{"not_picked":["Dark Embrace","Feed"],"picked":"Demon Form","floor":33},{"not_picked":["Pommel Strike","Rage"],"picked":"Twin Strike+1","floor":34},{"not_picked":["Clash+1","Ghostly Armor"],"picked":"Entrench+1","floor":35},{"not_picked":["Perfected Strike","True Grit"],"picked":"Pummel","floor":38},{"not_picked":["Armaments","Headbutt","True Grit+1"],"picked":"SKIP","floor":39},{"not_picked":["Clothesline+1","Dropkick"],"picked":"Shockwave","floor":40},{"not_picked":["Hemokinesis+1","Heavy Blade"],"picked":"Shrug It Off+1","floor":42},{"not_picked":["Anger+1","Entrench"],"picked":"Barricade","floor":44},{"not_picked":["Shrug It Off","Perfected Strike+1","Clash"],"picked":"SKIP","floor":48},{"not_picked":["Warcry","Juggernaut","True Grit+1"],"picked":"SKIP","floor":54},{"not_picked":["Warcry","True Grit+1"],"picked":"Juggernaut","floor":54}],"player_experience":60789,"relics_obtained":[{"floor":6.0,"key":"Boot"},{"floor":22,"key":"Nunchaku"},{"floor":22,"key":"Paper Frog"},{"floor":23,"key":"Bag of Marbles"},{"floor":25,"key":"Smiling Mask"},{"floor":26,"key":"Whetstone"},{"floor":27,"key":"War Paint"},{"floor":30,"key":"Blood Vial"},{"floor":36,"key":"FossilizedHelix"},{"floor":42,"key":"Du-Vu Doll"},{"floor":43,"key":"Gremlin Horn"},{"floor":54,"key":"Oddly Smooth Stone"}],"event_choices":[{"cards_removed":["Strike_R"],"damage_healed":0.0,"max_hp_gain":0.0,"max_hp_loss":0.0,"gold_gain":0.0,"event_name":"Living Wall","player_choice":"Forget","floor":2.0,"gold_loss":0.0,"damage_taken":0.0},{"damage_healed":0.0,"max_hp_gain":0.0,"max_hp_loss":0.0,"gold_gain":0.0,"event_name":"Golden Idol","player_choice":"Take Damage","floor":3.0,"gold_loss":0.0,"damage_taken":20.0,"relics_obtained":["Golden Idol"]},{"cards_removed":["Defend_R"],"damage_healed":0.0,"max_hp_gain":0.0,"max_hp_loss":0.0,"gold_gain":0.0,"event_name":"The Cleric","player_choice":"Card Removal","floor":12.0,"gold_loss":50.0,"damage_taken":0.0},{"damage_healed":0,"gold_gain":0,"player_choice":"Ignored","damage_taken":0,"max_hp_gain":0,"max_hp_loss":0,"event_name":"Vampires","floor":20,"gold_loss":0},{"damage_healed":0,"gold_gain":0,"player_choice":"Inject Mutagens","damage_taken":0,"relics_obtained":["MutagenicStrength"],"max_hp_gain":0,"max_hp_loss":0,"event_name":"Drug Dealer","floor":21,"gold_loss":0},{"damage_healed":0,"gold_gain":0,"player_choice":"Fight","damage_taken":0,"max_hp_gain":0,"max_hp_loss":0,"event_name":"Colosseum","floor":22,"gold_loss":0},{"damage_healed":0,"gold_gain":0,"player_choice":"Fought Nobs","damage_taken":0,"max_hp_gain":0,"max_hp_loss":0,"event_name":"Colosseum","floor":22,"gold_loss":0},{"damage_healed":0,"gold_gain":0,"player_choice":"Fight","damage_taken":0,"max_hp_gain":0,"max_hp_loss":0,"event_name":"MindBloom","floor":36,"gold_loss":0},{"damage_healed":0,"gold_gain":0,"player_choice":"Upgraded","damage_taken":0,"max_hp_gain":0,"max_hp_loss":0,"event_name":"Upgrade Shrine","floor":37,"gold_loss":0,"cards_upgraded":["Demon Form"]},{"damage_healed":0,"gold_gain":333,"player_choice":"Gave Idol","damage_taken":0,"max_hp_gain":0,"max_hp_loss":0,"event_name":"The Moai Head","floor":41,"relics_lost":["Golden Idol"],"gold_loss":0},{"damage_healed":0,"gold_gain":0,"player_choice":"Ignored","damage_taken":0,"max_hp_gain":0,"max_hp_loss":0,"event_name":"Tomb of Lord Red Mask","floor":46,"gold_loss":0}],"is_beta":false,"boss_relics":[{"not_picked":["Runic Dome","Coffee Dripper"],"picked":"Velvet Choker"},{"not_picked":["Mark of Pain","Runic Pyramid"],"picked":"Tiny House"}],"items_purged_floors":[10,19,45,47],"is_endless":false,"potions_floor_spawned":[5,6,7,11,16,22,24,25,31,38,40,44,48],"killed_by":"The Heart","ascension_level":0}