{"gold_per_floor":[109,127,127,13,32,67,67,92,92,105,105,105,105,115,115,188,188,208,208,208,158,172,172,183,194,224,45,61,93,107,127,127,199,199,212,230,230],"floor_reached":37,"playtime":2827,"items_purged":["Strike_G","Bite"],"score":831,"play_id":"7edc5779-9545-47d8-8e06-6df1f14d038c","local_time":"20190104153715","is_ascension_mode":true,"campfire_choices":[{"floor":7.0,"key":"REST"},{"floor":12.0,"key":"REST"},{"data":"Neutralize","floor":15.0,"key":"SMITH"},{"data":"A Thousand Cuts","floor":23.0,"key":"SMITH"},{"data":"Cloak And Dagger","floor":32,"key":"SMITH"}],"neow_cost":"NONE","seed_source_timestamp":1920586744546950,"circlet_count":0,"master_deck":["AscendersBane","Defend_G","Defend_G","Defend_G","Defend_G","Defend_G+1","Survivor","Neutralize+1","Flying Knee+1","Cloak And Dagger","Skewer","Envenom","Caltrops","Infinite Blades","Crippling Poison","A Thousand Cuts+1","Dash+1","Bite+1","Bite","Bite","Bite","Dodge and Roll","Leg Sweep","Blade Dance+1","PiercingWail","Cloak And Dagger+1","Dodge and Roll","Corpse Explosion","Cloak And Dagger","Dodge and Roll+1"],"special_seed":0,"relics":["Ring of the Snake","NeowsBlessing","Lantern","FossilizedHelix","Dodecahedron","Philosopher\u0027s Stone","Tiny Chest","Omamori","Cursed Key"],"potions_floor_usage":[28,29],"damage_taken":[{"damage":0.0,"enemies":"Small Slimes","floor":1.0,"turns":1.0},{"damage":0.0,"enemies":"Jaw Worm","floor":2.0,"turns":1.0},{"damage":0.0,"enemies":"Cultist","floor":5.0,"turns":1.0},{"damage":22.0,"enemies":"Gremlin Nob","floor":6.0,"turns":4.0},{"damage":22.0,"enemies":"3 Sentries","floor":8.0,"turns":7.0},{"damage":0.0,"enemies":"Large Slime","floor":10.0,"turns":6.0},{"damage":0.0,"enemies":"2 Fungi Beasts","floor":14.0,"turns":3.0},{"damage":18.0,"enemies":"Slime Boss","floor":16.0,"turns":8.0},{"damage":17.0,"enemies":"Shell Parasite","floor":18.0,"turns":6.0},{"damage":18.0,"enemies":"3 Byrds","floor":22.0,"turns":3.0},{"damage":1.0,"enemies":"Centurion and Healer","floor":24.0,"turns":6.0},{"damage":12.0,"enemies":"3 Cultists","floor":25.0,"turns":5.0},{"damage":0,"enemies":"Chosen and Byrds","floor":28,"turns":7},{"damage":33,"enemies":"Book of Stabbing","floor":29,"turns":5},{"damage":11,"enemies":"Cultist and Chosen","floor":30,"turns":7},{"damage":0,"enemies":"Centurion and Healer","floor":31,"turns":13},{"damage":34,"enemies":"Collector","floor":33,"turns":10},{"damage":0,"enemies":"3 Shapes","floor":35,"turns":5},{"damage":10,"enemies":"3 Darklings","floor":36,"turns":5},{"damage":50,"enemies":"2 Orb Walkers","floor":37,"turns":4}],"seed_played":"-4237132349710685743","potions_obtained":[{"floor":5.0,"key":"AttackPotion"},{"floor":6.0,"key":"SpeedPotion"},{"floor":10.0,"key":"SteroidPotion"},{"floor":14.0,"key":"Fire Potion"},{"floor":16.0,"key":"Dexterity Potion"},{"floor":18.0,"key":"Block Potion"},{"floor":25.0,"key":"Ancient Potion"},{"floor":28,"key":"Block Potion"}],"is_trial":false,"path_per_floor":["M","M","?","$","M","E","R","E","T","M","?","R","?","M","R","B",null,"M","?","?","?","M","R","M","M","T","$","M","E","M","M","R","B",null,"M","M","?"],"character_chosen":"THE_SILENT","items_purchased":["Skewer","Leg Sweep"],"campfire_rested":2,"item_purchase_floors":[4,27],"current_hp_per_floor":[59,59,39,39,39,17,36,14,14,14,14,33,66,66,66,48,62,45,45,45,45,33,33,46,38,38,38,46,20,18,46,46,18,39,45,42,0],"gold":230,"neow_bonus":"THREE_ENEMY_KILL","is_prod":false,"is_daily":false,"chose_seed":false,"campfire_upgraded":3,"win_rate":0,"timestamp":1546612635,"path_taken":["M","M","?","?","?","E","R","E","T","M","?","R","?","?","R","BOSS","M","?","?","?","?","R","M","M","T","$","M","E","M","M","R","BOSS","M","M","?"],"build_version":"2019-01-03v3","purchased_purges":2,"victory":false,"max_hp_per_floor":[66,66,66,66,66,66,66,66,66,66,66,66,66,66,66,66,66,66,46,46,46,46,46,46,46,46,46,46,46,46,46,46,46,46,46,46,46],"card_choices":[{"not_picked":["Deflect","Dagger Throw"],"picked":"Flying Knee","floor":1.0},{"not_picked":["Expertise","Slice"],"picked":"Cloak And Dagger","floor":2.0},{"not_picked":["Sucker Punch","Escape Plan"],"picked":"All Out Attack","floor":5.0},{"not_picked":["Flechettes","Prepared"],"picked":"Envenom","floor":6.0},{"not_picked":["Blade Dance","Sucker Punch"],"picked":"Caltrops","floor":8.0},{"not_picked":["Die Die Die","Flying Knee"],"picked":"Infinite Blades","floor":10.0},{"not_picked":["Calculated Gamble","Prepared"],"picked":"Crippling Poison","floor":14.0},{"not_picked":["Wraith Form v2","Unload"],"picked":"A Thousand Cuts","floor":16.0},{"not_picked":["Dagger Throw","Blade Dance"],"picked":"Dash","floor":18.0},{"not_picked":["Terror","Flechettes"],"picked":"Dodge and Roll","floor":25.0},{"not_picked":["Sucker Punch","Unload"],"picked":"Blade Dance+1","floor":28},{"not_picked":["Calculated Gamble","Concentrate"],"picked":"PiercingWail","floor":29},{"not_picked":["Dagger Spray","Deflect"],"picked":"Cloak And Dagger","floor":30},{"not_picked":["Escape Plan+1","Underhanded Strike"],"picked":"Dodge and Roll","floor":31},{"not_picked":["Burst","Tools of the Trade"],"picked":"Corpse Explosion","floor":33},{"not_picked":["Flechettes+1","Prepared"],"picked":"Cloak And Dagger","floor":35},{"not_picked":["Underhanded Strike","Reflex"],"picked":"Dodge and Roll+1","floor":36}],"player_experience":1312090,"relics_obtained":[{"floor":6.0,"key":"Lantern"},{"floor":8.0,"key":"FossilizedHelix"},{"floor":9.0,"key":"Dodecahedron"},{"floor":26.0,"key":"Tiny Chest"},{"floor":29,"key":"Omamori"}],"event_choices":[{"damage_healed":0.0,"max_hp_gain":0.0,"max_hp_loss":0.0,"gold_gain":0.0,"event_name":"Shining Light","player_choice":"Entered Light","floor":3.0,"gold_loss":0.0,"damage_taken":20.0,"cards_upgraded":["Defend_G","Flying Knee"]},{"damage_healed":0.0,"max_hp_gain":0.0,"max_hp_loss":0.0,"gold_gain":0.0,"event_name":"Golden Idol","player_choice":"Ignored","floor":11.0,"gold_loss":0.0,"damage_taken":0.0},{"cards_removed":["All Out Attack"],"damage_healed":33.0,"max_hp_gain":0.0,"max_hp_loss":0.0,"gold_gain":0.0,"event_name":"Bonfire Elementals","player_choice":"Offered Uncommon","floor":13.0,"gold_loss":0.0,"damage_taken":0.0},{"damage_healed":0.0,"max_hp_gain":0.0,"max_hp_loss":20.0,"gold_gain":0.0,"event_name":"Vampires","player_choice":"Became a vampire","floor":19.0,"gold_loss":0.0,"damage_taken":0.0,"cards_obtained":["Bite","Bite","Bite","Bite","Bite"]},{"damage_healed":0.0,"max_hp_gain":0.0,"max_hp_loss":0.0,"gold_gain":0.0,"event_name":"The Mausoleum","player_choice":"Ignored","floor":20.0,"gold_loss":0.0,"damage_taken":0.0},{"damage_healed":0.0,"max_hp_gain":0.0,"max_hp_loss":0.0,"gold_gain":0.0,"event_name":"Designer","player_choice":"Upgraded Two","floor":21.0,"gold_loss":50.0,"damage_taken":0.0,"cards_upgraded":["Bite","Dash"]},{"damage_healed":0,"gold_gain":0,"player_choice":"Fight","damage_taken":0,"max_hp_gain":0,"max_hp_loss":0,"event_name":"Mysterious Sphere","floor":37,"gold_loss":0}],"is_beta":false,"boss_relics":[{"not_picked":["Runic Pyramid","WristBlade"],"picked":"Philosopher\u0027s Stone"},{"not_picked":["Eternal Feather","Coffee Dripper"],"picked":"Cursed Key"}],"items_purged_floors":[4,27],"is_endless":false,"potions_floor_spawned":[5,6,10,14,16,18,25,28],"killed_by":"2 Orb Walkers","ascension_level":20}