{"gold_per_floor":[111,61,61,84,9,53,53,67,144,144,184,184,208,233,233,233],"floor_reached":16,"playtime":316,"items_purged":["Strike_R"],"score":165,"play_id":"65a2e7da-3eeb-4022-bc3d-51dafe2997d5","local_time":"20190408223159","is_ascension_mode":true,"campfire_choices":[{"floor":7.0,"key":"REST"},{"data":"Searing Blow","floor":10.0,"key":"SMITH"},{"data":"Searing Blow+1","floor":15.0,"key":"SMITH"}],"neow_cost":"NONE","seed_source_timestamp":8392339414562,"circlet_count":0,"master_deck":["AscendersBane","Strike_R","Strike_R","Strike_R","Defend_R","Defend_R","Defend_R","Defend_R","Bash","Immolate","Iron Wave","Searing Blow+2","Panacea+1","Berserk"],"special_seed":0,"relics":["Burning Blood","Golden Idol","Bag of Preparation","Toxic Egg 2","Meat on the Bone"],"potions_floor_usage":[16],"damage_taken":[{"damage":0.0,"enemies":"Small Slimes","floor":1.0,"turns":3.0},{"damage":7.0,"enemies":"Jaw Worm","floor":4.0,"turns":3.0},{"damage":55.0,"enemies":"Lagavulin","floor":6.0,"turns":8.0},{"damage":1.0,"enemies":"Cultist","floor":8.0,"turns":3.0},{"damage":29.0,"enemies":"Gremlin Nob","floor":11.0,"turns":5.0},{"damage":0.0,"enemies":"Lots of Slimes","floor":13.0,"turns":1.0},{"damage":14.0,"enemies":"Large Slime","floor":14.0,"turns":6.0},{"damage":37,"enemies":"The Guardian","floor":16,"turns":6}],"seed_played":"3821989255610683090","potions_obtained":[{"floor":4.0,"key":"SpeedPotion"},{"floor":11.0,"key":"PowerPotion"},{"floor":13.0,"key":"Swift Potion"}],"is_trial":false,"path_per_floor":["M","?","?","M","$","E","R","M","T","R","E","?","M","M","R","B"],"character_chosen":"IRONCLAD","items_purchased":[],"campfire_rested":1,"item_purchase_floors":[],"current_hp_per_floor":[78,78,58,57,57,8,32,37,37,37,14,14,32,36,36,0],"gold":233,"neow_bonus":"ONE_RANDOM_RARE_CARD","is_prod":false,"is_daily":false,"chose_seed":false,"campfire_upgraded":2,"win_rate":0,"timestamp":1554755519,"path_taken":["M","?","?","M","?","E","R","M","T","R","E","?","M","M","R","BOSS"],"build_version":"2019-01-23","purchased_purges":1,"victory":false,"max_hp_per_floor":[80,80,80,80,80,80,80,80,80,80,80,80,80,80,80,80],"card_choices":[{"not_picked":["Pommel Strike","Cleave"],"picked":"Iron Wave","floor":1.0},{"not_picked":["Battle Trance","Warcry"],"picked":"Searing Blow","floor":4.0},{"not_picked":["Pommel Strike","Headbutt","Rampage"],"picked":"SKIP","floor":6.0},{"not_picked":["Anger","Heavy Blade","Twin Strike"],"picked":"SKIP","floor":8.0},{"not_picked":["Dual Wield+1","Sword Boomerang","Reaper"],"picked":"SKIP","floor":11.0},{"not_picked":["Warcry+1","Heavy Blade","Power Through+1"],"picked":"SKIP","floor":13.0},{"not_picked":["Headbutt","Shockwave+1","Sword Boomerang"],"picked":"SKIP","floor":14.0}],"player_experience":159572,"relics_obtained":[{"floor":6.0,"key":"Bag of Preparation"},{"floor":9.0,"key":"Toxic Egg 2"},{"floor":11.0,"key":"Meat on the Bone"}],"event_choices":[{"cards_removed":["Strike_R"],"damage_healed":0.0,"max_hp_gain":0.0,"max_hp_loss":0.0,"gold_gain":0.0,"event_name":"The Cleric","player_choice":"Card Removal","floor":2.0,"gold_loss":50.0,"damage_taken":0.0},{"damage_healed":0.0,"max_hp_gain":0.0,"max_hp_loss":0.0,"gold_gain":0.0,"event_name":"Golden Idol","player_choice":"Take Damage","floor":3.0,"gold_loss":0.0,"damage_taken":20.0,"relics_obtained":["Golden Idol"]},{"damage_healed":0.0,"max_hp_gain":0.0,"max_hp_loss":0.0,"gold_gain":0.0,"event_name":"Match and Keep!","player_choice":"2 cards matched","floor":12.0,"gold_loss":0.0,"damage_taken":0.0,"cards_obtained":["Panacea","Berserk"]}],"is_beta":false,"boss_relics":[],"items_purged_floors":[5],"is_endless":false,"potions_floor_spawned":[4,11,13],"killed_by":"The Guardian","ascension_level":10}