{"gold_per_floor":[118,43,43,53,53,53,85,101,101,101,24,38,38,51,51,177,177,193,193,212,230,91,125,125,125,125,125,86,86,105,125,125,256,319,332,32,51,51,69,69,103,103],"floor_reached":42,"playtime":1592,"items_purged":["Injury","Strike_G"],"score":694,"play_id":"ca355377-50d1-46d9-a7e3-dcb793ca9a85","local_time":"20190409134420","is_ascension_mode":true,"campfire_choices":[{"data":"Storm of Steel","floor":6.0,"key":"SMITH"},{"data":"Neutralize","floor":10.0,"key":"SMITH"},{"data":"Footwork","floor":15.0,"key":"SMITH"},{"data":"After Image","floor":25,"key":"SMITH"},{"data":"Panacea","floor":27,"key":"SMITH"},{"data":"Caltrops","floor":29,"key":"SMITH"},{"floor":32,"key":"REST"},{"floor":40,"key":"REST"}],"neow_cost":"CURSE","seed_source_timestamp":61938036729257,"circlet_count":0,"master_deck":["AscendersBane","Defend_G","Defend_G","Defend_G","Defend_G","Strike_G","Strike_G","Strike_G","Survivor","Neutralize+1","Storm of Steel+1","Predator","Backflip","Leg Sweep","Heel Hook","Footwork+1","Caltrops+1","Sucker Punch","After Image","Terror","Noxious Fumes","Panacea+1","After Image+1","Neutralize+1","Noxious Fumes","Accuracy","Envenom","Sucker Punch","Blur","Mayhem","Writhe","Footwork+1"],"special_seed":0,"relics":["Ring of the Snake","Pear","Ornamental Fan","Lantern","Golden Idol","Busted Crown","Peace Pipe","Darkstone Periapt","Tiny House","Pantograph"],"potions_floor_usage":[33,33,39,41],"damage_taken":[{"damage":0.0,"enemies":"2 Louse","floor":1.0,"turns":3.0},{"damage":6.0,"enemies":"Jaw Worm","floor":4.0,"turns":3.0},{"damage":17.0,"enemies":"3 Sentries","floor":7.0,"turns":10.0},{"damage":0.0,"enemies":"Small Slimes","floor":8.0,"turns":2.0},{"damage":27.0,"enemies":"Gremlin Gang","floor":12.0,"turns":5.0},{"damage":1.0,"enemies":"Red Slaver","floor":14.0,"turns":4.0},{"damage":14.0,"enemies":"The Guardian","floor":16.0,"turns":14.0},{"damage":5.0,"enemies":"2 Thieves","floor":18.0,"turns":4.0},{"damage":7.0,"enemies":"Spheric Guardian","floor":20.0,"turns":4.0},{"damage":3.0,"enemies":"Snake Plant","floor":21.0,"turns":6.0},{"damage":7.0,"enemies":"Gremlin Leader","floor":23.0,"turns":7.0},{"damage":2,"enemies":"Shelled Parasite and Fungi","floor":30,"turns":6},{"damage":0,"enemies":"Centurion and Healer","floor":31,"turns":8},{"damage":50,"enemies":"Collector","floor":33,"turns":10},{"damage":17,"enemies":"3 Shapes","floor":35,"turns":8},{"damage":4,"enemies":"Orb Walker","floor":37,"turns":6},{"damage":44,"enemies":"Sphere and 2 Shapes","floor":39,"turns":8},{"damage":45,"enemies":"Nemesis","floor":41,"turns":11},{"damage":14,"enemies":"3 Darklings","floor":42,"turns":2}],"seed_played":"-3224777856296956660","potions_obtained":[{"floor":8.0,"key":"Regen Potion"},{"floor":14.0,"key":"Explosive Potion"},{"floor":16.0,"key":"Strength Potion"},{"floor":20.0,"key":"Ancient Potion"},{"floor":21.0,"key":"Swift Potion"},{"floor":33,"key":"FearPotion"},{"floor":34,"key":"GamblersBrew"},{"floor":35,"key":"Dexterity Potion"},{"floor":39,"key":"Strength Potion"}],"is_trial":false,"path_per_floor":["M","$","?","M","?","R","E","M","T","R","$","M","?","M","R","B",null,"M","?","M","M","$","E","?","R","T","R","$","R","M","M","R","B",null,"M","$","M","?","M","R","E","M"],"character_chosen":"THE_SILENT","items_purchased":["Caltrops","Noxious Fumes","Noxious Fumes","Sucker Punch","Blur","Mayhem"],"campfire_rested":2,"item_purchase_floors":[11,22,28,36,36,36],"current_hp_per_floor":[63,63,63,57,64,64,47,47,47,47,47,34,34,33,33,19,60,55,55,48,45,45,38,38,38,38,38,38,38,36,36,58,8,63,46,46,42,68,24,49,4,0],"gold":103,"neow_bonus":"TRANSFORM_TWO_CARDS","is_prod":false,"is_daily":false,"chose_seed":false,"campfire_upgraded":6,"win_rate":0,"timestamp":1554810260,"path_taken":["M","$","?","M","?","R","E","M","T","R","?","M","?","M","R","BOSS","M","?","M","M","$","E","?","R","T","R","$","R","?","?","R","BOSS","M","$","M","?","M","R","E","M"],"build_version":"2019-01-23","purchased_purges":2,"victory":false,"max_hp_per_floor":[70,70,70,70,80,80,80,80,80,80,80,80,74,74,74,74,74,74,74,74,74,74,74,74,74,74,74,74,74,74,74,74,74,79,79,79,79,85,85,85,85,85],"card_choices":[{"not_picked":["Blur","Underhanded Strike"],"picked":"Backflip","floor":1.0},{"not_picked":["Setup","Prepared"],"picked":"Leg Sweep","floor":4.0},{"not_picked":["Finisher","Quick Slash"],"picked":"Heel Hook","floor":7.0},{"not_picked":["Dagger Spray","Finisher"],"picked":"Footwork","floor":8.0},{"not_picked":["Cloak And Dagger","Setup"],"picked":"Sucker Punch","floor":12.0},{"not_picked":["Deflect","Expertise","Slice"],"picked":"SKIP","floor":14.0},{"not_picked":["Doppelganger","Venomology"],"picked":"After Image","floor":16.0},{"not_picked":["Acrobatics"],"picked":"SKIP","floor":18.0},{"not_picked":["Slice"],"picked":"SKIP","floor":20.0},{"not_picked":[],"picked":"Terror","floor":21.0},{"not_picked":["PiercingWail"],"picked":"SKIP","floor":23.0},{"not_picked":[],"picked":"Accuracy","floor":30},{"not_picked":["Underhanded Strike"],"picked":"SKIP","floor":31},{"not_picked":[],"picked":"Envenom","floor":33},{"not_picked":["Outmaneuver"],"picked":"SKIP","floor":35},{"not_picked":["Acrobatics+1"],"picked":"SKIP","floor":37},{"not_picked":[],"picked":"Footwork+1","floor":39},{"not_picked":["Prepared+1"],"picked":"SKIP","floor":41}],"player_experience":161125,"relics_obtained":[{"floor":7.0,"key":"Ornamental Fan"},{"floor":9.0,"key":"Lantern"},{"floor":23.0,"key":"Peace Pipe"},{"floor":26,"key":"Darkstone Periapt"},{"floor":41,"key":"Pantograph"}],"event_choices":[{"damage_healed":0.0,"max_hp_gain":0.0,"max_hp_loss":0.0,"gold_gain":0.0,"event_name":"The Cleric","player_choice":"Leave","floor":3.0,"gold_loss":0.0,"damage_taken":0.0},{"damage_healed":0.0,"max_hp_gain":0.0,"max_hp_loss":0.0,"gold_gain":0.0,"event_name":"Scrap Ooze","player_choice":"Success","floor":5.0,"gold_loss":0.0,"damage_taken":3.0,"relics_obtained":["Pear"]},{"damage_healed":0.0,"max_hp_gain":0.0,"max_hp_loss":6.0,"gold_gain":0.0,"event_name":"Golden Idol","player_choice":"Lose Max HP","floor":13.0,"gold_loss":0.0,"damage_taken":0.0,"relics_obtained":["Golden Idol"]},{"damage_healed":0.0,"max_hp_gain":0.0,"max_hp_loss":0.0,"gold_gain":0.0,"event_name":"Ghosts","player_choice":"Ignored","floor":19.0,"gold_loss":0.0,"damage_taken":0.0},{"damage_healed":0,"gold_gain":0,"player_choice":"3 cards matched","damage_taken":0,"max_hp_gain":0,"max_hp_loss":0,"event_name":"Match and Keep!","floor":24,"gold_loss":0,"cards_obtained":["Panacea","After Image","Neutralize"]},{"damage_healed":20,"gold_gain":0,"player_choice":"Writhe","damage_taken":0,"max_hp_gain":0,"max_hp_loss":0,"event_name":"Winding Halls","floor":38,"gold_loss":0,"cards_obtained":["Writhe"]}],"is_beta":false,"boss_relics":[{"not_picked":["Black Star","HoveringKite"],"picked":"Busted Crown"},{"not_picked":["Orrery","Lizard Tail"],"picked":"Tiny House"}],"items_purged_floors":[2,22],"is_endless":false,"potions_floor_spawned":[8,14,16,20,21,33,35,37,39],"killed_by":"3 Darklings","ascension_level":10}