{"gold_per_floor":[114,114,114,58,76,76,17,44,44,44,44,44,58,72,72,72],"floor_reached":16,"playtime":648,"items_purged":[],"score":191,"play_id":"fa67734e-dd93-4318-b79b-7dbe543c2656","local_time":"20181201193726","is_ascension_mode":true,"campfire_choices":[{"data":"Zap","floor":6.0,"key":"SMITH"},{"data":"Conserve Battery","floor":10.0,"key":"SMITH"},{"data":"Go for the Eyes","floor":12.0,"key":"SMITH"},{"data":"Ball Lightning","floor":15.0,"key":"SMITH"}],"neow_cost":"NONE","seed_source_timestamp":730841164578972,"circlet_count":0,"master_deck":["AscendersBane","Strike_B","Strike_B","Strike_B","Strike_B","Defend_B","Defend_B","Defend_B","Defend_B","Zap+1","Dualcast","Hologram+1","Go for the Eyes+1","Conserve Battery+1","Sweeping Beam","Ball Lightning+1","White Noise"],"special_seed":0,"relics":["Cracked Core","Shuriken","Pantograph","Frozen Egg 2"],"potions_floor_usage":[16],"damage_taken":[{"damage":2.0,"enemies":"Cultist","floor":1.0,"turns":4.0},{"damage":1.0,"enemies":"2 Louse","floor":5.0,"turns":3.0},{"damage":24.0,"enemies":"Gremlin Nob","floor":8.0,"turns":4.0},{"damage":0.0,"enemies":"Small Slimes","floor":13.0,"turns":2.0},{"damage":10.0,"enemies":"Exordium Thugs","floor":14.0,"turns":4.0},{"damage":34,"enemies":"Hexaghost","floor":16,"turns":8}],"seed_played":"5000319799625176081","potions_obtained":[{"floor":1.0,"key":"Fire Potion"},{"floor":8.0,"key":"EssenceOfSteel"}],"is_trial":false,"path_per_floor":["M","?","?","$","M","R","$","E","T","R","?","R","M","M","R","B"],"character_chosen":"DEFECT","items_purchased":["Go for the Eyes","Sweeping Beam"],"campfire_rested":0,"item_purchase_floors":[4,7],"current_hp_per_floor":[69,43,43,43,42,42,42,18,18,18,18,18,18,8,8,0],"gold":72,"neow_bonus":"TEN_PERCENT_HP_BONUS","is_prod":false,"is_daily":false,"chose_seed":false,"campfire_upgraded":4,"win_rate":0,"timestamp":1543689446,"path_taken":["M","?","?","$","M","R","$","E","T","R","?","R","M","M","R","BOSS"],"build_version":"2018-11-15","purchased_purges":0,"victory":false,"max_hp_per_floor":[78,78,78,78,78,78,78,78,78,78,78,78,78,78,78,78],"card_choices":[{"not_picked":["FTL","Chaos"],"picked":"Hologram","floor":1.0},{"not_picked":["Loop","Turbo"],"picked":"Conserve Battery","floor":5.0},{"not_picked":["Sweeping Beam","Auto Shields"],"picked":"Ball Lightning","floor":8.0},{"not_picked":["Reinforced Body","Steam"],"picked":"White Noise","floor":13.0}],"player_experience":1294395,"relics_obtained":[{"floor":8.0,"key":"Pantograph"},{"floor":9.0,"key":"Frozen Egg 2"}],"event_choices":[{"damage_healed":0.0,"max_hp_gain":0.0,"max_hp_loss":0.0,"gold_gain":0.0,"event_name":"Scrap Ooze","player_choice":"Success","floor":2.0,"gold_loss":0.0,"damage_taken":26.0,"relics_obtained":["Shuriken"]},{"damage_healed":0.0,"max_hp_gain":0.0,"max_hp_loss":0.0,"gold_gain":0.0,"event_name":"Living Wall","player_choice":"Grow","floor":3.0,"gold_loss":0.0,"damage_taken":0.0,"cards_upgraded":["Hologram"]},{"damage_healed":0.0,"max_hp_gain":0.0,"max_hp_loss":0.0,"gold_gain":0.0,"event_name":"Golden Wing","player_choice":"Ignored","floor":11.0,"gold_loss":0.0,"damage_taken":0.0}],"is_beta":false,"boss_relics":[],"items_purged_floors":[],"is_endless":false,"potions_floor_spawned":[1,8],"killed_by":"Hexaghost","ascension_level":19}