{"gold_per_floor":[111,61,78,89,37,37,65,65,90,90,146,156,190,190,190,294,294],"floor_reached":17,"playtime":475,"items_purged":[],"score":298,"play_id":"0b937535-b207-44c5-96ca-7ca650f663b2","local_time":"20181001195418","is_ascension_mode":true,"campfire_choices":[{"data":"True Grit","floor":6,"key":"SMITH"},{"data":"Thunderclap","floor":8,"key":"SMITH"},{"data":"Fiend Fire","floor":10,"key":"SMITH"},{"data":"ReplayTheSpireMod:Limb From Limb","floor":15,"key":"SMITH"}],"neow_cost":"NONE","seed_source_timestamp":1599005247686499,"circlet_count":0,"master_deck":["Strike_R","Strike_R","Strike_R","Strike_R","Defend_R","Defend_R","Defend_R","Defend_R","Bash","Thunderclap+1","Carnage","True Grit+1","Fiend Fire+1","Flex+1","Clash","ReplayTheSpireMod:Limb From Limb+1","Impervious"],"relics":["Burning Blood","Baseball","Pet Ghost","Tiny Chest","PreservedInsect"],"potions_floor_usage":[7,11],"damage_taken":[{"damage":6,"enemies":"Cultist","floor":1,"turns":3},{"damage":2,"enemies":"Jaw Worm","floor":3,"turns":3},{"damage":6,"enemies":"2 Louse","floor":4,"turns":3},{"damage":6,"enemies":"3 Sentries","floor":7,"turns":8},{"damage":0,"enemies":"Gremlin Nob","floor":11,"turns":2},{"damage":0,"enemies":"2 Fungi Beasts","floor":12,"turns":2},{"damage":20,"enemies":"Lagavulin","floor":13,"turns":3},{"damage":0,"enemies":"Slime Boss","floor":16,"turns":6}],"seed_played":"-8054993212204615500","potions_obtained":[{"floor":0,"key":"PowerPotion"},{"floor":0,"key":"Explosive Potion"},{"floor":0,"key":"Fire Potion"},{"floor":3,"key":"Dexterity Potion"},{"floor":7,"key":"AttackPotion"},{"floor":16,"key":"Regen Potion"}],"is_trial":false,"path_per_floor":["M","?","M","M","$","R","E","R","T","R","E","M","E","?","R","B"],"character_chosen":"IRONCLAD","items_purchased":["True Grit"],"campfire_rested":0,"item_purchase_floors":[5],"current_hp_per_floor":[80,80,80,80,80,80,80,80,80,80,80,80,66,66,66,72,72],"gold":294,"neow_bonus":"THREE_SMALL_POTIONS","is_prod":false,"is_daily":false,"chose_seed":false,"campfire_upgraded":4,"win_rate":0,"timestamp":1538416458,"path_taken":["M","?","M","M","$","R","E","R","T","R","E","M","E","?","R","BOSS"],"build_version":"2018-09-27","purchased_purges":0,"victory":false,"max_hp_per_floor":[80,80,80,80,80,80,80,80,80,80,80,80,80,80,80,80,80],"card_choices":[{"not_picked":["Defy Death","Run Through"],"picked":"Thunderclap","floor":1},{"not_picked":["True Grit","Thunderclap"],"picked":"Carnage","floor":3},{"not_picked":["Uppercut","Wild Strike"],"picked":"Fiend Fire","floor":7},{"not_picked":["Pommel Strike","Intimidate"],"picked":"Flex","floor":11},{"not_picked":["Armaments","Seeing Red"],"picked":"Clash","floor":12},{"not_picked":["Warcry","Bloodletting"],"picked":"ReplayTheSpireMod:Limb From Limb","floor":13},{"not_picked":["Berserk","Hemogenesis"],"picked":"Impervious","floor":16}],"player_experience":1418314,"relics_obtained":[{"floor":7,"key":"Baseball"},{"floor":9,"key":"Pet Ghost"},{"floor":11,"key":"Tiny Chest"},{"floor":13,"key":"PreservedInsect"}],"event_choices":[{"event_name":"The Cleric","player_choice":"Card Removal","floor":2,"damage_taken":0},{"event_name":"Living Wall","player_choice":"Grow","floor":14,"damage_taken":0}],"is_beta":false,"boss_relics":[],"items_purged_floors":[],"is_endless":false,"potions_floor_spawned":[1,3,7,16],"ascension_level":4}