{"gold_per_floor":[110,110,129,54,4,4,4,16,41,56,89,100,100,118,118,214,214,179,279,305,205,205,205,5,23,23,23,122,122,153,169,169,269,269,289,289,309,321,543,571,587,245,245,300,60,70,70,88,88,88],"floor_reached":51,"playtime":8395,"items_purged":["Defend_G","Strike_G","Defend_G","Defend_G"],"score":1003,"play_id":"da506f27-b8af-4542-a981-5c8956eb7ee3","local_time":"20190523233630","is_ascension_mode":true,"campfire_choices":[{"floor":6.0,"key":"REST"},{"data":"Doppelganger","floor":15.0,"key":"SMITH"},{"floor":23.0,"key":"REST"},{"data":"Venomology","floor":27.0,"key":"SMITH"},{"data":"Terror","floor":29.0,"key":"SMITH"},{"data":"Backflip","floor":32.0,"key":"SMITH"},{"data":"Tools of the Trade","floor":49,"key":"SMITH"}],"neow_cost":"PERCENT_DAMAGE","seed_source_timestamp":0,"circlet_count":0,"master_deck":["Defend_G","Defend_G+1","Strike_G","Survivor+1","Neutralize","Backflip+1","Flying Knee","Dagger Throw","Doppelganger+1","Terror+1","Dagger Spray","Venomology+1","Corpse Explosion+1","Poisoned Stab+1","Crippling Poison+1","Catalyst+1","Tools of the Trade+1","Dark Shackles+1","Leg Sweep+1","Heel Hook+1","Skewer+1","Blur+1"],"special_seed":0,"relics":["Ring of the Snake","Mango","War Paint","Blood Vial","Dream Catcher","Lizard Tail","Prayer Wheel","Toxic Egg 2","Red Mask","Membership Card","Mummified Hand","Pen Nib","Busted Crown","Molten Egg 2","Bottled Flame","Vajra","Tingsha","The Specimen","Gambling Chip","Ancient Tea Set"],"potions_floor_usage":[37,38,41,41,48,50],"damage_taken":[{"damage":11.0,"enemies":"Small Slimes","floor":1.0,"turns":5.0},{"damage":0.0,"enemies":"Cultist","floor":3.0,"turns":4.0},{"damage":0.0,"enemies":"2 Louse","floor":8.0,"turns":2.0},{"damage":0.0,"enemies":"Looter","floor":10.0,"turns":4.0},{"damage":5.0,"enemies":"Gremlin Nob","floor":11.0,"turns":6.0},{"damage":0.0,"enemies":"Exordium Wildlife","floor":12.0,"turns":4.0},{"damage":12.0,"enemies":"Gremlin Gang","floor":14.0,"turns":6.0},{"damage":26.0,"enemies":"Hexaghost","floor":16.0,"turns":12.0},{"damage":7.0,"enemies":"2 Thieves","floor":18.0,"turns":5.0},{"damage":25.0,"enemies":"Colosseum Slavers","floor":19.0,"turns":6.0},{"damage":140.0,"enemies":"Colosseum Nobs","floor":19.0,"turns":9.0},{"damage":0.0,"enemies":"Masked Bandits","floor":20.0,"turns":2.0},{"damage":2.0,"enemies":"Chosen","floor":25.0,"turns":6.0},{"damage":4.0,"enemies":"Slavers","floor":30.0,"turns":3.0},{"damage":0.0,"enemies":"Centurion and Healer","floor":31.0,"turns":3.0},{"damage":46.0,"enemies":"Champ","floor":33.0,"turns":11.0},{"damage":5,"enemies":"3 Darklings","floor":35,"turns":3},{"damage":0,"enemies":"Orb Walker","floor":37,"turns":3},{"damage":13,"enemies":"Transient","floor":38,"turns":5},{"damage":22,"enemies":"Nemesis","floor":40,"turns":5},{"damage":2,"enemies":"Spire Growth","floor":41,"turns":4},{"damage":4,"enemies":"2 Orb Walkers","floor":44,"turns":2},{"damage":0,"enemies":"4 Shapes","floor":46,"turns":2},{"damage":0,"enemies":"Jaw Worm Horde","floor":48,"turns":1},{"damage":0,"enemies":"Donu and Deca","floor":50,"turns":5}],"seed_played":"4233856890838764873","potions_obtained":[{"floor":3.0,"key":"SpeedPotion"},{"floor":8.0,"key":"Fruit Juice"},{"floor":14.0,"key":"Dexterity Potion"},{"floor":19.0,"key":"Block Potion"},{"floor":20.0,"key":"GhostInAJar"},{"floor":30.0,"key":"Swift Potion"},{"floor":31.0,"key":"Explosive Potion"},{"floor":33.0,"key":"Swift Potion"},{"floor":38,"key":"Explosive Potion"},{"floor":40,"key":"Regen Potion"},{"floor":41,"key":"SkillPotion"}],"is_trial":false,"path_per_floor":["M","?","M","$","?","R","T","M","T","M","E","M","?","M","R","B",null,"M","?","?","$","?","R","$","M","T","R","?","R","E","M","R","B",null,"M","?","M","M","?","E","M","$","T","?","$","M","T","M","R","B",null],"character_chosen":"THE_SILENT","items_purchased":["Membership Card","Heel Hook+1","Bottled Flame","Vajra","Skewer+1","Fire Potion","Blur+1","Gambling Chip"],"campfire_rested":2,"item_purchase_floors":[24,42,42,42,42,42,45,45],"current_hp_per_floor":[52,52,52,52,52,77,77,82,82,84,81,83,76,66,66,42,89,82,11,13,13,42,68,68,68,68,68,68,68,66,68,68,24,89,84,84,86,75,75,55,69,69,69,67,67,69,69,71,71,73],"gold":88,"neow_bonus":"ONE_RARE_RELIC","is_prod":false,"is_daily":false,"chose_seed":false,"campfire_upgraded":5,"win_rate":0,"timestamp":1558647390,"path_taken":["M","?","M","?","?","R","?","?","T","?","E","M","?","M","R","BOSS","M","?","?","$","?","R","$","M","T","R","?","R","E","M","R","BOSS","M","?","M","M","?","E","M","$","T","?","?","M","?","M","R","BOSS"],"build_version":"2019-01-23","purchased_purges":4,"victory":true,"max_hp_per_floor":[84,84,84,84,84,84,84,89,89,89,89,89,89,89,89,89,89,89,89,89,89,89,89,89,89,89,89,89,89,89,89,89,89,89,89,89,89,89,89,89,89,89,89,89,89,89,89,89,89,89],"card_choices":[{"not_picked":["Prepared","Distraction"],"picked":"Backflip","floor":1.0},{"not_picked":["Quick Slash","Acrobatics"],"picked":"Flying Knee","floor":3.0},{"not_picked":["Underhanded Strike","Backflip"],"picked":"Dagger Throw","floor":8.0},{"not_picked":["Slice","Cloak And Dagger"],"picked":"Doppelganger","floor":10.0},{"not_picked":["Footwork","PiercingWail"],"picked":"Terror","floor":11.0},{"not_picked":["Slice","Poisoned Stab","Blade Dance"],"picked":"SKIP","floor":12.0},{"not_picked":["Predator","Outmaneuver"],"picked":"Dagger Spray","floor":14.0},{"not_picked":["Phantasmal Killer","Doppelganger"],"picked":"Venomology","floor":16.0},{"not_picked":["Endless Agony","Dagger Spray","Acrobatics"],"picked":"SKIP","floor":18.0},{"not_picked":["Dash+1","Dagger Throw"],"picked":"Corpse Explosion","floor":19.0},{"not_picked":["Concentrate+1","Cloak And Dagger+1"],"picked":"Poisoned Stab+1","floor":20.0},{"not_picked":["Expertise+1","Masterful Stab"],"picked":"Crippling Poison+1","floor":23.0},{"not_picked":["Dagger Throw","Reflex+1"],"picked":"Catalyst+1","floor":25.0},{"not_picked":["Distraction+1","PiercingWail+1","Backstab+1"],"picked":"SKIP","floor":25.0},{"not_picked":["Catalyst+1","Acrobatics+1","Unload"],"picked":"SKIP","floor":30.0},{"not_picked":["Deflect+1","Bane","Endless Agony+1"],"picked":"SKIP","floor":31.0},{"not_picked":["Quick Slash","Poisoned Stab+1","PiercingWail+1"],"picked":"SKIP","floor":31.0},{"not_picked":["Burst+1","Grand Finale"],"picked":"Tools of the Trade","floor":33.0},{"not_picked":["Deflect+1"],"picked":"SKIP","floor":35},{"not_picked":["Cloak And Dagger+1"],"picked":"SKIP","floor":35},{"not_picked":[],"picked":"Dark Shackles+1","floor":36},{"not_picked":["Calculated Gamble+1"],"picked":"SKIP","floor":37},{"not_picked":["Flying Knee+1"],"picked":"SKIP","floor":37},{"not_picked":["Deflect+1"],"picked":"SKIP","floor":38},{"not_picked":["Masterful Stab"],"picked":"SKIP","floor":38},{"not_picked":["Dagger Spray"],"picked":"SKIP","floor":40},{"not_picked":[],"picked":"Leg Sweep+1","floor":41},{"not_picked":["Concentrate+1"],"picked":"SKIP","floor":41},{"not_picked":["Catalyst+1"],"picked":"SKIP","floor":46},{"not_picked":["Dodge and Roll+1"],"picked":"SKIP","floor":46},{"not_picked":["Skewer+1"],"picked":"SKIP","floor":48},{"not_picked":["Outmaneuver+1"],"picked":"SKIP","floor":48}],"player_experience":139759,"relics_obtained":[{"floor":7.0,"key":"War Paint"},{"floor":9.0,"key":"Blood Vial"},{"floor":11.0,"key":"Dream Catcher"},{"floor":19.0,"key":"Prayer Wheel"},{"floor":19.0,"key":"Toxic Egg 2"},{"floor":20.0,"key":"Red Mask"},{"floor":26.0,"key":"Mummified Hand"},{"floor":30.0,"key":"Pen Nib"},{"floor":40,"key":"Molten Egg 2"},{"floor":43,"key":"Tingsha"},{"floor":44,"key":"The Specimen"},{"floor":47,"key":"Ancient Tea Set"}],"event_choices":[{"cards_removed":["Strike_G"],"damage_healed":0.0,"max_hp_gain":0.0,"max_hp_loss":0.0,"gold_gain":0.0,"event_name":"Purifier","player_choice":"Purged","floor":2.0,"gold_loss":0.0,"damage_taken":0.0},{"cards_removed":["Strike_G"],"damage_healed":0.0,"max_hp_gain":0.0,"max_hp_loss":0.0,"gold_gain":0.0,"event_name":"The Cleric","player_choice":"Card Removal","floor":5.0,"gold_loss":50.0,"damage_taken":0.0},{"cards_removed":["Strike_G"],"damage_healed":0.0,"max_hp_gain":0.0,"max_hp_loss":0.0,"gold_gain":0.0,"event_name":"Golden Wing","player_choice":"Card Removal","floor":13.0,"gold_loss":0.0,"damage_taken":7.0},{"damage_healed":0.0,"max_hp_gain":0.0,"max_hp_loss":0.0,"gold_gain":0.0,"event_name":"Colosseum","player_choice":"Fight","floor":19.0,"gold_loss":0.0,"damage_taken":0.0},{"damage_healed":0.0,"max_hp_gain":0.0,"max_hp_loss":0.0,"gold_gain":0.0,"event_name":"Colosseum","player_choice":"Fought Nobs","floor":19.0,"gold_loss":0.0,"damage_taken":0.0},{"damage_healed":0.0,"max_hp_gain":0.0,"max_hp_loss":0.0,"gold_gain":0.0,"event_name":"Masked Bandits","player_choice":"Fought Bandits","floor":20.0,"gold_loss":0.0,"damage_taken":0.0},{"damage_healed":29.0,"max_hp_gain":0.0,"max_hp_loss":0.0,"gold_gain":0.0,"event_name":"The Library","player_choice":"Heal","floor":22.0,"gold_loss":0.0,"damage_taken":0.0},{"damage_healed":0.0,"max_hp_gain":0.0,"max_hp_loss":0.0,"gold_gain":99.0,"event_name":"Nest","player_choice":"Stole From Cult","floor":28.0,"gold_loss":0.0,"damage_taken":0.0},{"damage_healed":0,"gold_gain":0,"player_choice":"Memory 1","damage_taken":0,"max_hp_gain":0,"max_hp_loss":0,"event_name":"SensoryStone","floor":36,"gold_loss":0},{"damage_healed":0,"gold_gain":222,"player_choice":"Wore Mask","damage_taken":0,"max_hp_gain":0,"max_hp_loss":0,"event_name":"Tomb of Lord Red Mask","floor":39,"gold_loss":0},{"damage_healed":0,"gold_gain":0,"player_choice":"Fight","damage_taken":0,"max_hp_gain":0,"max_hp_loss":0,"event_name":"Mysterious Sphere","floor":44,"gold_loss":0}],"is_beta":false,"boss_relics":[{"not_picked":["Coffee Dripper","Pandora\u0027s Box"],"picked":"Lizard Tail"},{"not_picked":["Runic Pyramid","Snecko Eye"],"picked":"Busted Crown"}],"items_purged_floors":[4,21,42,45],"is_endless":false,"potions_floor_spawned":[3,8,14,19,20,30,31,33,38,40,41,46],"ascension_level":3}