{"gold_per_floor":[117,130,130,80,80,80,111,111,111,129,129,142,142],"floor_reached":13,"playtime":525,"items_purged":[],"score":116,"play_id":"8ffc9593-d395-4e6b-af11-017ec3e05b21","local_time":"20190509013423","is_ascension_mode":true,"campfire_choices":[{"data":"Bash","floor":6,"key":"SMITH"},{"floor":8,"key":"REST"},{"data":"Pummel","floor":11,"key":"SMITH"}],"neow_cost":"NONE","seed_source_timestamp":4360621886176925,"circlet_count":0,"master_deck":["Strike_R","Strike_R","Strike_R","Defend_R","Defend_R","Defend_R","Defend_R","Bash+1","Shockwave+1","Pummel+1","Feel No Pain","Feel No Pain","Body Slam"],"relics":["Burning Blood","Boot","The Courier","Smiling Mask"],"potions_floor_usage":[7,7],"damage_taken":[{"damage":12,"enemies":"Jaw Worm","floor":1,"turns":4},{"damage":0,"enemies":"Small Slimes","floor":2,"turns":3},{"damage":50,"enemies":"Lagavulin","floor":7,"turns":10},{"damage":0,"enemies":"Cultist","floor":10,"turns":4},{"damage":29,"enemies":"Lots of Slimes","floor":12,"turns":7},{"damage":28,"enemies":"Gremlin Nob","floor":13,"turns":4}],"seed_played":"-716089556263609843","potions_obtained":[{"floor":1,"key":"SteroidPotion"},{"floor":2,"key":"Explosive Potion"}],"is_trial":false,"path_per_floor":["?","?","?","M"],"character_chosen":"IRONCLAD","items_purchased":[],"campfire_rested":1,"item_purchase_floors":[],"current_hp_per_floor":[66,72,65,65,65,65,21,45,45,51,51,28,0],"gold":142,"neow_bonus":"RANDOM_COMMON_RELIC","is_prod":false,"is_daily":false,"chose_seed":false,"campfire_upgraded":2,"win_rate":0,"timestamp":1557380063,"path_taken":["M","M","?","?","?","R","E","R","T","M","R","?","E"],"build_version":"2019-01-23","purchased_purges":0,"victory":false,"max_hp_per_floor":[80,80,80,80,80,80,80,80,80,80,80,80,80],"card_choices":[{"not_picked":["Combust","Perfected Strike"],"picked":"Shockwave","floor":1},{"not_picked":["Warcry","Anger"],"picked":"Pummel","floor":2},{"not_picked":["Combust","Dual Wield"],"picked":"Feel No Pain","floor":7},{"not_picked":["Pommel Strike","Reckless Charge"],"picked":"Feel No Pain","floor":10},{"not_picked":["Pommel Strike","Twin Strike"],"picked":"Body Slam","floor":12}],"player_experience":332141,"relics_obtained":[{"floor":7,"key":"The Courier"},{"floor":9,"key":"Smiling Mask"}],"event_choices":[{"cards_removed":["Strike_R"],"damage_healed":0,"gold_gain":0,"player_choice":"Card Removal","damage_taken":7,"max_hp_gain":0,"max_hp_loss":0,"event_name":"Golden Wing","floor":3,"gold_loss":0},{"cards_removed":["Strike_R"],"damage_healed":0,"gold_gain":0,"player_choice":"Card Removal","damage_taken":0,"max_hp_gain":0,"max_hp_loss":0,"event_name":"The Cleric","floor":4,"gold_loss":50},{"damage_healed":0,"gold_gain":0,"player_choice":"Grow","damage_taken":0,"max_hp_gain":0,"max_hp_loss":0,"event_name":"Living Wall","floor":5,"gold_loss":0,"cards_upgraded":["Shockwave"]}],"is_beta":false,"boss_relics":[],"items_purged_floors":[],"is_endless":false,"potions_floor_spawned":[1,2],"killed_by":"Gremlin Nob","ascension_level":8}