{"gold_per_floor":[18,32,32,32,32,32,32,66,66,66,90,121,147,147,147,147],"floor_reached":16,"playtime":540,"items_purged":[],"score":143,"play_id":"66316a3d-e3f9-4a4a-a01c-1ebba94a8afe","local_time":"20190326230626","is_ascension_mode":true,"campfire_choices":[{"data":"Neutralize","floor":6,"key":"SMITH"},{"data":"Prepared","floor":7,"key":"SMITH"},{"floor":10,"key":"REST"},{"floor":15,"key":"REST"}],"neow_cost":"NO_GOLD","seed_source_timestamp":385867865381728,"circlet_count":0,"master_deck":["Defend_G","Defend_G","Defend_G","Defend_G","Defend_G","Strike_G","Strike_G","Strike_G","Strike_G","Strike_G","Survivor","Neutralize+1","Deflect","Prepared+1","Pain","Underhanded Strike","Outmaneuver","Quick Slash","Eviscerate"],"relics":["Ring of the Snake","WingedGreaves","Golden Idol","WarpedTongs","Gremlin Horn","Question Card","Anchor","Odd Mushroom","The Specimen"],"potions_floor_usage":[8,13],"damage_taken":[{"damage":0,"enemies":"Jaw Worm","floor":1,"turns":5},{"damage":4,"enemies":"Small Slimes","floor":2,"turns":5},{"damage":13,"enemies":"Lagavulin","floor":8,"turns":8},{"damage":2,"enemies":"Cultist","floor":11,"turns":3},{"damage":18,"enemies":"3 Sentries","floor":12,"turns":14},{"damage":16,"enemies":"The Mushroom Lair","floor":13,"turns":6},{"damage":35,"enemies":"Hexaghost","floor":16,"turns":10}],"seed_played":"-4905657303712163049","potions_obtained":[{"floor":1,"key":"Fire Potion"},{"floor":8,"key":"SpeedPotion"}],"is_trial":false,"path_per_floor":["M","M","?","$","?","R","R","E","T","R","M","E","?","T","R","B"],"character_chosen":"THE_SILENT","items_purchased":[],"campfire_rested":2,"item_purchase_floors":[],"current_hp_per_floor":[63,59,42,42,42,42,42,29,29,50,48,30,14,14,35,0],"gold":147,"neow_bonus":"ONE_RARE_RELIC","is_prod":false,"is_daily":false,"chose_seed":false,"campfire_upgraded":2,"win_rate":0,"timestamp":1553637986,"path_taken":["M","M","?","$","?","R","R","E","T","R","?","E","?","?","R","BOSS"],"build_version":"2019-01-23","purchased_purges":0,"victory":false,"max_hp_per_floor":[70,70,70,70,70,70,70,70,70,70,70,70,70,70,70,70],"card_choices":[{"not_picked":["Expertise","Accuracy"],"picked":"Deflect","floor":1},{"not_picked":["Underhanded Strike","Distraction"],"picked":"Prepared","floor":2},{"not_picked":["Cloak And Dagger","Sucker Punch"],"picked":"Underhanded Strike","floor":8},{"not_picked":["Terror","Choke","Catalyst"],"picked":"Outmaneuver","floor":11},{"not_picked":["Poisoned Stab","Bane","Wraith Form v2"],"picked":"Quick Slash","floor":12},{"not_picked":["Sucker Punch","Blade Dance","Deadly Poison"],"picked":"Eviscerate","floor":13}],"player_experience":112339,"relics_obtained":[{"floor":8,"key":"Gremlin Horn"},{"floor":9,"key":"Question Card"},{"floor":12,"key":"Anchor"},{"floor":13,"key":"Odd Mushroom"},{"floor":14,"key":"The Specimen"}],"event_choices":[{"damage_healed":0,"gold_gain":0,"player_choice":"Take Damage","damage_taken":17,"relics_obtained":["Golden Idol"],"max_hp_gain":0,"max_hp_loss":0,"event_name":"Golden Idol","floor":3,"gold_loss":0},{"damage_healed":0,"gold_gain":0,"player_choice":"Rummage","damage_taken":0,"relics_obtained":["WarpedTongs"],"max_hp_gain":0,"max_hp_loss":0,"event_name":"Accursed Blacksmith","floor":5,"gold_loss":0,"cards_obtained":["Pain"]},{"damage_healed":0,"gold_gain":0,"player_choice":"Fought Mushrooms","damage_taken":0,"max_hp_gain":0,"max_hp_loss":0,"event_name":"Mushrooms","floor":13,"gold_loss":0}],"is_beta":false,"boss_relics":[],"items_purged_floors":[],"is_endless":false,"potions_floor_spawned":[1,8],"killed_by":"Hexaghost","ascension_level":7}