{"gold_per_floor":[112,112,132,147,157,188,208,208,208,208,218,245,245,374,386,502,514,545,557,190,218,218,218,235,235,290,303,335,335,39,55,55,158,158,175,175,175,231,249,249,274,397,397,397,410,445,18,35,35,35],"floor_reached":51,"playtime":3205,"items_purged":["Strike_R"],"score":1225,"play_id":"17587e68-ea72-432b-b0b8-c0f11bc89d0e","local_time":"20181113125050","is_ascension_mode":true,"campfire_choices":[{"data":"infinitespire:OneForAll","floor":8.0,"key":"SMITH"},{"data":"Demonic Infusion","floor":10.0,"key":"SMITH"},{"floor":13.0,"key":"REST"},{"data":"Disarm","floor":15.0,"key":"SMITH"},{"data":"Shrug It Off","floor":23.0,"key":"SMITH"},{"data":"Battle Trance","floor":23.0,"key":"SMITH"},{"data":"Metallicize","floor":25.0,"key":"SMITH"},{"data":"Bash","floor":25.0,"key":"SMITH"},{"data":"True Grit","floor":29.0,"key":"SMITH"},{"data":"ReplayTheSpireMod:Strike From Hell","floor":29.0,"key":"SMITH"},{"data":"ReplayReversal","floor":32.0,"key":"SMITH"},{"data":"Clash","floor":32.0,"key":"SMITH"},{"data":"infinitespire:DeathsTouch","floor":40,"key":"SMITH"},{"data":"Finesse","floor":40,"key":"SMITH"},{"data":"Impervious","floor":44,"key":"SMITH"},{"data":"beaked:Ceremony","floor":44,"key":"SMITH"},{"data":"Abandon","floor":49,"key":"SMITH"},{"data":"Defend_R","floor":49,"key":"SMITH"}],"neow_cost":"NONE","seed_source_timestamp":0,"circlet_count":0,"master_deck":["Strike_R","Strike_R","Strike_R","Defend_R","Defend_R","Defend_R","Defend_R+1","Bash+1","Clash+1","ReplayTheSpireMod:Strike From Hell+1","infinitespire:OneForAll+1","Demonic Infusion+1","Shockwave+1","Disarm+1","Battle Trance+1","Shrug It Off+1","Metallicize+1","Anger+1","Shockwave+1","True Grit+1","ReplayReversal+1","SwitchThreat","beaked:Ceremony+1","Impervious+1","Finesse+1","infinitespire:DeathsTouch+1","True Grit+1","Pummel+1","Abandon+1"],"special_seed":0,"relics":["Burning Blood","Anchor","Champion Belt","Thread and Needle","MawBank","beaked:MawFillet","construct:FoamFinger","Arrowhead","ReplayTheSpireMod:Lightbulb","Paper Frog","infinitespire:Magic Flask","ReplayTheSpireMod:SealedPack","Chameleon Ring","Counterbalance","CowardCrown","Blood Vial","infinitespire:Burning Sword","TheAbacus","Dream Catcher"],"potions_floor_usage":[42,50,50,50],"damage_taken":[{"damage":2.0,"enemies":"Jaw Worm","floor":1.0,"turns":3.0},{"damage":0.0,"enemies":"Cultist","floor":3.0,"turns":3.0},{"damage":0.0,"enemies":"conspire:RoseBush","floor":4.0,"turns":5.0},{"damage":11.0,"enemies":"Blue Slaver","floor":5.0,"turns":4.0},{"damage":65.0,"enemies":"3 Sentries","floor":6.0,"turns":14.0},{"damage":7.0,"enemies":"Red Slaver","floor":7.0,"turns":4.0},{"damage":4.0,"enemies":"Looter","floor":11.0,"turns":3.0},{"damage":20.0,"enemies":"Lagavulin","floor":12.0,"turns":6.0},{"damage":6.0,"enemies":"3 Sentries","floor":14.0,"turns":9.0},{"damage":3.0,"enemies":"RustBeast","floor":16.0,"turns":11.0},{"damage":0.0,"enemies":"3 Byrds","floor":18.0,"turns":8.0},{"damage":6.0,"enemies":"conspire:Head Lice","floor":21.0,"turns":17.0},{"damage":0.0,"enemies":"Shell Parasite","floor":24.0,"turns":3.0},{"damage":0.0,"enemies":"Snake Plant","floor":27.0,"turns":4.0},{"damage":1.0,"enemies":"Snake Plant","floor":28.0,"turns":7.0},{"damage":0.0,"enemies":"Chosen and Byrds","floor":31.0,"turns":4.0},{"damage":6.0,"enemies":"Automaton","floor":33.0,"turns":10.0},{"damage":8,"enemies":"Orb Walker","floor":35,"turns":3},{"damage":0,"enemies":"3 Darklings","floor":39,"turns":5},{"damage":4,"enemies":"beaked:SuperParasite","floor":41,"turns":6},{"damage":2,"enemies":"Nemesis","floor":42,"turns":7},{"damage":0,"enemies":"Transient","floor":45,"turns":5},{"damage":0,"enemies":"Transient","floor":46,"turns":5},{"damage":0,"enemies":"Spire Growth","floor":48,"turns":4},{"damage":10,"enemies":"Donu and Deca","floor":50,"turns":8}],"seed_played":"1522249359027833745","potions_obtained":[{"floor":2.0,"key":"Toxic Potion"},{"floor":2.0,"key":"BloodPotion"},{"floor":2.0,"key":"construct:ShiftPotion"},{"floor":4.0,"key":"Languid Potion"},{"floor":6.0,"key":"BloodPotion"},{"floor":7.0,"key":"Strength Potion"},{"floor":14.0,"key":"Poison Potion"},{"floor":18.0,"key":"EssenceOfSteel"},{"floor":31.0,"key":"Swift Potion"},{"floor":33.0,"key":"Block Potion"},{"floor":38,"key":"EssenceOfSteel"},{"floor":41,"key":"Flashbang"},{"floor":46,"key":"Poison Potion"}],"is_trial":false,"path_per_floor":["M","?","M","M","M","E","M","R","T","R","M","E","R","E","R","B",null,"M","?","$","E","?","R","M","R","T","M","NM","R","$","M","R","B",null,"M","?","?","?","M","R","E","E","T","R","M","NM","$","M","R","B",null],"character_chosen":"IRONCLAD","items_purchased":["construct:FoamFinger","infinitespire:Magic Flask","Abandon","TheAbacus","Dream Catcher"],"campfire_rested":1,"item_purchase_floors":[20,30,47,47,47],"current_hp_per_floor":[76,76,80,80,75,24,31,31,31,31,33,19,43,43,43,46,72,78,78,78,78,78,78,80,80,80,80,80,80,80,80,80,80,80,78,78,76,57,63,63,65,69,69,69,76,76,76,76,76,72],"gold":35,"neow_bonus":"THREE_CARDS","is_prod":false,"is_daily":false,"chose_seed":false,"campfire_upgraded":17,"win_rate":0,"timestamp":1542109850,"path_taken":["M","?","?","?","M","E","M","R","T","R","M","E","R","E","R","BOSS","M","?","?","E","?","R","M","R","T","M","NM","R","?","?","R","BOSS","M","?","?","?","?","R","E","E","T","R","?","NM","?","?","R","BOSS"],"build_version":"2018-11-08","purchased_purges":1,"victory":true,"max_hp_per_floor":[80,80,80,80,80,80,80,80,80,80,80,80,80,80,80,80,80,80,80,80,80,80,80,80,80,80,80,80,80,80,80,80,80,80,80,80,76,76,76,76,76,76,76,76,76,76,76,76,76,76],"card_choices":[{"not_picked":["Twin Strike","Power Through"],"picked":"Clash","floor":0.0},{"not_picked":["Pommel Strike","Rupture"],"picked":"ReplayTheSpireMod:Strike From Hell","floor":1.0},{"not_picked":["Power Through","Corruption"],"picked":"infinitespire:OneForAll","floor":3.0},{"not_picked":["Pommel Strike","Feel No Pain"],"picked":"Demonic Infusion","floor":6.0},{"not_picked":["Heavy Blade","Shrug It Off"],"picked":"Shockwave","floor":7.0},{"not_picked":["Headbutt","Rage"],"picked":"Disarm","floor":11.0},{"not_picked":["Iron Wave","WeightedArmbands"],"picked":"Battle Trance","floor":12.0},{"not_picked":["Bloodthirst","Berserk"],"picked":"Shrug It Off","floor":14.0},{"not_picked":["Iron Wave","Rage"],"picked":"Metallicize","floor":18.0},{"not_picked":["Flex+1","Twin Strike"],"picked":"Anger+1","floor":21.0},{"not_picked":["Rage","Thunderclap"],"picked":"Shockwave+1","floor":24.0},{"not_picked":["Burning Pact","Sentinel"],"picked":"True Grit","floor":27.0},{"not_picked":["Dual Wield","Clothesline"],"picked":"ReplayReversal","floor":31.0},{"not_picked":["Gatherer:FlowerWhip","construct:DefenseMode"],"picked":"beaked:Ceremony","floor":34},{"not_picked":["SwordBurial","Juggernaut"],"picked":"Impervious","floor":34},{"not_picked":["Blind","ReplayTheSpireMod:Trickstab"],"picked":"Finesse","floor":34},{"not_picked":["infinitespire:TheBestDefense","infinitespire:ReplayTheSpireMod:Haul"],"picked":"infinitespire:DeathsTouch","floor":34},{"not_picked":["Clash+1","Disarm"],"picked":"True Grit+1","floor":38},{"not_picked":["Armaments+1","Thunderclap+1"],"picked":"Pummel+1","floor":42}],"player_experience":1733315,"relics_obtained":[{"floor":6.0,"key":"Anchor"},{"floor":9.0,"key":"Champion Belt"},{"floor":12.0,"key":"Thread and Needle"},{"floor":14.0,"key":"MawBank"},{"floor":21.0,"key":"Arrowhead"},{"floor":26.0,"key":"ReplayTheSpireMod:Lightbulb"},{"floor":28.0,"key":"Paper Frog"},{"floor":38,"key":"Chameleon Ring"},{"floor":41,"key":"Counterbalance"},{"floor":42,"key":"CowardCrown"},{"floor":43,"key":"Blood Vial"},{"floor":46,"key":"infinitespire:Burning Sword"}],"event_choices":[{"damage_healed":0.0,"max_hp_gain":0.0,"max_hp_loss":0.0,"gold_gain":0.0,"event_name":"Lab","player_choice":"Got Potions","floor":2.0,"gold_loss":0.0,"damage_taken":0.0},{"damage_healed":0.0,"max_hp_gain":0.0,"max_hp_loss":0.0,"gold_gain":0.0,"event_name":"Accursed Blacksmith","player_choice":"Forge","floor":19.0,"gold_loss":0.0,"damage_taken":0.0,"cards_upgraded":["Shockwave"]},{"cards_removed":["Strike_R"],"damage_healed":0,"gold_gain":0,"player_choice":"Removed Attack","damage_taken":0,"max_hp_gain":0,"max_hp_loss":0,"event_name":"Falling","floor":36,"gold_loss":0},{"damage_healed":0,"gold_gain":0,"player_choice":"Max HP","damage_taken":0,"max_hp_gain":0,"max_hp_loss":4,"event_name":"Winding Halls","floor":37,"gold_loss":0}],"is_beta":false,"boss_relics":[{"not_picked":["Calling Bell","Kintsugi"],"picked":"beaked:MawFillet"},{"not_picked":["Black Blood","Mark of Pain"],"picked":"ReplayTheSpireMod:SealedPack"}],"items_purged_floors":[20],"is_endless":false,"potions_floor_spawned":[4,5,6,7,11,14,18,31,33,41,46],"ascension_level":9}