{"gold_per_floor":[114,114,127,137,62,62,74,74,99,99,126,126,126,170,170,293,293,316,266,291,316,146,146,180,200,226,246,41,55,55,55,55,181,181,194,44,44,44,44,44,377,410,410,380,380,380,380,414,414,414],"floor_reached":50,"playtime":1604,"items_purged":["Shame","Strike_G","Strike_G","Writhe"],"score":763,"play_id":"b49e122f-c3b8-4cba-ba50-a259a78737da","local_time":"20190318133510","is_ascension_mode":true,"campfire_choices":[{"data":"Poisoned Stab","floor":6.0,"key":"SMITH"},{"data":"Footwork","floor":8.0,"key":"SMITH"},{"data":"Neutralize","floor":10.0,"key":"SMITH"},{"floor":15.0,"key":"REST"},{"data":"Wraith Form v2","floor":23.0,"key":"SMITH"},{"floor":32.0,"key":"REST"},{"data":"Noxious Fumes","floor":40.0,"key":"SMITH"},{"data":"Well Laid Plans","floor":45.0,"key":"SMITH"},{"data":"Poisoned Stab","floor":47.0,"key":"SMITH"},{"data":"Poisoned Stab","floor":49.0,"key":"SMITH"}],"neow_cost":"CURSE","seed_source_timestamp":240960420568204,"circlet_count":0,"master_deck":["Defend_G","Defend_G","Defend_G","Defend_G","Defend_G","Strike_G","Strike_G","Strike_G","Survivor+1","Neutralize+1","Catalyst+1","Poisoned Stab+1","Deflect","Footwork+1","Poisoned Stab+1","Poisoned Stab+1","Wraith Form v2+1","Noxious Fumes+1","Well Laid Plans+1","Bouncing Flask+1","Madness"],"special_seed":0,"relics":["Ring of the Snake","Gambling Chip","Bronze Scales","Orichalcum","Lantern","Busted Crown","Strawberry","Ancient Tea Set","Juzu Bracelet","Eternal Feather","Mummified Hand","Bottled Tornado","Gremlin Horn","Molten Egg 2"],"potions_floor_usage":[50,50,50],"damage_taken":[{"damage":0.0,"enemies":"2 Louse","floor":1.0,"turns":3.0},{"damage":4.0,"enemies":"Small Slimes","floor":3.0,"turns":4.0},{"damage":6.0,"enemies":"Cultist","floor":4.0,"turns":3.0},{"damage":0.0,"enemies":"Red Slaver","floor":7.0,"turns":2.0},{"damage":18.0,"enemies":"Gremlin Nob","floor":11.0,"turns":4.0},{"damage":20.0,"enemies":"3 Sentries","floor":14.0,"turns":8.0},{"damage":5.0,"enemies":"Slime Boss","floor":16.0,"turns":9.0},{"damage":12.0,"enemies":"2 Thieves","floor":18.0,"turns":3.0},{"damage":0.0,"enemies":"Chosen","floor":20.0,"turns":4.0},{"damage":2.0,"enemies":"Snecko","floor":21.0,"turns":4.0},{"damage":27.0,"enemies":"Slavers","floor":24.0,"turns":6.0},{"damage":2.0,"enemies":"3 Cultists","floor":25.0,"turns":5.0},{"damage":10.0,"enemies":"Snake Plant","floor":27.0,"turns":3.0},{"damage":4.0,"enemies":"Shelled Parasite and Fungi","floor":29.0,"turns":5.0},{"damage":25.0,"enemies":"Champ","floor":33.0,"turns":7.0},{"damage":0.0,"enemies":"3 Shapes","floor":35.0,"turns":5.0},{"damage":33.0,"enemies":"Giant Head","floor":42.0,"turns":7.0},{"damage":7.0,"enemies":"Nemesis","floor":48.0,"turns":5.0},{"damage":73,"enemies":"Awakened One","floor":50,"turns":12}],"seed_played":"-8213175386875201757","potions_obtained":[{"floor":3.0,"key":"SteroidPotion"},{"floor":4.0,"key":"PowerPotion"},{"floor":16.0,"key":"SpeedPotion"},{"floor":20.0,"key":"SpeedPotion"},{"floor":24.0,"key":"GamblersBrew"},{"floor":29.0,"key":"Fruit Juice"},{"floor":33.0,"key":"LiquidBronze"},{"floor":35.0,"key":"PowerPotion"},{"floor":42.0,"key":"GamblersBrew"},{"floor":44.0,"key":"Energy Potion"},{"floor":44.0,"key":"Fire Potion"}],"is_trial":false,"path_per_floor":["M","?","M","M","$","R","M","R","T","R","E","?","?","E","R","B",null,"M","?","M","M","$","R","E","M","T","M","$","M","?","?","R","B",null,"M","$","?","T","$","R","?","E","T","?","R","?","R","E","R","B"],"character_chosen":"THE_SILENT","items_purchased":["Noxious Fumes","Well Laid Plans"],"campfire_rested":2,"item_purchase_floors":[22,28],"current_hp_per_floor":[63,49,45,39,39,39,39,39,39,39,21,44,44,24,43,38,58,46,46,46,44,44,44,24,22,22,12,12,8,8,8,36,11,61,61,61,51,51,51,63,63,30,30,30,42,42,54,47,59,0],"gold":414,"neow_bonus":"ONE_RARE_RELIC","is_prod":false,"is_daily":false,"chose_seed":false,"campfire_upgraded":8,"win_rate":0,"timestamp":1552912510,"path_taken":["M","?","M","M","$","R","M","R","T","R","E","?","?","E","R","BOSS","M","?","M","M","$","R","E","M","T","?","?","M","?","?","R","BOSS","M","$","?","?","$","R","?","E","T","?","R","?","R","E","R","BOSS"],"build_version":"2019-01-23","purchased_purges":4,"victory":false,"max_hp_per_floor":[70,70,70,70,70,70,70,70,70,70,70,70,65,65,65,65,65,65,65,65,65,65,65,72,72,72,72,72,72,72,72,77,77,77,77,77,77,77,77,77,77,77,77,77,77,73,73,73,73,73],"card_choices":[{"not_picked":["Skewer","Dash"],"picked":"Catalyst","floor":1.0},{"not_picked":["Bane","Dagger Throw"],"picked":"Poisoned Stab","floor":3.0},{"not_picked":["Flechettes","Acrobatics"],"picked":"Deflect","floor":4.0},{"not_picked":["Dodge and Roll","Crippling Poison"],"picked":"Footwork","floor":7.0},{"not_picked":["Blade Dance","Outmaneuver"],"picked":"Poisoned Stab","floor":11.0},{"not_picked":["Predator","Backflip"],"picked":"Poisoned Stab","floor":14.0},{"not_picked":["Die Die Die","Glass Knife"],"picked":"Wraith Form v2","floor":16.0},{"not_picked":["Outmaneuver"],"picked":"SKIP","floor":18.0},{"not_picked":["Reflex"],"picked":"SKIP","floor":20.0},{"not_picked":["Slice"],"picked":"SKIP","floor":21.0},{"not_picked":["Choke"],"picked":"SKIP","floor":24.0},{"not_picked":["Deflect"],"picked":"SKIP","floor":25.0},{"not_picked":["Flying Knee"],"picked":"SKIP","floor":27.0},{"not_picked":[],"picked":"Bouncing Flask+1","floor":29.0},{"not_picked":["Dash"],"picked":"SKIP","floor":35.0},{"not_picked":[],"picked":"Madness","floor":37.0},{"not_picked":["Reflex+1"],"picked":"SKIP","floor":42.0},{"not_picked":["PiercingWail"],"picked":"SKIP","floor":48.0}],"player_experience":101315,"relics_obtained":[{"floor":9.0,"key":"Bronze Scales"},{"floor":11.0,"key":"Orichalcum"},{"floor":14.0,"key":"Lantern"},{"floor":24.0,"key":"Strawberry"},{"floor":26.0,"key":"Ancient Tea Set"},{"floor":38.0,"key":"Mummified Hand"},{"floor":42.0,"key":"Bottled Tornado"},{"floor":43.0,"key":"Gremlin Horn"},{"floor":48.0,"key":"Molten Egg 2"}],"event_choices":[{"damage_healed":0.0,"max_hp_gain":0.0,"max_hp_loss":0.0,"gold_gain":0.0,"event_name":"Shining Light","player_choice":"Entered Light","floor":2.0,"gold_loss":0.0,"damage_taken":14.0,"cards_upgraded":["Catalyst","Survivor"]},{"damage_healed":23.0,"max_hp_gain":0.0,"max_hp_loss":0.0,"gold_gain":0.0,"event_name":"Big Fish","player_choice":"Banana","floor":12.0,"gold_loss":0.0,"damage_taken":0.0},{"damage_healed":0.0,"max_hp_gain":0.0,"max_hp_loss":5.0,"gold_gain":0.0,"event_name":"Golden Idol","player_choice":"Lose Max HP","floor":13.0,"gold_loss":0.0,"damage_taken":0.0,"relics_obtained":["Golden Idol"]},{"damage_healed":0.0,"max_hp_gain":0.0,"max_hp_loss":0.0,"gold_gain":0.0,"event_name":"The Joust","player_choice":"Bet on Murderer","floor":19.0,"gold_loss":50.0,"damage_taken":0.0},{"damage_healed":0.0,"max_hp_gain":0.0,"max_hp_loss":0.0,"gold_gain":0.0,"event_name":"The Mausoleum","player_choice":"Opened","floor":30.0,"gold_loss":0.0,"damage_taken":0.0,"relics_obtained":["Juzu Bracelet"],"cards_obtained":["Writhe"]},{"damage_healed":0.0,"max_hp_gain":0.0,"max_hp_loss":0.0,"gold_gain":0.0,"event_name":"Ghosts","player_choice":"Ignored","floor":31.0,"gold_loss":0.0,"damage_taken":0.0},{"damage_healed":0.0,"max_hp_gain":0.0,"max_hp_loss":0.0,"gold_gain":0.0,"event_name":"SensoryStone","player_choice":"Memory 3","floor":37.0,"gold_loss":0.0,"damage_taken":10.0},{"damage_healed":0.0,"max_hp_gain":0.0,"max_hp_loss":0.0,"gold_gain":333.0,"event_name":"The Moai Head","player_choice":"Gave Idol","floor":41.0,"relics_lost":["Golden Idol"],"gold_loss":0.0,"damage_taken":0.0},{"damage_healed":0.0,"max_hp_gain":0.0,"max_hp_loss":0.0,"gold_gain":0.0,"event_name":"The Woman in Blue","player_choice":"Bought 2 Potions","floor":44.0,"gold_loss":0.0,"damage_taken":0.0},{"damage_healed":0.0,"max_hp_gain":0.0,"max_hp_loss":4.0,"gold_gain":0.0,"event_name":"Winding Halls","player_choice":"Max HP","floor":46.0,"gold_loss":0.0,"damage_taken":0.0}],"is_beta":false,"boss_relics":[{"not_picked":["Philosopher\u0027s Stone","Coffee Dripper"],"picked":"Busted Crown"},{"not_picked":["Runic Pyramid","Fusion Hammer"],"picked":"Eternal Feather"}],"items_purged_floors":[5,22,28,36],"is_endless":false,"potions_floor_spawned":[3,4,16,20,24,29,33,35,42,48],"killed_by":"Awakened One","ascension_level":7}