{"gold_per_floor":[116,128,128,128,140,167,167,180,227,261,261,291,291,6,6,108,108,121,121,71,89,109,139,153,165,165,165,224,237,250,22,22,117,117,132,149,166,180,280,280,294,322,374,374,312,29,29,48,48,48],"floor_reached":51,"playtime":9002,"items_purged":["Strike_R","Shame","Strike_R"],"score":1060,"play_id":"866897bb-5549-4388-ac2f-215dce233665","local_time":"20190511233550","is_ascension_mode":true,"campfire_choices":[{"floor":7,"key":"REST"},{"floor":11,"key":"REST"},{"data":"Shockwave","floor":15,"key":"SMITH"},{"floor":27,"key":"REST"},{"data":"Entrench","floor":32,"key":"SMITH"},{"data":"Apotheosis","floor":40,"key":"SMITH"},{"floor":47,"key":"REST"},{"floor":49,"key":"REST"}],"neow_cost":"NONE","seed_source_timestamp":4592790700773491,"circlet_count":0,"master_deck":["Strike_R","Strike_R","Defend_R","Defend_R","Defend_R","Defend_R","Bash","Inflame","Whirlwind","Flame Barrier","Flame Barrier","Shockwave+1","Headbutt+1","Whirlwind+1","Metallicize","Double Tap","Shrug It Off","Flame Barrier","Clash+1","Shrug It Off+1","Battle Trance","Twin Strike+1","True Grit","Whirlwind+1","Bludgeon+1","Apotheosis+1","Entrench+1","Demon Form","Clothesline+1","Inflame+1","Pommel Strike+1","Heavy Blade+1","Havoc","Fiend Fire+1","Havoc+1","Discovery","Dark Shackles","Dark Shackles","Uppercut+1","Sword Boomerang+1"],"relics":["Burning Blood","Molten Egg 2","Happy Flower","Smiling Mask","Centennial Puzzle","Oddly Smooth Stone","White Beast Statue","Red Skull","Potion Belt","Kunai","Tiny Chest","Snecko Eye","Turnip","Dodecahedron","Vajra","Bag of Preparation","Strawberry"],"potions_floor_usage":[6,10,10,23,23,28,28,33,33,33,33,42,50],"damage_taken":[{"damage":3,"enemies":"Jaw Worm","floor":1,"turns":5},{"damage":7,"enemies":"2 Louse","floor":2,"turns":3},{"damage":6,"enemies":"Cultist","floor":5,"turns":4},{"damage":33,"enemies":"3 Sentries","floor":6,"turns":7},{"damage":9,"enemies":"3 Louse","floor":8,"turns":6},{"damage":32,"enemies":"Gremlin Nob","floor":10,"turns":5},{"damage":17,"enemies":"Lagavulin","floor":12,"turns":8},{"damage":12,"enemies":"Slime Boss","floor":16,"turns":7},{"damage":0,"enemies":"3 Byrds","floor":18,"turns":4},{"damage":0,"enemies":"Chosen","floor":21,"turns":3},{"damage":5,"enemies":"3 Cultists","floor":22,"turns":3},{"damage":40,"enemies":"Slavers","floor":23,"turns":6},{"damage":15,"enemies":"Snake Plant","floor":24,"turns":4},{"damage":9,"enemies":"Sentry and Sphere","floor":25,"turns":4},{"damage":1,"enemies":"Book of Stabbing","floor":28,"turns":7},{"damage":13,"enemies":"Chosen and Byrds","floor":29,"turns":7},{"damage":4,"enemies":"Centurion and Healer","floor":30,"turns":5},{"damage":66,"enemies":"Collector","floor":33,"turns":15},{"damage":1,"enemies":"3 Darklings","floor":35,"turns":3},{"damage":0,"enemies":"Orb Walker","floor":36,"turns":2},{"damage":0,"enemies":"3 Darklings","floor":37,"turns":3},{"damage":23,"enemies":"4 Shapes","floor":38,"turns":3},{"damage":7,"enemies":"Mind Bloom Boss Battle","floor":39,"turns":6},{"damage":12,"enemies":"Spire Growth","floor":41,"turns":4},{"damage":17,"enemies":"Giant Head","floor":42,"turns":6},{"damage":2,"enemies":"Maw","floor":48,"turns":4},{"damage":18,"enemies":"Donu and Deca","floor":50,"turns":6}],"seed_played":"-1135337431399199018","potions_obtained":[{"floor":1,"key":"Block Potion"},{"floor":2,"key":"EntropicBrew"},{"floor":10,"key":"Ancient Potion"},{"floor":12,"key":"SkillPotion"},{"floor":18,"key":"Weak Potion"},{"floor":22,"key":"SkillPotion"},{"floor":23,"key":"FearPotion"},{"floor":24,"key":"FearPotion"},{"floor":25,"key":"PowerPotion"},{"floor":28,"key":"SpeedPotion"},{"floor":29,"key":"SmokeBomb"},{"floor":30,"key":"Regen Potion"},{"floor":33,"key":"PowerPotion"},{"floor":35,"key":"Swift Potion"},{"floor":36,"key":"Weak Potion"},{"floor":37,"key":"FairyPotion"},{"floor":39,"key":"BloodPotion"},{"floor":42,"key":"PowerPotion"}],"is_trial":false,"path_per_floor":["?","?","?","?","?","?","?","M"],"character_chosen":"IRONCLAD","items_purchased":["Oddly Smooth Stone","Metallicize","Apotheosis","Entrench","Uppercut+1","Strawberry"],"campfire_rested":5,"item_purchase_floors":[14,14,31,31,46,46],"current_hp_per_floor":[75,74,67,72,72,45,70,67,67,41,66,55,55,55,55,49,76,82,82,82,85,85,51,42,39,39,64,69,62,64,64,64,19,69,74,80,85,68,67,67,61,50,50,40,40,47,74,78,92,80],"gold":48,"neow_bonus":"THREE_CARDS","is_prod":false,"is_daily":false,"chose_seed":false,"campfire_upgraded":3,"win_rate":0,"timestamp":1557632150,"path_taken":["M","M","?","?","M","E","R","M","T","E","R","E","?","$","R","BOSS","M","?","$","M","M","E","M","M","T","R","E","M","M","$","R","BOSS","M","M","M","M","?","R","M","E","T","?","?","$","R","?","R","BOSS"],"build_version":"2019-01-23","purchased_purges":3,"victory":true,"max_hp_per_floor":[80,80,80,85,85,85,85,85,85,85,85,85,85,85,85,85,85,85,85,85,85,85,85,85,85,85,85,85,85,85,85,85,85,85,85,85,85,85,85,85,85,85,85,85,85,92,92,92,92,92],"card_choices":[{"not_picked":["Armaments","Anger"],"picked":"Inflame","floor":0},{"not_picked":["Dropkick","Clash"],"picked":"Whirlwind","floor":1},{"not_picked":["Anger","Flex","Thunderclap"],"picked":"SKIP","floor":2},{"not_picked":["Heavy Blade","Burning Pact"],"picked":"Flame Barrier","floor":5},{"not_picked":["Twin Strike","Armaments"],"picked":"Flame Barrier","floor":6},{"not_picked":["Pommel Strike+1","Intimidate"],"picked":"Shockwave","floor":8},{"not_picked":["Inflame","Second Wind"],"picked":"Headbutt+1","floor":10},{"not_picked":["Dual Wield","Combust"],"picked":"Whirlwind+1","floor":12},{"not_picked":["Dark Embrace","Immolate+1"],"picked":"Double Tap","floor":16},{"not_picked":["Second Wind+1","Fire Breathing"],"picked":"Shrug It Off","floor":18},{"not_picked":["Armaments","Clash+1"],"picked":"Flame Barrier","floor":21},{"not_picked":["Second Wind","Anger+1"],"picked":"Clash+1","floor":22},{"not_picked":["Inflame","Anger+1"],"picked":"Shrug It Off+1","floor":23},{"not_picked":["True Grit","Reckless Charge+1"],"picked":"Battle Trance","floor":24},{"not_picked":["Fire Breathing","Perfected Strike+1"],"picked":"Twin Strike+1","floor":25},{"not_picked":["Twin Strike+1","Infernal Blade"],"picked":"True Grit","floor":28},{"not_picked":["Wild Strike+1","Havoc"],"picked":"Whirlwind+1","floor":29},{"not_picked":["Warcry","Pummel+1"],"picked":"Bludgeon+1","floor":30},{"not_picked":["Fiend Fire+1","Bludgeon+1"],"picked":"Demon Form","floor":33},{"not_picked":["Wild Strike+1","Carnage+1"],"picked":"Clothesline+1","floor":35},{"not_picked":["Twin Strike+1","Flex+1"],"picked":"Inflame+1","floor":36},{"not_picked":["Flex+1","Anger+1"],"picked":"Pommel Strike+1","floor":37},{"not_picked":["Rage+1","Body Slam+1"],"picked":"Heavy Blade+1","floor":38},{"not_picked":["Clothesline+1","Perfected Strike+1"],"picked":"Havoc","floor":39},{"not_picked":["Reckless Charge+1","Havoc"],"picked":"Fiend Fire+1","floor":41},{"not_picked":["Warcry","Feel No Pain"],"picked":"Havoc+1","floor":42},{"not_picked":["Madness","Sadistic Nature"],"picked":"Discovery","floor":44},{"not_picked":["Dramatic Entrance+1","Master of Strategy"],"picked":"Dark Shackles","floor":44},{"not_picked":["Jack Of All Trades","Dramatic Entrance+1"],"picked":"Dark Shackles","floor":44},{"not_picked":["Headbutt+1","Clash+1"],"picked":"Sword Boomerang+1","floor":48}],"player_experience":395382,"relics_obtained":[{"floor":6,"key":"Molten Egg 2"},{"floor":9,"key":"Happy Flower"},{"floor":10,"key":"Smiling Mask"},{"floor":12,"key":"Centennial Puzzle"},{"floor":23,"key":"Potion Belt"},{"floor":26,"key":"Kunai"},{"floor":28,"key":"Tiny Chest"},{"floor":39,"key":"Turnip"},{"floor":42,"key":"Dodecahedron"},{"floor":43,"key":"Vajra"}],"event_choices":[{"cards_removed":["Strike_R"],"damage_healed":0,"gold_gain":0,"player_choice":"Card Removal","damage_taken":7,"max_hp_gain":0,"max_hp_loss":0,"event_name":"Golden Wing","floor":3,"gold_loss":0},{"damage_healed":0,"gold_gain":0,"player_choice":"Donut","damage_taken":0,"max_hp_gain":5,"max_hp_loss":0,"event_name":"Big Fish","floor":4,"gold_loss":0},{"damage_healed":0,"gold_gain":0,"player_choice":"Bought 0 Potions","damage_taken":0,"max_hp_gain":0,"max_hp_loss":0,"event_name":"The Woman in Blue","floor":13,"gold_loss":0},{"damage_healed":0,"gold_gain":0,"player_choice":"Stole Relic","damage_taken":0,"relics_obtained":["Red Skull"],"max_hp_gain":0,"max_hp_loss":0,"event_name":"Addict","floor":19,"gold_loss":0,"cards_obtained":["Shame"]},{"damage_healed":0,"gold_gain":0,"player_choice":"Fight","damage_taken":0,"max_hp_gain":0,"max_hp_loss":0,"event_name":"MindBloom","floor":39,"gold_loss":0},{"damage_healed":0,"gold_gain":0,"player_choice":"Memory 3","damage_taken":10,"max_hp_gain":0,"max_hp_loss":0,"event_name":"SensoryStone","floor":44,"gold_loss":0},{"damage_healed":0,"gold_gain":0,"player_choice":"Paid Gold","damage_taken":0,"relics_obtained":["Bag of Preparation"],"max_hp_gain":0,"max_hp_loss":0,"event_name":"WeMeetAgain","floor":45,"gold_loss":62}],"is_beta":false,"boss_relics":[{"not_picked":["Empty Cage","Runic Dome"],"picked":"White Beast Statue"},{"not_picked":["Tiny House","Sozu"],"picked":"Snecko Eye"}],"items_purged_floors":[14,20,46],"is_endless":false,"potions_floor_spawned":[1,2,10,12,18,21,22,23,24,25,28,29,30,33,35,36,37,38,39,41,42,48],"ascension_level":9}