{"gold_per_floor":[115,132,132,132,142,175,175,203,203,218,6,6,34,48,48,150,150,163,175,187,222,237,264,264,264,264,264,297,313,228,34,34,131,131,151,151,72,92,147,147],"floor_reached":40,"playtime":4112,"items_purged":[],"score":618,"play_id":"c55b0c03-6594-46f3-b916-8009cf876783","local_time":"20190504013003","is_ascension_mode":true,"campfire_choices":[{"floor":12,"key":"REST"},{"data":"Turbo","floor":15,"key":"SMITH"},{"floor":25,"key":"REST"},{"data":"Zap","floor":32,"key":"SMITH"}],"neow_cost":"NONE","seed_source_timestamp":3924773710465133,"circlet_count":0,"master_deck":["Strike_B+1","Strike_B+1","Strike_B+1","Strike_B+1","Defend_B+1","Defend_B+1","Defend_B+1","Defend_B+1","Zap+1","Dualcast","Turbo+1","Tempest","Glacier","Double Energy+1","Seek","Glacier","Chill","Electrodynamics","Coolheaded","Machine Learning","Ball Lightning","Conserve Battery","Turbo","Loop","Hologram+1","Reinforced Body+1","Darkness","Reinforced Body","Electrodynamics","Redo+1","Madness","Madness","Sunder","Hologram+1","Skim"],"relics":["Cracked Core","Cables","Mercury Hourglass","Bronze Scales","Shuriken","Ice Cream","Regal Pillow","Turnip","Nuclear Battery","Red Mask","Calipers","Bottled Lightning","Ancient Tea Set","Emotion Chip","ClockworkSouvenir","Sozu","WingedGreaves"],"potions_floor_usage":[16,33,40],"damage_taken":[{"damage":0,"enemies":"Small Slimes","floor":1,"turns":3},{"damage":7,"enemies":"Jaw Worm","floor":2,"turns":3},{"damage":0,"enemies":"Cultist","floor":5,"turns":3},{"damage":18,"enemies":"Lagavulin","floor":6,"turns":6},{"damage":5,"enemies":"3 Sentries","floor":8,"turns":4},{"damage":1,"enemies":"Looter","floor":10,"turns":2},{"damage":0,"enemies":"Gremlin Nob","floor":13,"turns":2},{"damage":0,"enemies":"Gremlin Gang","floor":14,"turns":3},{"damage":1,"enemies":"Slime Boss","floor":16,"turns":5},{"damage":0,"enemies":"2 Thieves","floor":18,"turns":2},{"damage":3,"enemies":"Spheric Guardian","floor":19,"turns":4},{"damage":0,"enemies":"3 Cultists","floor":20,"turns":3},{"damage":0,"enemies":"Masked Bandits","floor":21,"turns":2},{"damage":17,"enemies":"Centurion and Healer","floor":22,"turns":4},{"damage":24,"enemies":"Gremlin Leader","floor":23,"turns":5},{"damage":0,"enemies":"Slavers","floor":28,"turns":3},{"damage":0,"enemies":"Snecko","floor":29,"turns":5},{"damage":5,"enemies":"Champ","floor":33,"turns":22},{"damage":31,"enemies":"3 Darklings","floor":35,"turns":3},{"damage":3,"enemies":"Orb Walker","floor":38,"turns":3},{"damage":0,"enemies":"2 Orb Walkers","floor":39,"turns":4},{"damage":65,"enemies":"Giant Head","floor":40,"turns":10}],"seed_played":"8413101273724451837","potions_obtained":[{"floor":1,"key":"LiquidBronze"},{"floor":6,"key":"GamblersBrew"},{"floor":10,"key":"Strength Potion"},{"floor":13,"key":"LiquidBronze"},{"floor":18,"key":"Strength Potion"},{"floor":20,"key":"GamblersBrew"},{"floor":21,"key":"Dexterity Potion"},{"floor":23,"key":"SteroidPotion"},{"floor":29,"key":"Regen Potion"}],"is_trial":false,"path_per_floor":["?","T","M","?","M","?","?","?","?","?","?"],"character_chosen":"DEFECT","items_purchased":["Chill","Regal Pillow","ClockworkSouvenir","Sunder"],"campfire_rested":2,"item_purchase_floors":[11,11,31,37],"current_hp_per_floor":[82,75,57,57,57,39,39,34,34,33,33,72,72,72,72,71,82,82,79,79,79,62,38,38,77,77,61,61,61,61,61,61,56,87,56,45,45,42,42,0],"gold":147,"neow_bonus":"TEN_PERCENT_HP_BONUS","is_prod":false,"is_daily":false,"chose_seed":false,"campfire_upgraded":2,"win_rate":0,"timestamp":1556947803,"path_taken":["M","M","?","?","?","E","?","E","T","?","$","R","E","M","R","BOSS","M","M","M","?","M","E","?","R","T","?","E","M","?","$","R","BOSS","M","?","$","M","?","E"],"build_version":"2019-01-23","purchased_purges":0,"victory":false,"max_hp_per_floor":[82,82,82,82,82,82,82,82,82,82,82,82,82,82,82,82,82,82,82,82,82,82,82,82,82,82,87,87,87,87,87,87,87,87,87,87,87,87,87,87],"card_choices":[{"not_picked":["Reinforced Body","Stack"],"picked":"Turbo","floor":1},{"not_picked":["Gash","Redo"],"picked":"Tempest","floor":2},{"not_picked":["Steam","Turbo"],"picked":"Glacier","floor":5},{"not_picked":["Doom and Gloom","Leap"],"picked":"Double Energy","floor":6},{"not_picked":["Chill","Amplify"],"picked":"Seek","floor":8},{"not_picked":["Fusion","Steam"],"picked":"Glacier","floor":10},{"not_picked":["Coolheaded","Ball Lightning"],"picked":"Electrodynamics","floor":13},{"not_picked":["Barrage","Aggregate"],"picked":"Coolheaded","floor":14},{"not_picked":["All For One","Meteor Strike"],"picked":"Machine Learning","floor":16},{"not_picked":["Barrage","Static Discharge"],"picked":"Ball Lightning","floor":18},{"not_picked":["Leap","Streamline"],"picked":"Conserve Battery","floor":19},{"not_picked":["Conserve Battery","Fission"],"picked":"Turbo","floor":20},{"not_picked":["Rip and Tear+1","Force Field"],"picked":"Loop","floor":21},{"not_picked":["Turbo","Stack"],"picked":"Hologram+1","floor":22},{"not_picked":["Blizzard","Turbo"],"picked":"Reinforced Body+1","floor":23},{"not_picked":["Rip and Tear","Auto Shields+1"],"picked":"Darkness","floor":28},{"not_picked":["Streamline+1","Coolheaded"],"picked":"Reinforced Body","floor":29},{"not_picked":["Machine Learning","Amplify"],"picked":"Electrodynamics","floor":33},{"not_picked":["Hologram","Ball Lightning"],"picked":"Redo+1","floor":35},{"not_picked":["Compile Driver","Redo"],"picked":"Hologram+1","floor":38},{"not_picked":["Stack+1","Gash+1"],"picked":"Skim","floor":39}],"player_experience":229403,"relics_obtained":[{"floor":4,"key":"Mercury Hourglass"},{"floor":6,"key":"Bronze Scales"},{"floor":8,"key":"Shuriken"},{"floor":9,"key":"Ice Cream"},{"floor":13,"key":"Turnip"},{"floor":21,"key":"Red Mask"},{"floor":23,"key":"Calipers"},{"floor":26,"key":"Bottled Lightning"},{"floor":28,"key":"Ancient Tea Set"},{"floor":39,"key":"WingedGreaves"}],"event_choices":[{"damage_healed":0,"gold_gain":0,"player_choice":"Success","damage_taken":18,"relics_obtained":["Cables"],"max_hp_gain":0,"max_hp_loss":0,"event_name":"Scrap Ooze","floor":3,"gold_loss":0},{"damage_healed":0,"gold_gain":0,"player_choice":"Upgraded","damage_taken":0,"max_hp_gain":0,"max_hp_loss":0,"event_name":"Upgrade Shrine","floor":7,"gold_loss":0,"cards_upgraded":["Double Energy"]},{"damage_healed":0,"gold_gain":0,"player_choice":"Fought Bandits","damage_taken":0,"max_hp_gain":0,"max_hp_loss":0,"event_name":"Masked Bandits","floor":21,"gold_loss":0},{"damage_healed":0,"gold_gain":0,"player_choice":"Simplicity","damage_taken":0,"max_hp_gain":0,"max_hp_loss":0,"event_name":"Back to Basics","floor":24,"gold_loss":0,"cards_upgraded":["Strike_B","Strike_B","Strike_B","Strike_B","Defend_B","Defend_B","Defend_B","Defend_B"]},{"damage_healed":0,"gold_gain":0,"player_choice":"Shed Blood","damage_taken":21,"max_hp_gain":5,"max_hp_loss":0,"event_name":"Forgotten Altar","floor":27,"gold_loss":0},{"damage_healed":0,"gold_gain":0,"player_choice":"Obtained Relic","damage_taken":0,"relics_obtained":["Emotion Chip"],"max_hp_gain":0,"max_hp_loss":0,"event_name":"Addict","floor":30,"gold_loss":85},{"damage_healed":0,"gold_gain":0,"player_choice":"Embrace Madness","damage_taken":11,"max_hp_gain":0,"max_hp_loss":0,"event_name":"Winding Halls","floor":36,"gold_loss":0,"cards_obtained":["Madness","Madness"]},{"damage_healed":0,"gold_gain":0,"player_choice":"Fight","damage_taken":0,"max_hp_gain":0,"max_hp_loss":0,"event_name":"Mysterious Sphere","floor":39,"gold_loss":0}],"is_beta":false,"boss_relics":[{"not_picked":["Fusion Hammer","Philosopher\u0027s Stone"],"picked":"Nuclear Battery"},{"not_picked":["Empty Cage","FrozenCore"],"picked":"Sozu"}],"items_purged_floors":[],"is_endless":false,"potions_floor_spawned":[1,6,10,13,18,20,21,23,29,35,39],"killed_by":"Giant Head","ascension_level":4}