{"gold_per_floor":[119,119,119,136,155,155,175,202,280,280,296,16,16,28,28,133,133,144,157,157,37,37,37,37,68,68,83,93,109,139,152,152,252,252,267,116,133,145,161,195,195,221,221,233,233,37,50,69,69,69],"floor_reached":51,"playtime":4981,"items_purged":["Shame"],"score":1011,"play_id":"87723996-93f0-4d4a-a964-902c5631c43e","local_time":"20190501041609","is_ascension_mode":true,"campfire_choices":[{"data":"Infernal Blade","floor":6,"key":"SMITH"},{"data":"Armaments","floor":15,"key":"SMITH"},{"data":"Bash","floor":23,"key":"SMITH"},{"floor":32,"key":"REST"},{"floor":41,"key":"REST"},{"data":"Metallicize","floor":45,"key":"SMITH"},{"floor":49,"key":"REST"}],"neow_cost":"NONE","seed_source_timestamp":3674655191782489,"circlet_count":0,"master_deck":["Strike_R","Strike_R","Strike_R","Strike_R","Defend_R","Defend_R","Defend_R","Defend_R","Bash+1","Infernal Blade+1","Metallicize+1","Metallicize","Ghostly Armor","Bludgeon+1","Feel No Pain+1","Armaments+1","Juggernaut+1","Shrug It Off+1","Sever Soul+1","Shrug It Off+1","Disarm+1","Entrench+1","Heavy Blade","Bloodletting+1","True Grit+1","Barricade+1","Power Through+1","Reaper","Havoc+1","Panacea+1","Inflame+1","Body Slam+1","Armaments+1","Carnage+1","Juggernaut+1","Heavy Blade","Mayhem+1","Warcry+1","Parasite","Immolate"],"relics":["Burning Blood","Oddly Smooth Stone","Odd Mushroom","Bag of Marbles","Darkstone Periapt","Frozen Egg 2","Shuriken","Snecko Eye","Toxic Egg 2","Singing Bowl","Self Forming Clay","Vajra","Runic Dome","Letter Opener","Bottled Lightning","Question Card"],"potions_floor_usage":[8,16,16,30,33,40,50],"damage_taken":[{"damage":7,"enemies":"Jaw Worm","floor":1,"turns":3},{"damage":6,"enemies":"2 Louse","floor":4,"turns":3},{"damage":15,"enemies":"Small Slimes","floor":5,"turns":4},{"damage":6,"enemies":"The Mushroom Lair","floor":7,"turns":7},{"damage":19,"enemies":"Gremlin Nob","floor":8,"turns":4},{"damage":0,"enemies":"Looter","floor":11,"turns":1},{"damage":0,"enemies":"3 Louse","floor":14,"turns":1},{"damage":7,"enemies":"The Guardian","floor":16,"turns":10},{"damage":2,"enemies":"Spheric Guardian","floor":18,"turns":3},{"damage":0,"enemies":"3 Byrds","floor":19,"turns":4},{"damage":0,"enemies":"Gremlin Leader","floor":25,"turns":4},{"damage":6,"enemies":"Snecko","floor":27,"turns":4},{"damage":12,"enemies":"Chosen and Byrds","floor":28,"turns":4},{"damage":7,"enemies":"Centurion and Healer","floor":29,"turns":4},{"damage":43,"enemies":"Slavers","floor":30,"turns":5},{"damage":6,"enemies":"Sentry and Sphere","floor":31,"turns":3},{"damage":0,"enemies":"Champ","floor":33,"turns":13},{"damage":0,"enemies":"3 Darklings","floor":35,"turns":8},{"damage":0,"enemies":"Orb Walker","floor":37,"turns":4},{"damage":59,"enemies":"Writhing Mass","floor":38,"turns":5},{"damage":28,"enemies":"4 Shapes","floor":39,"turns":4},{"damage":21,"enemies":"Reptomancer","floor":40,"turns":11},{"damage":39,"enemies":"Giant Head","floor":42,"turns":9},{"damage":7,"enemies":"3 Darklings","floor":44,"turns":5},{"damage":15,"enemies":"Maw","floor":47,"turns":9},{"damage":8,"enemies":"Writhing Mass","floor":48,"turns":4},{"damage":86,"enemies":"Awakened One","floor":50,"turns":12}],"seed_played":"-313779953189391686","potions_obtained":[{"floor":4,"key":"Strength Potion"},{"floor":7,"key":"PowerPotion"},{"floor":11,"key":"EssenceOfSteel"},{"floor":18,"key":"SteroidPotion"},{"floor":27,"key":"EssenceOfSteel"},{"floor":28,"key":"SkillPotion"},{"floor":31,"key":"Block Potion"},{"floor":35,"key":"LiquidBronze"},{"floor":42,"key":"FearPotion"}],"is_trial":false,"path_per_floor":["M","?","?","M","M","R","?","E","T","T","M","$","?","M","R","B",null,"M","M","?","$","?","R","?","E","T","M","M","M","E","M","R","B",null,"M","$","M","M","M","E","R","E","T","M","R","$","M","M","R","B",null],"character_chosen":"IRONCLAD","items_purchased":["Feel No Pain+1","Shuriken","Shrug It Off+1","Panacea+1","Inflame+1","Mayhem+1"],"campfire_rested":3,"item_purchase_floors":[12,12,21,36,36,46],"current_hp_per_floor":[87,62,67,67,58,58,58,45,45,45,51,51,51,57,57,56,93,93,93,99,99,99,99,99,99,99,99,93,92,55,55,84,90,99,99,99,99,54,49,40,70,50,50,66,66,66,62,66,98,27],"gold":69,"neow_bonus":"TEN_PERCENT_HP_BONUS","is_prod":false,"is_daily":false,"chose_seed":false,"campfire_upgraded":4,"win_rate":0,"timestamp":1556698569,"path_taken":["M","?","?","M","M","R","?","E","T","?","M","$","?","?","R","BOSS","M","M","?","$","?","R","?","E","T","M","?","?","E","M","R","BOSS","M","?","M","M","M","E","R","E","T","?","R","?","M","M","R","BOSS"],"build_version":"2018-11-15","purchased_purges":1,"victory":true,"max_hp_per_floor":[88,88,93,93,93,93,93,93,93,93,93,93,93,93,93,93,93,93,93,99,99,99,99,99,99,99,99,99,99,99,99,99,99,99,99,99,99,99,101,101,101,101,101,101,101,101,101,107,107,107],"card_choices":[{"not_picked":["Cleave","Perfected Strike"],"picked":"Infernal Blade","floor":1},{"not_picked":["Thunderclap","Fire Breathing"],"picked":"Metallicize","floor":4},{"not_picked":["Spot Weakness","Havoc"],"picked":"Metallicize","floor":5},{"not_picked":["Pommel Strike","Heavy Blade"],"picked":"Ghostly Armor","floor":7},{"not_picked":["Anger","Perfected Strike"],"picked":"Bludgeon","floor":8},{"not_picked":["Iron Wave","Flex","Wild Strike"],"picked":"SKIP","floor":11},{"not_picked":["Clash","Perfected Strike"],"picked":"Armaments","floor":14},{"not_picked":["Immolate","Berserk+1"],"picked":"Juggernaut+1","floor":16},{"not_picked":["Inflame+1","Perfected Strike"],"picked":"Shrug It Off+1","floor":18},{"not_picked":["Rage+1","Evolve+1"],"picked":"Sever Soul+1","floor":19},{"not_picked":["Flex+1","Thunderclap"],"picked":"Entrench+1","floor":25},{"not_picked":["Evolve+1","Thunderclap+1"],"picked":"Heavy Blade","floor":27},{"not_picked":["Rupture+1","Fire Breathing+1"],"picked":"Bloodletting+1","floor":28},{"not_picked":["Reckless Charge","Perfected Strike"],"picked":"True Grit+1","floor":29},{"not_picked":["Power Through+1","Whirlwind"],"picked":"Barricade+1","floor":30},{"not_picked":["Blood for Blood","Flex+1"],"picked":"Power Through+1","floor":31},{"not_picked":["Double Tap+1","Offering+1"],"picked":"Reaper","floor":33},{"not_picked":["Anger+1","Wild Strike"],"picked":"Havoc+1","floor":35},{"not_picked":["Havoc+1","Evolve+1"],"picked":"Body Slam+1","floor":37},{"not_picked":["Sentinel+1","Twin Strike"],"picked":"Armaments+1","floor":38},{"not_picked":["Clash","Iron Wave+1","Brutality+1"],"picked":"Singing Bowl","floor":39},{"not_picked":["Heavy Blade+1","Perfected Strike"],"picked":"Carnage+1","floor":40},{"not_picked":["Flex+1","Body Slam"],"picked":"Juggernaut+1","floor":42},{"not_picked":["Thunderclap","Cleave+1","Intimidate+1"],"picked":"Heavy Blade","floor":44},{"not_picked":["Flex+1","Rampage+1","Iron Wave"],"picked":"Warcry+1","floor":47},{"not_picked":["Combust+1","Flex+1","Wild Strike+1"],"picked":"Immolate","floor":48}],"player_experience":179284,"relics_obtained":[{"floor":7,"key":"Odd Mushroom"},{"floor":8,"key":"Bag of Marbles"},{"floor":9,"key":"Darkstone Periapt"},{"floor":10,"key":"Frozen Egg 2"},{"floor":25,"key":"Singing Bowl"},{"floor":26,"key":"Self Forming Clay"},{"floor":30,"key":"Vajra"},{"floor":40,"key":"Letter Opener"},{"floor":42,"key":"Bottled Lightning"},{"floor":43,"key":"Question Card"}],"event_choices":[{"damage_healed":0,"gold_gain":0,"player_choice":"Success","damage_taken":25,"relics_obtained":["Oddly Smooth Stone"],"max_hp_gain":0,"max_hp_loss":0,"event_name":"Scrap Ooze","floor":2,"gold_loss":0},{"damage_healed":0,"gold_gain":0,"player_choice":"Donut","damage_taken":0,"max_hp_gain":5,"max_hp_loss":0,"event_name":"Big Fish","floor":3,"gold_loss":0},{"damage_healed":0,"gold_gain":0,"player_choice":"Fought Mushrooms","damage_taken":0,"max_hp_gain":0,"max_hp_loss":0,"event_name":"Mushrooms","floor":7,"gold_loss":0},{"damage_healed":0,"gold_gain":0,"player_choice":"Upgraded","damage_taken":0,"max_hp_gain":0,"max_hp_loss":0,"event_name":"Upgrade Shrine","floor":13,"gold_loss":0,"cards_upgraded":["Bludgeon"]},{"damage_healed":0,"gold_gain":0,"player_choice":"Stole Relic","damage_taken":0,"relics_obtained":["Toxic Egg 2"],"max_hp_gain":0,"max_hp_loss":0,"event_name":"Addict","floor":20,"gold_loss":0,"cards_obtained":["Shame"]},{"damage_healed":0,"gold_gain":0,"player_choice":"Read","damage_taken":0,"max_hp_gain":0,"max_hp_loss":0,"event_name":"The Library","floor":22,"gold_loss":0,"cards_obtained":["Disarm"]},{"cards_removed":["Strike_R"],"damage_healed":0,"gold_gain":0,"player_choice":"Purged","damage_taken":0,"max_hp_gain":0,"max_hp_loss":0,"event_name":"Purifier","floor":24,"gold_loss":0}],"is_beta":false,"boss_relics":[{"not_picked":["Busted Crown","Black Star"],"picked":"Snecko Eye"},{"not_picked":["Runic Pyramid","Black Blood"],"picked":"Runic Dome"}],"items_purged_floors":[21],"is_endless":false,"potions_floor_spawned":[4,7,11,18,27,28,31,35,42,47],"ascension_level":4}