{"gold_per_floor":[363,363,363,363,363,391,391,407,407,420,420,432,432],"floor_reached":13,"playtime":171,"items_purged":[],"score":158,"play_id":"65b21eb1-c84f-4f81-b790-a432ce6399f1","local_time":"20190529143132","is_ascension_mode":true,"campfire_choices":[{"floor":7,"key":"REST"},{"data":"Zap","floor":11,"key":"SMITH"}],"neow_cost":"TEN_PERCENT_HP_LOSS","seed_source_timestamp":185348330329344,"circlet_count":0,"master_deck":["AscendersBane","Strike_B","Strike_B","Strike_B","Strike_B","Defend_B","Defend_B","Defend_B","Defend_B","Zap+1","Dualcast","Capacitor","Beam Cell","Self Repair"],"relics":["Cracked Core","StoneCalendar","Kunai","Incense Burner","Blood Vial","Dead Branch"],"potions_floor_usage":[6],"damage_taken":[{"damage":7,"enemies":"Jaw Worm","floor":1,"turns":3},{"damage":44,"enemies":"Gremlin Nob","floor":6,"turns":4},{"damage":0,"enemies":"2 Louse","floor":8,"turns":1},{"damage":12,"enemies":"Cultist","floor":10,"turns":4},{"damage":11,"enemies":"Red Slaver","floor":12,"turns":3},{"damage":15,"enemies":"Lagavulin","floor":13,"turns":4}],"seed_played":"-7593952482128292461","potions_obtained":[{"floor":1,"key":"SteroidPotion"}],"is_trial":false,"path_per_floor":["M","?","?","?","T","E","R","M","T","M","R","M","E"],"character_chosen":"DEFECT","items_purchased":[],"campfire_rested":1,"item_purchase_floors":[],"current_hp_per_floor":[57,57,50,45,45,1,20,22,22,12,12,3,0],"gold":432,"neow_bonus":"TWO_FIFTY_GOLD","is_prod":false,"is_daily":false,"chose_seed":false,"campfire_upgraded":1,"win_rate":0,"timestamp":1559133092,"path_taken":["M","?","?","?","?","E","R","?","T","M","R","M","E"],"build_version":"2019-01-23","purchased_purges":0,"victory":false,"max_hp_per_floor":[64,64,64,64,64,64,64,64,64,64,64,64,64],"card_choices":[{"not_picked":["Recycle","Turbo","Barrage"],"picked":"SKIP","floor":1},{"not_picked":["Tempest","Conserve Battery"],"picked":"Capacitor","floor":6},{"not_picked":["Melter","Turbo","Storm"],"picked":"SKIP","floor":8},{"not_picked":["Tempest","Capacitor"],"picked":"Beam Cell","floor":10},{"not_picked":["Doom and Gloom","Hologram"],"picked":"Self Repair","floor":12}],"player_experience":271085,"relics_obtained":[{"floor":5,"key":"Incense Burner"},{"floor":6,"key":"Blood Vial"},{"floor":9,"key":"Dead Branch"}],"event_choices":[{"damage_healed":0,"gold_gain":0,"player_choice":"Box","damage_taken":0,"relics_obtained":["StoneCalendar"],"max_hp_gain":0,"max_hp_loss":0,"event_name":"Big Fish","floor":2,"gold_loss":0,"cards_obtained":["Regret"]},{"cards_removed":["Regret"],"damage_healed":0,"gold_gain":0,"player_choice":"Card Removal","damage_taken":7,"max_hp_gain":0,"max_hp_loss":0,"event_name":"Golden Wing","floor":3,"gold_loss":0},{"damage_healed":0,"gold_gain":0,"player_choice":"Success","damage_taken":5,"relics_obtained":["Kunai"],"max_hp_gain":0,"max_hp_loss":0,"event_name":"Scrap Ooze","floor":4,"gold_loss":0}],"is_beta":false,"boss_relics":[],"items_purged_floors":[],"is_endless":false,"potions_floor_spawned":[1],"killed_by":"Lagavulin","ascension_level":18}