{"gold_per_floor":[369,383,393,405,405,448,448,472,472,472,472,516,537,35,35,35],"floor_reached":16,"playtime":1712,"items_purged":[],"score":196,"play_id":"06d69a92-e368-4887-aaf0-2e645d85bbd1","local_time":"20190520174327","is_ascension_mode":true,"campfire_choices":[{"data":"Shockwave","floor":7,"key":"SMITH"},{"floor":10,"key":"REST"},{"floor":15,"key":"REST"}],"neow_cost":"PERCENT_DAMAGE","seed_source_timestamp":0,"circlet_count":0,"master_deck":["AscendersBane","Strike_R","Strike_R","Strike_R","Strike_R","Strike_R","Defend_R","Defend_R","Defend_R","Defend_R","Bash","Shockwave+1","Heavy Blade","Headbutt","Intimidate","Injury","Battle Trance","Corruption","Havoc","Dropkick","Whirlwind","Madness","Burning Pact","Bandage Up","Finesse"],"special_seed":0,"relics":["Burning Blood","Golden Idol","Boot","Bronze Scales","The Courier","Bag of Preparation","Sundial"],"potions_floor_usage":[6,6,8],"damage_taken":[{"damage":6,"enemies":"Cultist","floor":1,"turns":4},{"damage":4,"enemies":"Jaw Worm","floor":2,"turns":4},{"damage":0,"enemies":"Small Slimes","floor":3,"turns":3},{"damage":10,"enemies":"Exordium Thugs","floor":4,"turns":6},{"damage":23,"enemies":"3 Sentries","floor":6,"turns":10},{"damage":19,"enemies":"Lots of Slimes","floor":8,"turns":4},{"damage":45,"enemies":"Gremlin Nob","floor":12,"turns":5},{"damage":0,"enemies":"Exordium Wildlife","floor":13,"turns":3},{"damage":47,"enemies":"Slime Boss","floor":16,"turns":8}],"seed_played":"-6018649800888946167","potions_obtained":[{"floor":1,"key":"SkillPotion"},{"floor":2,"key":"Dexterity Potion"},{"floor":3,"key":"LiquidBronze"},{"floor":6,"key":"LiquidBronze"},{"floor":13,"key":"FearPotion"}],"is_trial":false,"path_per_floor":["M","?","T","M"],"character_chosen":"IRONCLAD","items_purchased":["Whirlwind","Madness","Burning Pact","Sundial","Bandage Up","Finesse"],"campfire_rested":2,"item_purchase_floors":[14,14,14,14,14,14],"current_hp_per_floor":[50,52,58,54,54,37,37,24,24,46,46,7,13,13,35,0],"gold":35,"neow_bonus":"TWO_FIFTY_GOLD","is_prod":false,"is_daily":false,"chose_seed":false,"campfire_upgraded":1,"win_rate":0,"timestamp":1558388607,"path_taken":["M","?","M","M","?","E","R","M","T","R","?","E","?","$","R","BOSS"],"build_version":"2019-01-23","purchased_purges":0,"victory":false,"max_hp_per_floor":[75,75,75,75,75,75,75,75,75,75,75,75,75,75,75,75],"card_choices":[{"not_picked":["Power Through","True Grit"],"picked":"Shockwave","floor":1},{"not_picked":["Cleave","Fire Breathing"],"picked":"Heavy Blade","floor":2},{"not_picked":["Searing Blow","Seeing Red"],"picked":"Headbutt","floor":3},{"not_picked":["Anger","Rage"],"picked":"Intimidate","floor":4},{"not_picked":["Iron Wave","Headbutt"],"picked":"Battle Trance","floor":6},{"not_picked":["Perfected Strike","Anger"],"picked":"Corruption","floor":8},{"not_picked":["Headbutt","Bloodletting"],"picked":"Havoc","floor":12},{"not_picked":["Havoc","Body Slam"],"picked":"Dropkick","floor":13}],"player_experience":593654,"relics_obtained":[{"floor":6,"key":"Boot"},{"floor":9,"key":"Bronze Scales"},{"floor":11,"key":"The Courier"},{"floor":12,"key":"Bag of Preparation"}],"event_choices":[{"damage_healed":0,"gold_gain":0,"player_choice":"Take Wound","damage_taken":0,"relics_obtained":["Golden Idol"],"max_hp_gain":0,"max_hp_loss":0,"event_name":"Golden Idol","floor":5,"gold_loss":0,"cards_obtained":["Injury"]}],"is_beta":false,"boss_relics":[],"items_purged_floors":[],"is_endless":false,"potions_floor_spawned":[1,2,3,6,13],"killed_by":"Slime Boss","ascension_level":15}