{"gold_per_floor":[110,128,138,138,138,138,154,182,182,214,214,227,260,278,278,352,352,370,370,8,8,22,22,48,48,102,102,114,125,144,144,144,221,221,233,245,245,256,268,268,268,283,309,309,334,334,2,15,15,15],"floor_reached":51,"playtime":12612,"items_purged":["Strike_R"],"score":1249,"play_id":"cd07da6f-c7b9-4ce3-86c1-013bf7653a45","local_time":"20180904104759","is_ascension_mode":true,"campfire_choices":[{"data":"Inflame","floor":6.0,"key":"SMITH"},{"data":"Bash","floor":11.0,"key":"SMITH"},{"data":"True Grit","floor":15.0,"key":"SMITH"},{"floor":23,"key":"REST"},{"data":"Shockwave","floor":25,"key":"SMITH"},{"data":"Demon Form","floor":27,"key":"SMITH"},{"data":"Feel No Pain","floor":32,"key":"SMITH"},{"data":"Rage","floor":40,"key":"SMITH"},{"data":"Shrug It Off","floor":44,"key":"SMITH"},{"data":"Shrug It Off","floor":46,"key":"SMITH"},{"data":"Shrug It Off","floor":49,"key":"SMITH"}],"neow_cost":"NONE","seed_source_timestamp":1463186774862313,"circlet_count":0,"master_deck":["Strike_R","Defend_R+1","Defend_R+1","Defend_R","Defend_R","Bash+1","AscendersBane","Sever Soul","Inflame+1","Ghostly Armor","Clash","Offering","Rage+1","Thunderclap","Reaper","True Grit+1","Reaper","Shrug It Off+1","Demon Form+1","Shrug It Off+1","Necronomicurse","Shockwave+1","Evolve","Feel No Pain+1","RitualDagger","Impervious","Shrug It Off+1","Pummel","Ghostly Armor","Shockwave+1","Pummel"],"special_seed":0,"relics":["Burning Blood","Ancient Tea Set","Question Card","Torii","Blood Vial","Mark of Pain","ClockworkSouvenir","Necronomicon","Red Skull","Tiny Chest","Busted Crown","Ice Cream","Strawberry","Art of War","Ornamental Fan"],"potions_floor_usage":[36,42,50],"damage_taken":[{"damage":4.0,"enemies":"Jaw Worm","floor":1.0,"turns":4.0},{"damage":1.0,"enemies":"Cultist","floor":2.0,"turns":3.0},{"damage":3.0,"enemies":"2 Louse","floor":3.0,"turns":3.0},{"damage":8.0,"enemies":"Blue Slaver","floor":7.0,"turns":5.0},{"damage":18.0,"enemies":"Lagavulin","floor":8.0,"turns":7.0},{"damage":12.0,"enemies":"3 Sentries","floor":10.0,"turns":10.0},{"damage":7.0,"enemies":"Looter","floor":12.0,"turns":3.0},{"damage":14.0,"enemies":"Gremlin Nob","floor":13.0,"turns":3.0},{"damage":14.0,"enemies":"Gremlin Gang","floor":14.0,"turns":3.0},{"damage":34.0,"enemies":"Hexaghost","floor":16.0,"turns":13.0},{"damage":51.0,"enemies":"3 Byrds","floor":18.0,"turns":7.0},{"damage":2,"enemies":"Spheric Guardian","floor":22,"turns":6},{"damage":27,"enemies":"Book of Stabbing","floor":24,"turns":6},{"damage":14,"enemies":"Shelled Parasite and Fungi","floor":28,"turns":5},{"damage":6,"enemies":"Chosen and Byrds","floor":29,"turns":7},{"damage":23,"enemies":"Snake Plant","floor":30,"turns":6},{"damage":71,"enemies":"Collector","floor":33,"turns":9},{"damage":17,"enemies":"Orb Walker","floor":35,"turns":5},{"damage":0,"enemies":"3 Shapes","floor":36,"turns":4},{"damage":6,"enemies":"Mind Bloom Boss Battle","floor":37,"turns":5},{"damage":32,"enemies":"Spire Growth","floor":38,"turns":7},{"damage":29,"enemies":"3 Darklings","floor":39,"turns":13},{"damage":33,"enemies":"Transient","floor":42,"turns":5},{"damage":6,"enemies":"Giant Head","floor":45,"turns":7},{"damage":7,"enemies":"Reptomancer","floor":48,"turns":9},{"damage":42,"enemies":"Awakened One","floor":50,"turns":12}],"seed_played":"-2333270334936005857","potions_obtained":[{"floor":2.0,"key":"SpeedPotion"},{"floor":3.0,"key":"GamblersBrew"},{"floor":12.0,"key":"SkillPotion"},{"floor":13.0,"key":"Explosive Potion"},{"floor":28,"key":"SkillPotion"},{"floor":29,"key":"Explosive Potion"},{"floor":36,"key":"FearPotion"},{"floor":39,"key":"AttackPotion"},{"floor":42,"key":"GamblersBrew"}],"is_trial":false,"path_per_floor":["M","M","M","?","?","R","M","E","T","E","R","M","E","M","R","B",null,"M","?","$","?","M","R","E","R","T","R","M","M","M","?","R","B",null,"M","M","?","M","M","R","?","M","T","R","E","R","$","M","R","B"],"character_chosen":"IRONCLAD","items_purchased":["ClockworkSouvenir","Shrug It Off","Ornamental Fan","SteroidPotion"],"campfire_rested":1,"item_purchase_floors":[20,20,47,47],"current_hp_per_floor":[70,75,75,75,52,52,50,38,38,32,32,38,40,59,59,53,70,31,31,31,10,16,38,31,31,31,31,75,75,75,69,69,50,69,75,75,75,75,52,52,52,53,60,60,82,82,82,81,81,79],"gold":15,"neow_bonus":"TRANSFORM_CARD","is_prod":false,"is_daily":false,"chose_seed":false,"campfire_upgraded":10,"win_rate":0,"timestamp":1536050879,"path_taken":["M","M","M","?","?","R","M","E","T","E","R","M","E","?","R","BOSS","M","?","$","?","M","R","E","R","T","R","M","?","M","?","R","BOSS","M","M","?","M","?","R","?","?","T","R","E","R","$","?","R","BOSS"],"build_version":"2018-08-30","purchased_purges":1,"victory":true,"max_hp_per_floor":[75,75,75,75,75,75,75,75,75,75,75,75,75,75,75,75,75,75,75,75,75,75,75,75,75,75,75,75,75,75,75,75,75,75,75,75,75,75,75,75,75,75,82,82,82,82,82,82,82,82],"card_choices":[{"not_picked":["Shrug It Off","Sword Boomerang"],"picked":"Inflame","floor":1.0},{"not_picked":["Second Wind","Dropkick"],"picked":"Ghostly Armor","floor":2.0},{"not_picked":["Sword Boomerang","Bloodletting"],"picked":"Clash","floor":3.0},{"not_picked":["Corruption","Twin Strike"],"picked":"Rage","floor":7.0},{"not_picked":["Sword Boomerang","Body Slam"],"picked":"Thunderclap","floor":8.0},{"not_picked":["Warcry","Fiend Fire","Sword Boomerang"],"picked":"Reaper","floor":10.0},{"not_picked":["Wild Strike","Second Wind","Perfected Strike"],"picked":"True Grit","floor":12.0},{"not_picked":["Reckless Charge","Warcry","Wild Strike"],"picked":"Reaper","floor":13.0},{"not_picked":["Havoc","Body Slam","Second Wind"],"picked":"Shrug It Off","floor":14.0},{"not_picked":["Berserk","Juggernaut","Bludgeon"],"picked":"Demon Form","floor":16.0},{"not_picked":["True Grit","Pummel","Perfected Strike"],"picked":"Shockwave","floor":22},{"not_picked":["Dual Wield","Flame Barrier","Havoc"],"picked":"Evolve","floor":24},{"not_picked":["Clothesline","Pommel Strike+1","Cleave"],"picked":"Feel No Pain","floor":28},{"not_picked":["Immolate","Double Tap","Berserk"],"picked":"Impervious","floor":33},{"not_picked":["Warcry"],"picked":"Shrug It Off","floor":35},{"not_picked":["Wild Strike"],"picked":"Pummel","floor":36},{"not_picked":["Body Slam+1"],"picked":"Ghostly Armor","floor":39},{"not_picked":["True Grit"],"picked":"Shockwave+1","floor":42},{"not_picked":["Clothesline"],"picked":"Pummel","floor":48}],"player_experience":1026306,"relics_obtained":[{"floor":8.0,"key":"Ancient Tea Set"},{"floor":9.0,"key":"Question Card"},{"floor":10.0,"key":"Torii"},{"floor":13.0,"key":"Blood Vial"},{"floor":21.0,"key":"Necronomicon"},{"floor":24,"key":"Red Skull"},{"floor":26,"key":"Tiny Chest"},{"floor":37,"key":"Ice Cream"},{"floor":43,"key":"Strawberry"},{"floor":45,"key":"Art of War"}],"event_choices":[{"event_name":"Transmorgrifier","player_choice":"Transform","floor":4.0,"damage_taken":0.0},{"event_name":"Shining Light","player_choice":"Entered Light","floor":5.0,"damage_taken":0.0},{"event_name":"Back to Basics","player_choice":"Elegance","floor":19.0,"damage_taken":0.0},{"event_name":"Cursed Tome","player_choice":"Obtained Book","floor":21.0,"damage_taken":0.0},{"event_name":"Nest","player_choice":"Joined the Cult","floor":31,"damage_taken":0},{"event_name":"MindBloom","player_choice":"Fight","floor":37,"damage_taken":0},{"event_name":"Tomb of Lord Red Mask","player_choice":"Ignored","floor":41,"damage_taken":0}],"is_beta":false,"boss_relics":[{"not_picked":["Black Star","Empty Cage"],"picked":"Mark of Pain"},{"not_picked":["Runic Cube","Philosopher\u0027s Stone"],"picked":"Busted Crown"}],"items_purged_floors":[20],"is_endless":false,"potions_floor_spawned":[2,3,12,13,28,29,36,37,38,39,42],"ascension_level":16}