{"gold_per_floor":[119,44,44,69,94,94,159,159,184,359,208,232,255,275,275,404,404,417,63,63,77,96,96,114,114,138,138,217,217,243,274,286,397,409,435,472,484,511,239,239,266,266,266,281,281,281,307,327,327,327],"floor_reached":50,"playtime":1522,"items_purged":["Strike_B","Doubt","Strike_B","Strike_B+1"],"score":655,"play_id":"fbb69fce-fab0-47c9-9fd9-f5578bcd4317","local_time":"20190214152057","is_ascension_mode":true,"campfire_choices":[{"data":"Streamline","floor":6.0,"key":"SMITH"},{"floor":8.0,"key":"REST"},{"data":"Zap","floor":15.0,"key":"SMITH"},{"data":"Machine Learning","floor":23.0,"key":"SMITH"},{"data":"Streamline","floor":27.0,"key":"SMITH"},{"data":"Coolheaded","floor":32.0,"key":"SMITH"},{"data":"Defragment","floor":40,"key":"SMITH"},{"floor":42,"key":"REST"},{"floor":49,"key":"REST"}],"neow_cost":"NONE","seed_source_timestamp":14079594860244,"circlet_count":0,"master_deck":["Defend_B+1","Defend_B+1","Defend_B+1","Zap+1","Dualcast+1","Barrage+1","Streamline+1","Streamline+1","Coolheaded+1","Gash+1","Conserve Battery+1","Seek+1","Coolheaded+1","Machine Learning+1","Gash+1","Hologram+1","Creative AI+1","Conserve Battery+1","Defragment+1","Amplify+1"],"special_seed":0,"relics":["Cracked Core","Bloody Idol","Tiny Chest","Bronze Scales","Sozu","Membership Card","Juzu Bracelet","Centennial Puzzle","Omamori","Meat on the Bone","MawBank","Busted Crown","Mark of the Bloom","Pen Nib","Medical Kit","PreservedInsect","Thread and Needle","War Paint"],"potions_floor_usage":[],"damage_taken":[{"damage":2.0,"enemies":"2 Louse","floor":1.0,"turns":2.0},{"damage":4.0,"enemies":"Jaw Worm","floor":4.0,"turns":4.0},{"damage":0.0,"enemies":"Cultist","floor":5.0,"turns":3.0},{"damage":18.0,"enemies":"Gremlin Nob","floor":7.0,"turns":3.0},{"damage":10.0,"enemies":"Lots of Slimes","floor":12.0,"turns":3.0},{"damage":6.0,"enemies":"Exordium Thugs","floor":13.0,"turns":6.0},{"damage":8.0,"enemies":"Blue Slaver","floor":14.0,"turns":3.0},{"damage":6.0,"enemies":"Hexaghost","floor":16.0,"turns":9.0},{"damage":3.0,"enemies":"Spheric Guardian","floor":18.0,"turns":3.0},{"damage":1.0,"enemies":"Chosen","floor":21.0,"turns":4.0},{"damage":19.0,"enemies":"Snake Plant","floor":22.0,"turns":3.0},{"damage":15.0,"enemies":"Sentry and Sphere","floor":24.0,"turns":4.0},{"damage":35.0,"enemies":"Shelled Parasite and Fungi","floor":30.0,"turns":5.0},{"damage":0.0,"enemies":"Chosen and Byrds","floor":31.0,"turns":4.0},{"damage":53.0,"enemies":"Automaton","floor":33.0,"turns":9.0},{"damage":20.0,"enemies":"3 Darklings","floor":35.0,"turns":6.0},{"damage":12.0,"enemies":"3 Shapes","floor":36.0,"turns":4.0},{"damage":12,"enemies":"Sphere and 2 Shapes","floor":38,"turns":6},{"damage":27,"enemies":"Reptomancer","floor":41,"turns":4},{"damage":0,"enemies":"4 Shapes","floor":44,"turns":6},{"damage":11,"enemies":"Nemesis","floor":47,"turns":5},{"damage":0,"enemies":"Spire Growth","floor":48,"turns":4},{"damage":12,"enemies":"Time Eater","floor":50,"turns":2}],"seed_played":"3689260090669290096","potions_obtained":[{"floor":1.0,"key":"Swift Potion"},{"floor":4.0,"key":"Fire Potion"},{"floor":16.0,"key":"EntropicBrew"}],"is_trial":false,"path_per_floor":["M","$","?","M","M","R","E","R","T","?","$","M","M","M","R","B",null,"M","$","T","M","M","R","M","?","T","R","T","T","M","M","R","B",null,"M","M","?","M","$","R","E","R","T","M","?","?","E","M","R","B"],"character_chosen":"DEFECT","items_purchased":["Coolheaded","Membership Card","Coolheaded","Juzu Bracelet","Pen Nib","Medical Kit","Defragment"],"campfire_rested":3,"item_purchase_floors":[11,19,19,19,39,39,39],"current_hp_per_floor":[73,73,55,51,51,51,33,55,55,55,55,45,39,31,31,25,63,60,60,60,59,40,40,25,25,30,30,35,35,22,44,49,18,62,52,55,60,48,48,48,21,21,21,21,21,21,10,10,10,0],"gold":327,"neow_bonus":"REMOVE_CARD","is_prod":false,"is_daily":false,"chose_seed":false,"campfire_upgraded":6,"win_rate":0,"timestamp":1550154057,"path_taken":["M","$","?","M","M","R","E","R","T","?","$","M","M","?","R","BOSS","M","$","?","M","M","R","M","?","T","R","?","?","M","M","R","BOSS","M","M","?","M","$","R","E","R","T","M","?","?","E","M","R","BOSS"],"build_version":"2019-01-23","purchased_purges":4,"victory":false,"max_hp_per_floor":[75,75,75,75,75,75,75,75,75,75,75,75,75,75,75,75,75,75,75,75,75,75,75,75,75,75,75,75,75,75,75,75,75,75,75,75,75,75,75,75,75,75,75,75,75,75,75,75,75,75],"card_choices":[{"not_picked":["Aggregate","Recycle"],"picked":"Barrage","floor":1.0},{"not_picked":["Redo","Turbo"],"picked":"Streamline","floor":4.0},{"not_picked":["Compile Driver","Barrage"],"picked":"Streamline","floor":5.0},{"not_picked":["Melter","Ball Lightning","Reinforced Body"],"picked":"SKIP","floor":7.0},{"not_picked":["BootSequence","Thunder Strike"],"picked":"Gash","floor":12.0},{"not_picked":["Rebound","Steam","Chaos"],"picked":"SKIP","floor":13.0},{"not_picked":["Sweeping Beam","Rebound"],"picked":"Conserve Battery","floor":14.0},{"not_picked":["Thunder Strike","Biased Cognition"],"picked":"Seek","floor":16.0},{"not_picked":["Turbo+1","Barrage","Rebound"],"picked":"SKIP","floor":18.0},{"not_picked":["Steam","Redo","Stack+1"],"picked":"SKIP","floor":21.0},{"not_picked":["Glacier+1","Streamline+1"],"picked":"Machine Learning","floor":22.0},{"not_picked":["Beam Cell","Tempest","Stack"],"picked":"SKIP","floor":24.0},{"not_picked":["Conserve Battery","Ball Lightning"],"picked":"Gash+1","floor":30.0},{"not_picked":["Go for the Eyes","Streamline"],"picked":"Hologram+1","floor":31.0},{"not_picked":["Reboot","Seek"],"picked":"Creative AI","floor":33.0},{"not_picked":[],"picked":"Conserve Battery+1","floor":35.0},{"not_picked":["Go for the Eyes"],"picked":"SKIP","floor":36},{"not_picked":["Leap"],"picked":"SKIP","floor":38},{"not_picked":["Scrape"],"picked":"SKIP","floor":41},{"not_picked":["Rebound"],"picked":"SKIP","floor":44},{"not_picked":["Compile Driver"],"picked":"SKIP","floor":47},{"not_picked":["Rebound"],"picked":"SKIP","floor":48}],"player_experience":69194,"relics_obtained":[{"floor":7.0,"key":"Tiny Chest"},{"floor":9.0,"key":"Bronze Scales"},{"floor":20.0,"key":"Centennial Puzzle"},{"floor":26.0,"key":"Omamori"},{"floor":28.0,"key":"Meat on the Bone"},{"floor":29.0,"key":"MawBank"},{"floor":41,"key":"PreservedInsect"},{"floor":43,"key":"Thread and Needle"},{"floor":47,"key":"War Paint"}],"event_choices":[{"damage_healed":0.0,"max_hp_gain":0.0,"max_hp_loss":0.0,"gold_gain":0.0,"event_name":"Golden Idol","player_choice":"Take Damage","floor":3.0,"gold_loss":0.0,"damage_taken":18.0,"relics_obtained":["Golden Idol"]},{"damage_healed":0.0,"max_hp_gain":0.0,"max_hp_loss":0.0,"gold_gain":175.0,"event_name":"Liars Game","player_choice":"AGREE","floor":10.0,"gold_loss":0.0,"damage_taken":0.0,"cards_obtained":["Doubt"]},{"damage_healed":0.0,"max_hp_gain":0.0,"max_hp_loss":0.0,"gold_gain":0.0,"event_name":"Forgotten Altar","player_choice":"Gave Idol","floor":25.0,"relics_lost":["Golden Idol"],"gold_loss":0.0,"damage_taken":0.0,"relics_obtained":["Bloody Idol"]},{"damage_healed":0,"gold_gain":0,"player_choice":"Upgrade","damage_taken":0,"relics_obtained":["Mark of the Bloom"],"max_hp_gain":0,"max_hp_loss":0,"event_name":"MindBloom","floor":37,"gold_loss":0,"cards_upgraded":["Strike_B","Defend_B","Defend_B","Defend_B","Defend_B","Dualcast","Barrage","Gash","Conserve Battery","Seek","Coolheaded","Creative AI"]},{"damage_healed":0,"gold_gain":0,"cards_transformed":["Defend_B"],"player_choice":"Transformed","damage_taken":0,"max_hp_gain":0,"max_hp_loss":0,"event_name":"Transmorgrifier","floor":45,"gold_loss":0,"cards_obtained":["Amplify"]},{"damage_healed":0,"gold_gain":0,"player_choice":"Forge","damage_taken":0,"max_hp_gain":0,"max_hp_loss":0,"event_name":"Accursed Blacksmith","floor":46,"gold_loss":0,"cards_upgraded":["Amplify"]}],"is_beta":false,"boss_relics":[{"not_picked":["Fusion Hammer","Philosopher\u0027s Stone"],"picked":"Sozu"},{"not_picked":["Cursed Key","Snecko Eye"],"picked":"Busted Crown"}],"items_purged_floors":[2,11,19,39],"is_endless":false,"potions_floor_spawned":[1,4,16,18,21,31,35,36,41],"killed_by":"Time Eater","ascension_level":5}