{"gold_per_floor":[115,115,40,40,59,59,75,75,75,104,119,139,139,39,39,135,135,147,165,40,40,139,139,171,21,21,21,32,32,32,44,44,44],"floor_reached":33,"playtime":650,"items_purged":["Strike_B","Defend_B","Strike_B","Strike_B"],"score":355,"play_id":"65ebabb0-cec9-4c14-a8ab-95e6f9bd9a29","local_time":"20190313220301","is_ascension_mode":true,"campfire_choices":[{"data":"Streamline","floor":6,"key":"SMITH"},{"data":"Dualcast","floor":8,"key":"SMITH"},{"data":"Beam Cell","floor":13,"key":"SMITH"},{"data":"Defragment","floor":15,"key":"SMITH"},{"data":"Streamline","floor":23,"key":"SMITH"},{"data":"Seek","floor":30,"key":"SMITH"},{"floor":32,"key":"REST"}],"neow_cost":"NONE","seed_source_timestamp":65572557082858,"circlet_count":0,"master_deck":["Strike_B","Defend_B","Defend_B","Defend_B","Zap+1","Dualcast+1","Streamline+1","Conserve Battery","Defragment+1","Beam Cell+1","Seek+1","Streamline+1","Go for the Eyes+1","Self Repair","Writhe","Gash","Reinforced Body+1"],"relics":["Cracked Core","Bronze Scales","Happy Flower","Dream Catcher","Eternal Feather","Dodecahedron","Strawberry","Ornamental Fan"],"potions_floor_usage":[10,10,12,19,24],"damage_taken":[{"damage":1,"enemies":"Cultist","floor":1,"turns":3},{"damage":7,"enemies":"Jaw Worm","floor":5,"turns":2},{"damage":0,"enemies":"2 Louse","floor":7,"turns":2},{"damage":1,"enemies":"Gremlin Nob","floor":10,"turns":4},{"damage":13,"enemies":"Large Slime","floor":11,"turns":4},{"damage":5,"enemies":"Exordium Wildlife","floor":12,"turns":4},{"damage":17,"enemies":"The Guardian","floor":16,"turns":7},{"damage":5,"enemies":"3 Byrds","floor":18,"turns":2},{"damage":12,"enemies":"Shell Parasite","floor":19,"turns":3},{"damage":23,"enemies":"Book of Stabbing","floor":24,"turns":4},{"damage":7,"enemies":"Chosen and Byrds","floor":28,"turns":5},{"damage":25,"enemies":"Centurion and Healer","floor":31,"turns":6},{"damage":61,"enemies":"Automaton","floor":33,"turns":8}],"seed_played":"1646202791763115811","potions_obtained":[{"floor":1,"key":"Poison Potion"},{"floor":4,"key":"SkillPotion"},{"floor":4,"key":"Block Potion"},{"floor":5,"key":"Regen Potion"},{"floor":12,"key":"LiquidBronze"},{"floor":18,"key":"Weak Potion"},{"floor":24,"key":"LiquidBronze"}],"is_trial":false,"path_per_floor":["M","T","$","?","M","R","M","R","T","E","M","M","R","$","R","B",null,"M","M","$","?","?","R","E","$","T","?","M","?","R","M","R","B"],"character_chosen":"DEFECT","items_purchased":[],"campfire_rested":1,"item_purchase_floors":[],"current_hp_per_floor":[67,67,67,67,60,60,60,60,60,71,58,53,53,53,53,36,65,60,48,48,48,48,54,31,31,38,38,31,31,40,22,55,0],"gold":44,"neow_bonus":"UPGRADE_CARD","is_prod":false,"is_daily":false,"chose_seed":false,"campfire_upgraded":6,"win_rate":0,"timestamp":1552510981,"path_taken":["M","?","$","?","M","R","M","R","T","E","?","M","R","?","R","BOSS","M","?","$","?","?","R","E","?","T","?","?","?","R","M","R","BOSS"],"build_version":"2019-01-23","purchased_purges":4,"victory":false,"max_hp_per_floor":[75,75,75,75,75,75,75,75,75,75,75,75,75,75,75,75,75,75,75,75,75,75,75,75,75,82,82,82,82,82,82,82,82],"card_choices":[{"not_picked":["Reprogram","Barrage"],"picked":"Streamline","floor":1},{"not_picked":["Steam","Thunder Strike"],"picked":"Conserve Battery","floor":5},{"not_picked":["Barrage","Reinforced Body","Lockon"],"picked":"SKIP","floor":7},{"not_picked":["Compile Driver","Rebound"],"picked":"Defragment","floor":10},{"not_picked":["Compile Driver","Hologram","Stack"],"picked":"SKIP","floor":11},{"not_picked":["Coolheaded","Fusion"],"picked":"Beam Cell","floor":12},{"not_picked":["Thunder Strike","Amplify"],"picked":"Seek","floor":16},{"not_picked":["Redo","Leap"],"picked":"Streamline","floor":18},{"not_picked":["Turbo","White Noise"],"picked":"Go for the Eyes+1","floor":19},{"not_picked":["Steam Power","Heatsinks+1","Glacier"],"picked":"SKIP","floor":24},{"not_picked":["Go for the Eyes","Sweeping Beam+1"],"picked":"Self Repair","floor":28},{"not_picked":["Cold Snap+1","Redo+1"],"picked":"Gash","floor":31},{"not_picked":["Coolheaded","Core Surge"],"picked":"Reinforced Body+1","floor":32}],"player_experience":98960,"relics_obtained":[{"floor":2,"key":"Bronze Scales"},{"floor":9,"key":"Happy Flower"},{"floor":10,"key":"Dream Catcher"},{"floor":24,"key":"Dodecahedron"},{"floor":26,"key":"Strawberry"}],"event_choices":[{"damage_healed":0,"gold_gain":0,"player_choice":"Got Potions","damage_taken":0,"max_hp_gain":0,"max_hp_loss":0,"event_name":"Lab","floor":4,"gold_loss":0},{"damage_healed":0,"gold_gain":0,"player_choice":"Ignored","damage_taken":0,"max_hp_gain":0,"max_hp_loss":0,"event_name":"Vampires","floor":21,"gold_loss":0},{"damage_healed":0,"gold_gain":99,"player_choice":"Stole From Cult","damage_taken":0,"max_hp_gain":0,"max_hp_loss":0,"event_name":"Nest","floor":22,"gold_loss":0},{"damage_healed":0,"gold_gain":0,"player_choice":"Ignored","damage_taken":0,"max_hp_gain":0,"max_hp_loss":0,"event_name":"Beggar","floor":27,"gold_loss":0},{"damage_healed":0,"gold_gain":0,"player_choice":"Opened","damage_taken":0,"relics_obtained":["Ornamental Fan"],"max_hp_gain":0,"max_hp_loss":0,"event_name":"The Mausoleum","floor":29,"gold_loss":0,"cards_obtained":["Writhe"]}],"is_beta":false,"boss_relics":[{"not_picked":["Snecko Eye","Nuclear Battery"],"picked":"Eternal Feather"}],"items_purged_floors":[3,14,20,25],"is_endless":false,"potions_floor_spawned":[1,5,12,18,24],"killed_by":"Automaton","ascension_level":7}