{"gold_per_floor":[217,233,244,244,16,16,47,47,74,91,91,91,91,111,111,210,210,223,123,123,222,241,241,270,270,296,19,19,44,44,62,62,159,159,178,278,128,148,148,148,201,423,423,449,468,174,200,200,200,200],"floor_reached":50,"playtime":1257,"items_purged":["Strike_R","Strike_R","Strike_R","Bash+1"],"score":532,"play_id":"d5bb0ace-2b21-4452-9e42-a03bc0a2604b","local_time":"20190405152419","is_ascension_mode":false,"campfire_choices":[{"data":"Cleave","floor":6.0,"key":"SMITH"},{"data":"Cleave","floor":8.0,"key":"SMITH"},{"data":"Thunderclap","floor":11.0,"key":"SMITH"},{"data":"Bash","floor":13.0,"key":"SMITH"},{"data":"Defend_R","floor":15.0,"key":"SMITH"},{"data":"Defend_R","floor":23.0,"key":"SMITH"},{"data":"Defend_R","floor":25.0,"key":"SMITH"},{"data":"Strike_R+1","floor":32.0,"key":"PURGE"},{"data":"Madness","floor":40.0,"key":"SMITH"},{"floor":49,"key":"REST"}],"neow_cost":"NONE","seed_source_timestamp":266699069655452,"circlet_count":0,"master_deck":["Defend_R+1","Defend_R+1","Defend_R","Defend_R+1","Thunderclap+1","Cleave+1","Metallicize+1","Thunderclap+1","Thunderclap+1","Berserk","Flex+1","Madness+1","Madness"],"special_seed":0,"relics":["Black Blood","Juzu Bracelet","Blood Vial","Happy Flower","Champion Belt","Red Mask","Centennial Puzzle","Whetstone","Peace Pipe","Nunchaku","Busted Crown","Torii","Bird Faced Urn","Shuriken","Darkstone Periapt","Ancient Tea Set","Bronze Scales"],"potions_floor_usage":[41,45,50,50],"damage_taken":[{"damage":1.0,"enemies":"2 Louse","floor":1.0,"turns":3.0},{"damage":1.0,"enemies":"Small Slimes","floor":2.0,"turns":3.0},{"damage":1.0,"enemies":"Cultist","floor":3.0,"turns":3.0},{"damage":41.0,"enemies":"Lagavulin","floor":7.0,"turns":6.0},{"damage":1.0,"enemies":"2 Fungi Beasts","floor":10.0,"turns":2.0},{"damage":0.0,"enemies":"3 Louse","floor":14.0,"turns":2.0},{"damage":26.0,"enemies":"Slime Boss","floor":16.0,"turns":9.0},{"damage":27.0,"enemies":"Chosen","floor":18.0,"turns":7.0},{"damage":5.0,"enemies":"Shell Parasite","floor":22.0,"turns":5.0},{"damage":27.0,"enemies":"Masked Bandits","floor":24.0,"turns":4.0},{"damage":18.0,"enemies":"Book of Stabbing","floor":29.0,"turns":7.0},{"damage":6.0,"enemies":"Centurion and Healer","floor":31.0,"turns":3.0},{"damage":68.0,"enemies":"Automaton","floor":33.0,"turns":13.0},{"damage":23.0,"enemies":"Orb Walker","floor":35.0,"turns":4.0},{"damage":4.0,"enemies":"Mind Bloom Boss Battle","floor":36.0,"turns":6.0},{"damage":1.0,"enemies":"3 Shapes","floor":38.0,"turns":1.0},{"damage":53,"enemies":"2 Orb Walkers","floor":41,"turns":4},{"damage":34,"enemies":"Nemesis","floor":44,"turns":9},{"damage":1,"enemies":"Maw","floor":45,"turns":8},{"damage":72,"enemies":"Time Eater","floor":50,"turns":11}],"seed_played":"-6832632907128934264","potions_obtained":[{"floor":3.0,"key":"Explosive Potion"},{"floor":7.0,"key":"Explosive Potion"},{"floor":14.0,"key":"Regen Potion"},{"floor":22.0,"key":"SkillPotion"},{"floor":31.0,"key":"SteroidPotion"},{"floor":35.0,"key":"Energy Potion"},{"floor":44,"key":"FearPotion"}],"is_trial":false,"path_per_floor":["M","M","M","?","$","R","E","R","T","M","R","?","R","M","R","B",null,"M","$","?","?","M","R","?","R","T","$","?","E","?","M","R","B",null,"M","?","$","M","?","R","?","?","T","E","M","$","T","?","R","B"],"character_chosen":"IRONCLAD","items_purchased":["Juzu Bracelet","Whetstone","Ancient Tea Set","Regen Potion","Ancient Potion"],"campfire_rested":1,"item_purchase_floors":[5,27,46,46,46],"current_hp_per_floor":[80,80,80,73,73,73,38,38,38,45,45,45,45,53,53,35,80,72,72,56,56,63,63,48,48,48,48,74,68,68,74,74,18,80,67,75,75,80,70,70,29,29,29,11,26,26,26,26,50,0],"gold":200,"neow_bonus":"HUNDRED_GOLD","is_prod":false,"is_daily":false,"chose_seed":false,"campfire_upgraded":8,"win_rate":0,"timestamp":1554470659,"path_taken":["M","M","M","?","$","R","E","R","T","M","R","?","R","M","R","BOSS","M","?","?","?","M","R","?","R","T","$","?","E","?","M","R","BOSS","M","?","$","M","?","R","?","?","T","E","M","?","?","?","R","BOSS"],"build_version":"2019-01-23","purchased_purges":4,"victory":false,"max_hp_per_floor":[80,80,80,80,80,80,80,80,80,80,80,80,80,80,80,80,80,80,80,80,80,80,80,80,80,80,80,80,80,80,80,80,80,80,80,80,80,80,80,80,80,80,80,80,80,80,80,80,80,80],"card_choices":[{"not_picked":["Sword Boomerang","Sentinel"],"picked":"Thunderclap","floor":1.0},{"not_picked":["Flex","Thunderclap","Battle Trance"],"picked":"SKIP","floor":2.0},{"not_picked":["Warcry","Ghostly Armor"],"picked":"Cleave","floor":3.0},{"not_picked":["Ghostly Armor","Fire Breathing"],"picked":"Cleave","floor":7.0},{"not_picked":["Uppercut","Heavy Blade","Warcry"],"picked":"SKIP","floor":10.0},{"not_picked":["Clash","Pommel Strike","Power Through"],"picked":"SKIP","floor":14.0},{"not_picked":["Bloodletting","Pommel Strike","Anger"],"picked":"SKIP","floor":18.0},{"not_picked":["Rupture","Warcry"],"picked":"Metallicize+1","floor":22.0},{"not_picked":["Power Through+1","Headbutt"],"picked":"Thunderclap+1","floor":24.0},{"not_picked":["Havoc","Hemokinesis","Perfected Strike"],"picked":"SKIP","floor":29.0},{"not_picked":["Evolve","Body Slam+1"],"picked":"Thunderclap+1","floor":31.0},{"not_picked":["Offering","Reaper"],"picked":"Berserk","floor":33.0},{"not_picked":["Sentinel+1"],"picked":"SKIP","floor":35.0},{"not_picked":[],"picked":"Flex+1","floor":36.0},{"not_picked":["Warcry+1"],"picked":"SKIP","floor":38.0},{"not_picked":["Cleave"],"picked":"SKIP","floor":44},{"not_picked":["Pommel Strike"],"picked":"SKIP","floor":45}],"player_experience":150900,"relics_obtained":[{"floor":7.0,"key":"Blood Vial"},{"floor":9.0,"key":"Happy Flower"},{"floor":24.0,"key":"Red Mask"},{"floor":26.0,"key":"Centennial Puzzle"},{"floor":29.0,"key":"Peace Pipe"},{"floor":36.0,"key":"Torii"},{"floor":41,"key":"Bird Faced Urn"},{"floor":43,"key":"Shuriken"},{"floor":44,"key":"Darkstone Periapt"},{"floor":47,"key":"Bronze Scales"}],"event_choices":[{"cards_removed":["Strike_R"],"damage_healed":0.0,"max_hp_gain":0.0,"max_hp_loss":0.0,"gold_gain":0.0,"event_name":"Golden Wing","player_choice":"Card Removal","floor":4.0,"gold_loss":0.0,"damage_taken":7.0},{"damage_healed":0.0,"max_hp_gain":0.0,"max_hp_loss":0.0,"gold_gain":0.0,"event_name":"WeMeetAgain","player_choice":"Gave Potion","floor":12.0,"gold_loss":0.0,"damage_taken":0.0,"relics_obtained":["Champion Belt"]},{"damage_healed":0.0,"max_hp_gain":0.0,"max_hp_loss":0.0,"gold_gain":0.0,"event_name":"Cursed Tome","player_choice":"Obtained Book","floor":20.0,"gold_loss":0.0,"damage_taken":16.0},{"damage_healed":0.0,"max_hp_gain":0.0,"max_hp_loss":0.0,"gold_gain":99.0,"event_name":"Nest","player_choice":"Stole From Cult","floor":21.0,"gold_loss":0.0,"damage_taken":0.0},{"damage_healed":0.0,"max_hp_gain":0.0,"max_hp_loss":0.0,"gold_gain":0.0,"event_name":"Masked Bandits","player_choice":"Fought Bandits","floor":24.0,"gold_loss":0.0,"damage_taken":0.0},{"damage_healed":26.0,"max_hp_gain":0.0,"max_hp_loss":0.0,"gold_gain":0.0,"event_name":"The Library","player_choice":"Heal","floor":28.0,"gold_loss":0.0,"damage_taken":0.0},{"damage_healed":0.0,"max_hp_gain":0.0,"max_hp_loss":0.0,"gold_gain":0.0,"event_name":"The Mausoleum","player_choice":"Opened","floor":30.0,"gold_loss":0.0,"damage_taken":0.0,"relics_obtained":["Nunchaku"]},{"damage_healed":0.0,"max_hp_gain":0.0,"max_hp_loss":0.0,"gold_gain":0.0,"event_name":"MindBloom","player_choice":"Fight","floor":36.0,"gold_loss":0.0,"damage_taken":0.0},{"damage_healed":0.0,"max_hp_gain":0.0,"max_hp_loss":0.0,"gold_gain":0.0,"event_name":"Winding Halls","player_choice":"Embrace Madness","floor":39.0,"gold_loss":0.0,"damage_taken":10.0,"cards_obtained":["Madness","Madness"]},{"damage_healed":0,"gold_gain":0,"player_choice":"Fight","damage_taken":0,"max_hp_gain":0,"max_hp_loss":0,"event_name":"Mysterious Sphere","floor":41,"gold_loss":0},{"damage_healed":0,"gold_gain":222,"player_choice":"Wore Mask","damage_taken":0,"max_hp_gain":0,"max_hp_loss":0,"event_name":"Tomb of Lord Red Mask","floor":42,"gold_loss":0},{"cards_removed":["Cleave"],"damage_healed":0,"gold_gain":0,"player_choice":"Removed Attack","damage_taken":0,"max_hp_gain":0,"max_hp_loss":0,"event_name":"Falling","floor":48,"gold_loss":0}],"is_beta":false,"boss_relics":[{"not_picked":["Eternal Feather","Runic Pyramid"],"picked":"Black Blood"},{"not_picked":["Mark of Pain","Astrolabe"],"picked":"Busted Crown"}],"items_purged_floors":[5,19,27,37],"is_endless":false,"potions_floor_spawned":[3,7,14,22,31,35,44],"killed_by":"Time Eater","ascension_level":0}