{"gold_per_floor":[413,413,427,437,457,485,500,519,587,587,607,607,636,653,653,756,756,772,783,783,882,882,882,882],"floor_reached":24,"playtime":3581,"items_purged":[],"score":200,"play_id":"5cc4a1c6-d8c5-4ff7-8a3e-b5d35a6b828a","local_time":"20190108103412","is_ascension_mode":false,"campfire_choices":[{"floor":10.0,"key":"REST"},{"floor":12.0,"key":"REST"},{"floor":15.0,"key":"REST"},{"floor":23,"key":"REST"}],"neow_cost":"CURSE","seed_source_timestamp":0,"circlet_count":0,"master_deck":["Strike_B","Defend_B","Defend_B+1","Defend_B","Defend_B+1","Zap","Dualcast","Doubt","Chaos","Doom and Gloom","Conserve Battery","Genetic Algorithm","Capacitor","Leap","FTL","Redo","Consume","Loop","Electrodynamics+1","Doom and Gloom+1","Heatsinks+1","Meteor Strike+1"],"special_seed":0,"relics":["Cracked Core","Old Coin","Pen Nib","Odd Mushroom","Astrolabe"],"potions_floor_usage":[24,24],"damage_taken":[{"damage":0.0,"enemies":"2 Louse","floor":1.0,"turns":2.0},{"damage":0.0,"enemies":"Small Slimes","floor":3.0,"turns":3.0},{"damage":0.0,"enemies":"Cultist","floor":4.0,"turns":3.0},{"damage":27.0,"enemies":"Large Slime","floor":5.0,"turns":7.0},{"damage":25.0,"enemies":"Lagavulin","floor":6.0,"turns":7.0},{"damage":5.0,"enemies":"Blue Slaver","floor":7.0,"turns":5.0},{"damage":0.0,"enemies":"Gremlin Gang","floor":8.0,"turns":3.0},{"damage":2.0,"enemies":"Large Slime","floor":11.0,"turns":6.0},{"damage":0.0,"enemies":"The Mushroom Lair","floor":13.0,"turns":2.0},{"damage":20.0,"enemies":"Exordium Thugs","floor":14.0,"turns":4.0},{"damage":15.0,"enemies":"Slime Boss","floor":16.0,"turns":5.0},{"damage":23.0,"enemies":"Chosen","floor":18.0,"turns":5.0},{"damage":10,"enemies":"3 Byrds","floor":19,"turns":2},{"damage":54,"enemies":"Book of Stabbing","floor":24,"turns":6}],"seed_played":"-8436227073046519361","potions_obtained":[{"floor":3.0,"key":"AttackPotion"},{"floor":5.0,"key":"AttackPotion"},{"floor":11.0,"key":"Fire Potion"},{"floor":13.0,"key":"Regen Potion"},{"floor":16.0,"key":"Explosive Potion"},{"floor":18.0,"key":"PowerPotion"}],"is_trial":false,"path_per_floor":["M","?","M","M","M","E","M","M","T","R","M","R","?","M","R","B",null,"M","M","?","?","?","R","E"],"character_chosen":"DEFECT","items_purchased":[],"campfire_rested":4,"item_purchase_floors":[],"current_hp_per_floor":[75,60,60,60,33,8,3,3,3,25,23,45,45,37,59,44,75,52,42,28,28,28,52,0],"gold":882,"neow_bonus":"ONE_RARE_RELIC","is_prod":false,"is_daily":false,"chose_seed":false,"campfire_upgraded":0,"win_rate":0,"timestamp":1546940052,"path_taken":["M","?","M","M","M","E","M","M","T","R","M","R","?","M","R","BOSS","M","M","?","?","?","R","E"],"build_version":"2019-01-03v4","purchased_purges":0,"victory":false,"max_hp_per_floor":[75,75,75,75,75,75,75,75,75,75,75,75,75,75,75,75,75,75,75,80,80,80,80,80],"card_choices":[{"not_picked":["Steam","Stack"],"picked":"Chaos","floor":1.0},{"not_picked":["Compile Driver","Turbo"],"picked":"Doom and Gloom","floor":3.0},{"not_picked":["Cold Snap","Skim"],"picked":"Conserve Battery","floor":4.0},{"not_picked":["Compile Driver","Leap"],"picked":"Genetic Algorithm","floor":5.0},{"not_picked":["Force Field","Meteor Strike"],"picked":"Capacitor","floor":6.0},{"not_picked":["Ball Lightning","Streamline"],"picked":"Leap","floor":7.0},{"not_picked":["Ball Lightning","Chill"],"picked":"FTL","floor":8.0},{"not_picked":["Hologram","Gash"],"picked":"Redo","floor":11.0},{"not_picked":["Ball Lightning","Rip and Tear"],"picked":"Consume","floor":13.0},{"not_picked":["Cold Snap","FTL"],"picked":"Loop","floor":14.0},{"not_picked":["Rainbow","Echo Form"],"picked":"Electrodynamics","floor":16.0},{"not_picked":["Stack","Beam Cell","Gash"],"picked":"SKIP","floor":18.0},{"not_picked":["Hologram","Redo","Rebound"],"picked":"SKIP","floor":19}],"player_experience":83583,"relics_obtained":[{"floor":6.0,"key":"Pen Nib"},{"floor":13.0,"key":"Odd Mushroom"}],"event_choices":[{"damage_healed":0.0,"max_hp_gain":0.0,"max_hp_loss":0.0,"gold_gain":0.0,"event_name":"Shining Light","player_choice":"Entered Light","floor":2.0,"gold_loss":0.0,"damage_taken":15.0,"cards_upgraded":["Defend_B","Defend_B"]},{"damage_healed":0.0,"max_hp_gain":0.0,"max_hp_loss":0.0,"gold_gain":0.0,"event_name":"Mushrooms","player_choice":"Fought Mushrooms","floor":13.0,"gold_loss":0.0,"damage_taken":0.0},{"damage_healed":0,"gold_gain":0,"player_choice":"Shed Blood","damage_taken":19,"max_hp_gain":5,"max_hp_loss":0,"event_name":"Forgotten Altar","floor":20,"gold_loss":0},{"damage_healed":0,"gold_gain":99,"player_choice":"Stole From Cult","damage_taken":0,"max_hp_gain":0,"max_hp_loss":0,"event_name":"Nest","floor":21,"gold_loss":0},{"damage_healed":0,"gold_gain":0,"player_choice":"Forge","damage_taken":0,"max_hp_gain":0,"max_hp_loss":0,"event_name":"Accursed Blacksmith","floor":22,"gold_loss":0,"cards_upgraded":["Electrodynamics"]}],"is_beta":false,"boss_relics":[{"not_picked":["White Beast Statue","Lizard Tail"],"picked":"Astrolabe"}],"items_purged_floors":[],"is_endless":false,"potions_floor_spawned":[3,5,11,13,16,18],"killed_by":"Book of Stabbing","ascension_level":0}