{"gold_per_floor":[117,117,136,155,155,155,182,182,182,142,159,26,46,65,65,142,142,154,154,154,173,173,173],"floor_reached":23,"playtime":1088,"items_purged":["Strike_R"],"score":363,"play_id":"95af4ee6-b1ee-4848-b9cc-a36fc1700707","local_time":"20190526122805","is_ascension_mode":true,"campfire_choices":[{"data":"Shockwave","floor":6,"key":"SMITH"},{"floor":8,"key":"REST"},{"floor":15,"key":"REST"}],"neow_cost":"NONE","seed_source_timestamp":630563525488217,"circlet_count":0,"master_deck":["AscendersBane","Strike_R","Strike_R","Defend_R","Defend_R","Defend_R","Defend_R","Bash","Shockwave+1","True Grit","Corruption","Entrench","Blood for Blood","Disarm","Armaments","Feel No Pain","Rampage","Demon Form","Rampage","Burning Pact","Writhe"],"relics":["Burning Blood","Paper Frog","Kunai","Velvet Choker","MutagenicStrength","Blue Candle"],"potions_floor_usage":[23,23],"damage_taken":[{"damage":7,"enemies":"2 Louse","floor":1,"turns":4},{"damage":19,"enemies":"Cultist","floor":3,"turns":5},{"damage":7,"enemies":"Small Slimes","floor":4,"turns":3},{"damage":41,"enemies":"Gremlin Nob","floor":7,"turns":6},{"damage":3,"enemies":"Looter","floor":10,"turns":4},{"damage":23,"enemies":"Exordium Wildlife","floor":11,"turns":5},{"damage":10,"enemies":"2 Fungi Beasts","floor":13,"turns":6},{"damage":7,"enemies":"3 Louse","floor":14,"turns":7},{"damage":43,"enemies":"Hexaghost","floor":16,"turns":12},{"damage":0,"enemies":"Chosen","floor":18,"turns":6},{"damage":18,"enemies":"Shell Parasite","floor":21,"turns":6},{"damage":44,"enemies":"Book of Stabbing","floor":23,"turns":6}],"seed_played":"4076709615526324365","potions_obtained":[{"floor":1,"key":"Swift Potion"},{"floor":11,"key":"BloodPotion"}],"is_trial":false,"path_per_floor":["?","M","?","?","?","M","?"],"character_chosen":"IRONCLAD","items_purchased":["Armaments"],"campfire_rested":2,"item_purchase_floors":[12],"current_hp_per_floor":[74,74,61,60,60,60,25,49,49,52,35,35,31,30,54,17,66,72,72,48,36,36,0],"gold":173,"neow_bonus":"TEN_PERCENT_HP_BONUS","is_prod":false,"is_daily":false,"chose_seed":false,"campfire_upgraded":1,"win_rate":0,"timestamp":1558888085,"path_taken":["M","?","?","M","?","R","E","R","T","M","M","$","M","M","R","BOSS","M","?","?","?","?","E"],"build_version":"2019-01-23","purchased_purges":1,"victory":false,"max_hp_per_floor":[82,82,82,82,82,82,82,82,82,82,82,82,82,82,82,82,82,82,82,87,87,87,87],"card_choices":[{"not_picked":["Shrug It Off","Iron Wave"],"picked":"Shockwave","floor":1},{"not_picked":["Sword Boomerang","Iron Wave"],"picked":"True Grit","floor":3},{"not_picked":["Thunderclap","Pommel Strike"],"picked":"Corruption","floor":4},{"not_picked":["Power Through","Hemokinesis"],"picked":"Entrench","floor":7},{"not_picked":["Anger","Intimidate"],"picked":"Blood for Blood","floor":10},{"not_picked":["Iron Wave","Havoc"],"picked":"Disarm","floor":11},{"not_picked":["Flex","Havoc"],"picked":"Feel No Pain","floor":13},{"not_picked":["Shrug It Off","Combust"],"picked":"Rampage","floor":14},{"not_picked":["Impervious","Brutality"],"picked":"Demon Form","floor":16},{"not_picked":["Body Slam","Pommel Strike"],"picked":"Rampage","floor":18},{"not_picked":["Twin Strike","Warcry"],"picked":"Burning Pact","floor":21}],"player_experience":709515,"relics_obtained":[{"floor":7,"key":"Paper Frog"},{"floor":9,"key":"Kunai"}],"event_choices":[{"cards_removed":["Strike_R"],"damage_healed":0,"gold_gain":0,"player_choice":"Purged","damage_taken":0,"max_hp_gain":0,"max_hp_loss":0,"event_name":"Purifier","floor":2,"gold_loss":0},{"cards_removed":["Strike_R"],"damage_healed":0,"gold_gain":0,"player_choice":"Forget","damage_taken":0,"max_hp_gain":0,"max_hp_loss":0,"event_name":"Living Wall","floor":5,"gold_loss":0},{"damage_healed":0,"gold_gain":0,"player_choice":"Inject Mutagens","damage_taken":0,"relics_obtained":["MutagenicStrength"],"max_hp_gain":0,"max_hp_loss":0,"event_name":"Drug Dealer","floor":19,"gold_loss":0},{"damage_healed":0,"gold_gain":0,"player_choice":"Shed Blood","damage_taken":29,"max_hp_gain":5,"max_hp_loss":0,"event_name":"Forgotten Altar","floor":20,"gold_loss":0},{"damage_healed":0,"gold_gain":0,"player_choice":"Opened","damage_taken":0,"relics_obtained":["Blue Candle"],"max_hp_gain":0,"max_hp_loss":0,"event_name":"The Mausoleum","floor":22,"gold_loss":0,"cards_obtained":["Writhe"]}],"is_beta":false,"boss_relics":[{"not_picked":["Lizard Tail","White Beast Statue"],"picked":"Velvet Choker"}],"items_purged_floors":[12],"is_endless":false,"potions_floor_spawned":[1,11,16],"killed_by":"Book of Stabbing","ascension_level":18}