{"gold_per_floor":[112,112,130,305,10,40,5,5,30,55,73,138,173,8,8,111,111,121,141,141,10,26,26],"floor_reached":23,"playtime":1661,"items_purged":["Doubt"],"score":325,"play_id":"aa06735f-2947-402e-afe1-a8014b14c399","local_time":"20190509175447","is_ascension_mode":true,"campfire_choices":[{"floor":8,"key":"REST"},{"floor":15,"key":"REST"}],"neow_cost":"PERCENT_DAMAGE","seed_source_timestamp":4418310649188366,"circlet_count":0,"master_deck":["Strike_R+1","Strike_R","Strike_R","Strike_R+1","Defend_R","Defend_R","Defend_R","Defend_R","Bash","Offering","Shockwave","True Grit","Entrench","Whirlwind","Disarm","Havoc","True Grit","Barricade","Feed","Inflame","Demon Form","Warcry","Body Slam","Mayhem","Mind Blast","Feel No Pain"],"relics":["Burning Blood","Membership Card","Sundial","Happy Flower","Juzu Bracelet","Dodecahedron","Whetstone","Ice Cream","Cursed Key","GremlinMask"],"potions_floor_usage":[11,12,13,23,23],"damage_taken":[{"damage":5,"enemies":"Small Slimes","floor":1,"turns":4},{"damage":2,"enemies":"Cultist","floor":3,"turns":5},{"damage":50,"enemies":"Lagavulin","floor":6,"turns":9},{"damage":37,"enemies":"Gremlin Nob","floor":10,"turns":5},{"damage":0,"enemies":"2 Louse","floor":11,"turns":2},{"damage":28,"enemies":"Gremlin Nob","floor":12,"turns":5},{"damage":6,"enemies":"Lagavulin","floor":13,"turns":10},{"damage":32,"enemies":"Slime Boss","floor":16,"turns":11},{"damage":6,"enemies":"3 Byrds","floor":18,"turns":4},{"damage":18,"enemies":"Chosen","floor":19,"turns":6},{"damage":29,"enemies":"Snake Plant","floor":22,"turns":10},{"damage":30,"enemies":"Slavers","floor":23,"turns":4}],"seed_played":"-6741353973904882303","potions_obtained":[{"floor":1,"key":"Explosive Potion"},{"floor":11,"key":"GamblersBrew"},{"floor":12,"key":"AttackPotion"},{"floor":16,"key":"Dexterity Potion"},{"floor":18,"key":"SkillPotion"}],"is_trial":false,"path_per_floor":["?","M","?","?","?","$","?"],"character_chosen":"IRONCLAD","items_purchased":["Membership Card","Entrench","Whirlwind","Ice Cream","Inflame","Mayhem","Mind Blast"],"campfire_rested":2,"item_purchase_floors":[5,5,5,14,14,21,21],"current_hp_per_floor":[52,52,56,56,56,12,32,56,56,25,31,9,9,9,33,7,62,65,53,53,53,30,0],"gold":26,"neow_bonus":"THREE_RARE_CARDS","is_prod":false,"is_daily":false,"chose_seed":false,"campfire_upgraded":0,"win_rate":0,"timestamp":1557438887,"path_taken":["M","?","?","?","$","E","?","R","T","E","M","?","E","?","R","BOSS","M","M","?","$","M","E"],"build_version":"2019-01-23","purchased_purges":1,"victory":false,"max_hp_per_floor":[80,80,80,80,80,80,80,80,80,80,80,80,80,80,80,80,80,83,83,83,83,83,83],"card_choices":[{"not_picked":["Dark Embrace","Bludgeon"],"picked":"Offering","floor":0},{"not_picked":["Sever Soul","Twin Strike"],"picked":"Shockwave","floor":1},{"not_picked":["Reckless Charge","Iron Wave"],"picked":"True Grit","floor":3},{"not_picked":["Clash","Carnage"],"picked":"Disarm","floor":6},{"not_picked":["Hemokinesis","Combust"],"picked":"Havoc","floor":10},{"not_picked":["Twin Strike","Corruption"],"picked":"True Grit","floor":11},{"not_picked":["Pommel Strike","Twin Strike"],"picked":"Barricade","floor":12},{"not_picked":["Anger","Headbutt"],"picked":"Feed","floor":13},{"not_picked":["Bludgeon","Double Tap"],"picked":"Demon Form","floor":16},{"not_picked":["Flex","Blood for Blood+1"],"picked":"Warcry","floor":18},{"not_picked":["Armaments","Twin Strike"],"picked":"Body Slam","floor":19},{"not_picked":["Twin Strike","Clothesline"],"picked":"Feel No Pain","floor":22}],"player_experience":342644,"relics_obtained":[{"floor":6,"key":"Sundial"},{"floor":9,"key":"Happy Flower"},{"floor":10,"key":"Juzu Bracelet"},{"floor":12,"key":"Dodecahedron"},{"floor":13,"key":"Whetstone"}],"event_choices":[{"cards_removed":["Strike_R"],"damage_healed":0,"gold_gain":0,"player_choice":"Purged","damage_taken":0,"max_hp_gain":0,"max_hp_loss":0,"event_name":"Purifier","floor":2,"gold_loss":0},{"damage_healed":0,"gold_gain":175,"player_choice":"AGREE","damage_taken":0,"max_hp_gain":0,"max_hp_loss":0,"event_name":"Liars Game","floor":4,"gold_loss":0,"cards_obtained":["Doubt"]},{"damage_healed":20,"gold_gain":0,"player_choice":"Healed","damage_taken":0,"max_hp_gain":0,"max_hp_loss":0,"event_name":"The Cleric","floor":7,"gold_loss":35},{"damage_healed":0,"gold_gain":30,"player_choice":"Searched \u00272\u0027 times","damage_taken":0,"max_hp_gain":0,"max_hp_loss":0,"event_name":"Dead Adventurer","floor":12,"gold_loss":0},{"damage_healed":0,"gold_gain":0,"player_choice":"Trade","damage_taken":0,"relics_obtained":["GremlinMask"],"max_hp_gain":0,"max_hp_loss":0,"event_name":"FaceTrader","floor":20,"gold_loss":0}],"is_beta":false,"boss_relics":[{"not_picked":["Runic Cube","Mark of Pain"],"picked":"Cursed Key"}],"items_purged_floors":[5],"is_endless":false,"potions_floor_spawned":[1,11,12,16,18],"killed_by":"Slavers","ascension_level":8}