{"gold_per_floor":[114,114,134,84,47,47,122,122,145,157,14,29,61,80,80,80],"floor_reached":16,"playtime":417,"items_purged":["Defend_G"],"score":170,"play_id":"417e2213-090d-4927-b7bd-2aaf623dc18e","local_time":"20190528122657","is_ascension_mode":true,"campfire_choices":[{"data":"Crippling Poison","floor":6,"key":"SMITH"},{"floor":8,"key":"REST"},{"floor":15,"key":"REST"}],"neow_cost":"NONE","seed_source_timestamp":91223623576562,"circlet_count":0,"master_deck":["AscendersBane","Defend_G+1","Defend_G","Defend_G","Defend_G","Strike_G","Strike_G","Strike_G","Strike_G","Survivor+1","Neutralize","Escape Plan","Quick Slash","Crippling Poison+1","Footwork","Dagger Throw"],"relics":["Ring of the Snake","Orichalcum","Regal Pillow","Art of War"],"potions_floor_usage":[13,16],"damage_taken":[{"damage":5,"enemies":"Small Slimes","floor":1,"turns":4},{"damage":4,"enemies":"Jaw Worm","floor":3,"turns":5},{"damage":1,"enemies":"2 Louse","floor":10,"turns":4},{"damage":10,"enemies":"Exordium Thugs","floor":12,"turns":6},{"damage":7,"enemies":"Lagavulin","floor":13,"turns":8},{"damage":8,"enemies":"Lots of Slimes","floor":14,"turns":3},{"damage":56,"enemies":"Slime Boss","floor":16,"turns":8}],"seed_played":"2572811814027115535","potions_obtained":[{"floor":12,"key":"Dexterity Potion"},{"floor":14,"key":"Poison Potion"}],"is_trial":false,"path_per_floor":["M","?","M","?","$","R","?","R","T","M","$","M","E","M","R","B"],"character_chosen":"THE_SILENT","items_purchased":["Crippling Poison","Footwork"],"campfire_rested":2,"item_purchase_floors":[5,11],"current_hp_per_floor":[54,41,37,37,37,37,26,45,45,44,44,34,27,19,53,0],"gold":80,"neow_bonus":"RANDOM_COMMON_RELIC","is_prod":false,"is_daily":false,"chose_seed":false,"campfire_upgraded":1,"win_rate":0,"timestamp":1559039217,"path_taken":["M","?","M","?","$","R","?","R","T","M","?","M","E","M","R","BOSS"],"build_version":"2019-01-23","purchased_purges":1,"victory":false,"max_hp_per_floor":[66,66,66,66,66,66,66,66,66,66,66,66,66,66,66,66],"card_choices":[{"not_picked":["Acrobatics","Choke"],"picked":"Escape Plan","floor":1},{"not_picked":["Acrobatics","Blade Dance"],"picked":"Quick Slash","floor":3},{"not_picked":["Outmaneuver","Choke","Underhanded Strike"],"picked":"SKIP","floor":10},{"not_picked":["Blade Dance","Die Die Die","Flechettes"],"picked":"SKIP","floor":12},{"not_picked":["Blade Dance","Dodge and Roll","Underhanded Strike"],"picked":"SKIP","floor":13},{"not_picked":["Infinite Blades","Skewer"],"picked":"Dagger Throw","floor":14}],"player_experience":260329,"relics_obtained":[{"floor":9,"key":"Regal Pillow"},{"floor":13,"key":"Art of War"}],"event_choices":[{"damage_healed":0,"gold_gain":0,"player_choice":"Entered Light","damage_taken":13,"max_hp_gain":0,"max_hp_loss":0,"event_name":"Shining Light","floor":2,"gold_loss":0,"cards_upgraded":["Survivor","Defend_G"]},{"cards_removed":["Strike_G"],"damage_healed":0,"gold_gain":0,"player_choice":"Card Removal","damage_taken":0,"max_hp_gain":0,"max_hp_loss":0,"event_name":"The Cleric","floor":4,"gold_loss":50},{"damage_healed":0,"gold_gain":75,"player_choice":"Gather Gold","damage_taken":11,"max_hp_gain":0,"max_hp_loss":0,"event_name":"World of Goop","floor":7,"gold_loss":0}],"is_beta":false,"boss_relics":[],"items_purged_floors":[11],"is_endless":false,"potions_floor_spawned":[12,14],"killed_by":"Slime Boss","ascension_level":14}