{"gold_per_floor":[118,138,138,155,155,190,76,102,155,155,155,155],"floor_reached":12,"playtime":638,"items_purged":[],"score":103,"play_id":"2a157e9d-3c96-47b0-8718-17c2b20a038b","local_time":"20181025131725","is_ascension_mode":true,"campfire_choices":[{"floor":10,"key":"REST"}],"neow_cost":"NONE","seed_source_timestamp":12006509092733,"circlet_count":0,"master_deck":["Strike_R","Strike_R","Strike_R","Strike_R","Defend_R","Defend_R","Defend_R","Defend_R","Bash+1","Reckless Charge","Warcry","True Grit","Headbutt","Infernal Blade","Armaments","Madness","Shrug It Off"],"relics":["Burning Blood","Letter Opener","Art of War","Shovel","Juzu Bracelet"],"potions_floor_usage":[],"damage_taken":[{"damage":7,"enemies":"Jaw Worm","floor":1,"turns":3},{"damage":0,"enemies":"Cultist","floor":2,"turns":4},{"damage":9,"enemies":"2 Louse","floor":4,"turns":2},{"damage":41,"enemies":"3 Sentries","floor":6,"turns":10},{"damage":38,"enemies":"Lagavulin","floor":8,"turns":6},{"damage":42,"enemies":"3 Sentries","floor":12,"turns":6}],"seed_played":"4389329172670804718","potions_obtained":[{"floor":1,"key":"EssenceOfSteel"},{"floor":8,"key":"Explosive Potion"}],"is_trial":false,"path_per_floor":["M","M","?","M","?","E","$","E","T","R","?"],"character_chosen":"IRONCLAD","items_purchased":["Armaments","Madness"],"campfire_rested":1,"item_purchase_floors":[7,7],"current_hp_per_floor":[79,80,80,77,77,42,42,10,10,34,34,0],"gold":155,"neow_bonus":"UPGRADE_CARD","is_prod":false,"is_daily":false,"chose_seed":false,"campfire_upgraded":0,"win_rate":0,"timestamp":1540487845,"path_taken":["M","M","?","M","?","E","$","E","T","R","?","E"],"build_version":"2018-09-06","purchased_purges":0,"victory":false,"max_hp_per_floor":[80,80,80,80,80,80,80,80,80,80,80,80],"card_choices":[{"not_picked":["Dual Wield","Clash"],"picked":"Reckless Charge","floor":1},{"not_picked":["Thunderclap","Seeing Red"],"picked":"Warcry","floor":2},{"not_picked":["Iron Wave","Perfected Strike"],"picked":"True Grit","floor":4},{"not_picked":["Evolve","Iron Wave"],"picked":"Infernal Blade","floor":6},{"not_picked":["Twin Strike","Clothesline"],"picked":"Shrug It Off","floor":8}],"player_experience":107337,"relics_obtained":[{"floor":6,"key":"Art of War"},{"floor":8,"key":"Shovel"},{"floor":9,"key":"Juzu Bracelet"}],"event_choices":[{"event_name":"WeMeetAgain","player_choice":"Potion","floor":3,"damage_taken":0},{"event_name":"Living Wall","player_choice":"Change","floor":5,"damage_taken":0},{"event_name":"Shining Light","player_choice":"Ignored","floor":11,"damage_taken":0}],"is_beta":false,"boss_relics":[],"items_purged_floors":[],"is_endless":false,"potions_floor_spawned":[1,8],"killed_by":"3 Sentries","ascension_level":4}