{"gold_per_floor":[113,133,147,161,336,336,391,410,465,465,485,509,509,536,536,536],"floor_reached":16,"playtime":859,"items_purged":[],"score":179,"play_id":"e2016c34-b907-4efe-824a-bf6de3d3e04b","local_time":"20190516150500","is_ascension_mode":true,"campfire_choices":[{"data":"True Grit","floor":6,"key":"SMITH"},{"floor":10,"key":"REST"},{"floor":15,"key":"REST"}],"neow_cost":"NONE","seed_source_timestamp":736285427132,"circlet_count":0,"master_deck":["AscendersBane","Strike_R","Strike_R","Strike_R","Strike_R","Strike_R","Defend_R","Defend_R","Defend_R","Defend_R","Bash","Heavy Blade","Shrug It Off","True Grit+1","Inflame","Doubt","Double Tap","Clothesline","Barricade","Ghostly Armor"],"relics":["Burning Blood","Tiny Chest","Juzu Bracelet","Art of War","GremlinMask","Bottled Lightning"],"potions_floor_usage":[14,14],"damage_taken":[{"damage":1,"enemies":"Cultist","floor":1,"turns":3},{"damage":0,"enemies":"Small Slimes","floor":2,"turns":4},{"damage":5,"enemies":"Jaw Worm","floor":3,"turns":5},{"damage":30,"enemies":"Exordium Thugs","floor":4,"turns":9},{"damage":68,"enemies":"Lagavulin","floor":7,"turns":11},{"damage":8,"enemies":"Red Slaver","floor":8,"turns":5},{"damage":19,"enemies":"Blue Slaver","floor":11,"turns":6},{"damage":28,"enemies":"3 Sentries","floor":14,"turns":12},{"damage":34,"enemies":"The Guardian","floor":16,"turns":5}],"seed_played":"1904980503301908531","potions_obtained":[{"floor":0,"key":"FairyPotion"},{"floor":0,"key":"BloodPotion"},{"floor":7,"key":"Swift Potion"}],"is_trial":false,"path_per_floor":["M","?","T","?"],"character_chosen":"IRONCLAD","items_purchased":[],"campfire_rested":2,"item_purchase_floors":[],"current_hp_per_floor":[77,80,80,56,56,56,14,12,12,36,23,23,23,9,33,0],"gold":536,"neow_bonus":"THREE_SMALL_POTIONS","is_prod":false,"is_daily":false,"chose_seed":false,"campfire_upgraded":1,"win_rate":0,"timestamp":1558033500,"path_taken":["M","?","M","M","?","R","E","M","T","R","M","?","?","E","R","BOSS"],"build_version":"2019-01-23","purchased_purges":0,"victory":false,"max_hp_per_floor":[80,80,80,80,80,80,80,80,80,80,80,80,80,80,80,80],"card_choices":[{"not_picked":["Warcry","Combust"],"picked":"Heavy Blade","floor":1},{"not_picked":["Blood for Blood","Wild Strike"],"picked":"Shrug It Off","floor":2},{"not_picked":["Dropkick","Warcry"],"picked":"True Grit","floor":3},{"not_picked":["Cleave","Shrug It Off"],"picked":"Inflame","floor":4},{"not_picked":["Havoc","Sever Soul"],"picked":"Double Tap","floor":7},{"not_picked":["Armaments","Iron Wave"],"picked":"Clothesline","floor":8},{"not_picked":["Body Slam","Pummel"],"picked":"Barricade","floor":11},{"not_picked":["Twin Strike","Iron Wave"],"picked":"Ghostly Armor","floor":14}],"player_experience":489668,"relics_obtained":[{"floor":7,"key":"Tiny Chest"},{"floor":9,"key":"Juzu Bracelet"},{"floor":12,"key":"Art of War"},{"floor":14,"key":"Bottled Lightning"}],"event_choices":[{"damage_healed":0,"gold_gain":175,"player_choice":"AGREE","damage_taken":0,"max_hp_gain":0,"max_hp_loss":0,"event_name":"Liars Game","floor":5,"gold_loss":0,"cards_obtained":["Doubt"]},{"damage_healed":0,"gold_gain":0,"player_choice":"Trade","damage_taken":0,"relics_obtained":["GremlinMask"],"max_hp_gain":0,"max_hp_loss":0,"event_name":"FaceTrader","floor":13,"gold_loss":0}],"is_beta":false,"boss_relics":[],"items_purged_floors":[],"is_endless":false,"potions_floor_spawned":[3,4,7],"killed_by":"The Guardian","ascension_level":12}