{"gold_per_floor":[118,193,6,6,21,21,49,49,49,69,69,88,88,104,104,104],"floor_reached":16,"playtime":390,"items_purged":[],"score":170,"play_id":"71f80cee-be7a-4c24-9ce2-ee2262fc110d","local_time":"20190526180755","is_ascension_mode":true,"campfire_choices":[{"data":"Mayhem","floor":6,"key":"SMITH"},{"floor":8,"key":"REST"},{"floor":15,"key":"REST"}],"neow_cost":"NONE","seed_source_timestamp":592931107802,"circlet_count":0,"master_deck":["AscendersBane","Defend_G","Defend_G","Defend_G","Defend_G","Defend_G","Strike_G","Strike_G","Strike_G","Strike_G","Strike_G","Survivor","Neutralize","Mayhem+1","All Out Attack","Poisoned Stab","Footwork"],"relics":["Ring of the Snake","Potion Belt","Dodecahedron","Regal Pillow","Omamori","Ancient Tea Set"],"potions_floor_usage":[7,16],"damage_taken":[{"damage":0,"enemies":"Jaw Worm","floor":1,"turns":5},{"damage":0,"enemies":"2 Louse","floor":5,"turns":3},{"damage":18,"enemies":"Gremlin Nob","floor":7,"turns":4},{"damage":1,"enemies":"Cultist","floor":10,"turns":3},{"damage":10,"enemies":"Lots of Slimes","floor":12,"turns":3},{"damage":6,"enemies":"2 Fungi Beasts","floor":14,"turns":3},{"damage":57,"enemies":"Slime Boss","floor":16,"turns":10}],"seed_played":"6143452952269433759","potions_obtained":[{"floor":1,"key":"AttackPotion"},{"floor":10,"key":"Energy Potion"},{"floor":12,"key":"PowerPotion"}],"is_trial":false,"path_per_floor":["M","?","$","?","M","R","E","R","T","M","?","M","?","M","R","B"],"character_chosen":"THE_SILENT","items_purchased":["Mayhem"],"campfire_rested":2,"item_purchase_floors":[3],"current_hp_per_floor":[59,48,48,42,42,42,24,43,43,42,42,32,25,19,53,0],"gold":104,"neow_bonus":"RANDOM_COMMON_RELIC","is_prod":false,"is_daily":false,"chose_seed":false,"campfire_upgraded":1,"win_rate":0,"timestamp":1558886875,"path_taken":["M","?","$","?","?","R","E","R","T","?","?","?","?","M","R","BOSS"],"build_version":"2019-01-23","purchased_purges":0,"victory":false,"max_hp_per_floor":[66,66,66,66,66,66,66,66,66,66,66,66,66,66,66,66],"card_choices":[{"not_picked":["Choke","Terror","Prepared"],"picked":"SKIP","floor":1},{"not_picked":["Calculated Gamble","Prepared"],"picked":"All Out Attack","floor":5},{"not_picked":["Accuracy","Backstab"],"picked":"Poisoned Stab","floor":7},{"not_picked":["Riddle With Holes","Backstab"],"picked":"Footwork","floor":10},{"not_picked":["Finisher","Bane","Acrobatics"],"picked":"SKIP","floor":12},{"not_picked":["Concentrate","Cloak And Dagger","Reflex"],"picked":"SKIP","floor":14}],"player_experience":255980,"relics_obtained":[{"floor":7,"key":"Dodecahedron"},{"floor":9,"key":"Regal Pillow"}],"event_choices":[{"damage_healed":0,"gold_gain":75,"player_choice":"Gather Gold","damage_taken":11,"max_hp_gain":0,"max_hp_loss":0,"event_name":"World of Goop","floor":2,"gold_loss":0},{"damage_healed":0,"gold_gain":0,"player_choice":"Damaged","damage_taken":6,"max_hp_gain":0,"max_hp_loss":0,"event_name":"Wheel of Change","floor":4,"gold_loss":0},{"damage_healed":0,"gold_gain":0,"player_choice":"Gave Potion","damage_taken":0,"relics_obtained":["Omamori"],"max_hp_gain":0,"max_hp_loss":0,"event_name":"WeMeetAgain","floor":11,"gold_loss":0},{"damage_healed":0,"gold_gain":0,"player_choice":"Success","damage_taken":7,"relics_obtained":["Ancient Tea Set"],"max_hp_gain":0,"max_hp_loss":0,"event_name":"Scrap Ooze","floor":13,"gold_loss":0}],"is_beta":false,"boss_relics":[],"items_purged_floors":[],"is_endless":false,"potions_floor_spawned":[1,10,12],"killed_by":"Slime Boss","ascension_level":14}