{"gold_per_floor":[111,111,130,150,171,192,205,155,178,178,192,215,215],"floor_reached":13,"playtime":1839,"items_purged":[],"score":81,"play_id":"e6a9164f-091c-4002-acc5-0954d8669a42","local_time":"20190215230723","is_ascension_mode":false,"campfire_choices":[],"neow_cost":"","seed_source_timestamp":133967703023772,"circlet_count":0,"master_deck":["Strike_R","Strike_R","Strike_R","Strike_R","Defend_R","Defend_R","Defend_R","Defend_R","Bash","Iron Wave","Body Slam","Seeing Red","Juggernaut","Rage","Intimidate","True Grit","Intimidate"],"relics":["Burning Blood","Golden Idol","Centennial Puzzle"],"potions_floor_usage":[],"damage_taken":[{"damage":2,"enemies":"Cultist","floor":1,"turns":5},{"damage":3,"enemies":"2 Louse","floor":3,"turns":5},{"damage":0,"enemies":"Small Slimes","floor":4,"turns":5},{"damage":7,"enemies":"Looter","floor":5,"turns":4},{"damage":5,"enemies":"3 Louse","floor":6,"turns":7},{"damage":6,"enemies":"Exordium Wildlife","floor":7,"turns":4},{"damage":6,"enemies":"Red Slaver","floor":11,"turns":6},{"damage":7,"enemies":"3 Louse","floor":12,"turns":3},{"damage":87,"enemies":"Gremlin Nob","floor":13,"turns":6}],"seed_played":"5619464420733053097","potions_obtained":[{"floor":3,"key":"Ancient Potion"},{"floor":4,"key":"PowerPotion"}],"is_trial":false,"path_per_floor":["M","?","M","M","M","M","M","?","T","?","M","M","E"],"character_chosen":"IRONCLAD","items_purchased":[],"campfire_rested":0,"item_purchase_floors":[],"current_hp_per_floor":[80,74,74,74,73,74,74,74,74,79,79,78,0],"gold":215,"neow_bonus":"","is_prod":false,"is_daily":false,"chose_seed":false,"campfire_upgraded":0,"win_rate":0.0,"timestamp":1550300843,"path_taken":["M","?","M","M","M","M","M","?","T","?","M","M","E"],"build_version":"2019-01-23","purchased_purges":0,"victory":false,"max_hp_per_floor":[80,74,74,74,74,74,74,74,74,79,79,79,79],"card_choices":[{"not_picked":["Armaments","Clothesline"],"picked":"Iron Wave","floor":1},{"not_picked":["Warcry","True Grit"],"picked":"Body Slam","floor":3},{"not_picked":["Metallicize","Iron Wave"],"picked":"Seeing Red","floor":4},{"not_picked":["Pommel Strike","Infernal Blade"],"picked":"Juggernaut","floor":5},{"not_picked":["Dropkick","True Grit"],"picked":"Rage","floor":6},{"not_picked":["Sword Boomerang","Thunderclap"],"picked":"Intimidate","floor":7},{"not_picked":["Body Slam","Twin Strike"],"picked":"True Grit","floor":11},{"not_picked":["Combust","Shockwave"],"picked":"Intimidate","floor":12}],"player_experience":0,"relics_obtained":[{"floor":9,"key":"Centennial Puzzle"}],"event_choices":[{"damage_healed":0,"gold_gain":0,"player_choice":"Lose Max HP","damage_taken":0,"relics_obtained":["Golden Idol"],"max_hp_gain":0,"max_hp_loss":6,"event_name":"Golden Idol","floor":2,"gold_loss":0},{"cards_removed":["Strike_R"],"damage_healed":0,"gold_gain":0,"player_choice":"Card Removal","damage_taken":0,"max_hp_gain":0,"max_hp_loss":0,"event_name":"The Cleric","floor":8,"gold_loss":50},{"damage_healed":0,"gold_gain":0,"player_choice":"Donut","damage_taken":0,"max_hp_gain":5,"max_hp_loss":0,"event_name":"Big Fish","floor":10,"gold_loss":0}],"is_beta":false,"boss_relics":[],"items_purged_floors":[],"is_endless":false,"potions_floor_spawned":[3,4],"killed_by":"Gremlin Nob","ascension_level":0}