{"gold_per_floor":[119,119,294,369,294,319,336,351,351,178,196,215,215,235,235,330,330,343,343,325,325,325,325,154,154,154,154,174,24,40,40,40,141,141,154,170,170,170],"floor_reached":38,"playtime":4667,"items_purged":["Defend_G","Strike_G","Strike_G","Writhe"],"score":399,"play_id":"79f38384-f447-4180-9608-cf1a97e44dd1","local_time":"20190216015921","is_ascension_mode":false,"campfire_choices":[{"floor":13,"key":"REST"},{"floor":15,"key":"REST"},{"floor":23,"key":"REST"},{"floor":25,"key":"REST"},{"data":"Noxious Fumes","floor":27,"key":"SMITH"},{"data":"Survivor","floor":32,"key":"SMITH"}],"neow_cost":"NONE","seed_source_timestamp":141456857964888,"circlet_count":0,"master_deck":["Defend_G","Defend_G+1","Strike_G","Survivor+1","Neutralize","Noxious Fumes+1","Heel Hook","Crippling Poison","Noxious Fumes","Well Laid Plans","Flying Knee","Dagger Throw","Dagger Spray","Adrenaline","Wraith Form v2+1","Venomology+1","Flying Knee+1","Blur+1","All Out Attack+1","Deadly Poison","Deadly Poison+1","Poisoned Stab","Malaise","Deadly Poison","Poisoned Stab+1","Crippling Poison","Poisoned Stab","Deadly Poison","Escape Plan+1"],"relics":["Ring of the Snake","Gremlin Horn","Shuriken","Astrolabe","Bag of Preparation","Kunai","Bird Faced Urn","Orrery"],"potions_floor_usage":[21,21,30,33,33,33,35],"damage_taken":[{"damage":0,"enemies":"Jaw Worm","floor":1,"turns":8},{"damage":26,"enemies":"Lagavulin","floor":6,"turns":10},{"damage":0,"enemies":"Small Slimes","floor":7,"turns":5},{"damage":5,"enemies":"2 Louse","floor":8,"turns":3},{"damage":6,"enemies":"Looter","floor":11,"turns":4},{"damage":2,"enemies":"Large Slime","floor":12,"turns":5},{"damage":9,"enemies":"Exordium Wildlife","floor":14,"turns":4},{"damage":31,"enemies":"Slime Boss","floor":16,"turns":7},{"damage":15,"enemies":"Spheric Guardian","floor":18,"turns":6},{"damage":2,"enemies":"2 Thieves","floor":20,"turns":5},{"damage":38,"enemies":"Colosseum Slavers","floor":21,"turns":8},{"damage":2,"enemies":"Colosseum Nobs","floor":21,"turns":5},{"damage":1,"enemies":"Cultist and Chosen","floor":28,"turns":5},{"damage":8,"enemies":"Snake Plant","floor":30,"turns":4},{"damage":27,"enemies":"Automaton","floor":33,"turns":9},{"damage":16,"enemies":"3 Darklings","floor":35,"turns":4},{"damage":18,"enemies":"Orb Walker","floor":36,"turns":4},{"damage":54,"enemies":"Maw","floor":38,"turns":7}],"seed_played":"8036861265788329589","potions_obtained":[{"floor":1,"key":"AttackPotion"},{"floor":7,"key":"EssenceOfSteel"},{"floor":8,"key":"SpeedPotion"},{"floor":12,"key":"Energy Potion"},{"floor":18,"key":"GamblersBrew"},{"floor":20,"key":"Poison Potion"},{"floor":33,"key":"Energy Potion"},{"floor":35,"key":"GhostInAJar"}],"is_trial":false,"path_per_floor":["M","?","?","?","$","E","M","M","T","$","M","M","R","M","R","B",null,"M","?","M","?","?","R","$","R","T","R","M","$","M","$","R","B",null,"M","M","?","M"],"character_chosen":"THE_SILENT","items_purchased":["Well Laid Plans","Deadly Poison"],"campfire_rested":4,"item_purchase_floors":[10,24],"current_hp_per_floor":[77,77,77,66,66,40,40,35,35,35,29,27,50,41,64,33,77,62,62,60,20,20,43,43,66,66,66,71,71,71,71,71,52,77,61,43,43,0],"gold":170,"neow_bonus":"TEN_PERCENT_HP_BONUS","is_prod":false,"is_daily":false,"chose_seed":false,"campfire_upgraded":2,"win_rate":0.0,"timestamp":1550311161,"path_taken":["M","?","?","?","$","E","M","M","T","?","M","M","R","M","R","BOSS","M","?","M","?","?","R","$","R","T","R","?","$","M","$","R","BOSS","M","M","?","?"],"build_version":"2019-01-23","purchased_purges":4,"victory":false,"max_hp_per_floor":[77,77,77,77,77,77,77,77,77,77,77,77,77,77,77,77,77,77,77,77,77,77,77,77,77,77,77,77,77,77,77,77,77,77,77,77,77,77],"card_choices":[{"not_picked":["Sucker Punch","Crippling Poison"],"picked":"Noxious Fumes","floor":1},{"not_picked":["Prepared","Distraction"],"picked":"Heel Hook","floor":6},{"not_picked":["Choke","Slice"],"picked":"Crippling Poison","floor":7},{"not_picked":["Blur","Flying Knee"],"picked":"Noxious Fumes","floor":8},{"not_picked":["Dodge and Roll","Noxious Fumes"],"picked":"Flying Knee","floor":11},{"not_picked":["Quick Slash","Blade Dance"],"picked":"Dagger Throw","floor":12},{"not_picked":["Calculated Gamble","Backflip"],"picked":"Dagger Spray","floor":14},{"not_picked":["Phantasmal Killer","Night Terror"],"picked":"Adrenaline","floor":16},{"not_picked":["Deadly Poison","Dagger Spray+1"],"picked":"Blur+1","floor":18},{"not_picked":["Underhanded Strike","Acrobatics"],"picked":"All Out Attack+1","floor":20},{"not_picked":["Flechettes","Finisher"],"picked":"Deadly Poison+1","floor":28},{"not_picked":["Acrobatics","Distraction"],"picked":"Poisoned Stab","floor":30},{"not_picked":["Night Terror","Doppelganger"],"picked":"Malaise","floor":33},{"not_picked":["Endless Agony+1","Footwork"],"picked":"Deadly Poison","floor":34},{"not_picked":["All Out Attack","Sucker Punch"],"picked":"Poisoned Stab+1","floor":34},{"not_picked":["Blade Dance","Flying Knee"],"picked":"Crippling Poison","floor":34},{"not_picked":["Eviscerate","Flying Knee"],"picked":"Poisoned Stab","floor":34},{"not_picked":["Dagger Throw","Quick Slash"],"picked":"Deadly Poison","floor":34},{"not_picked":["Backflip","Masterful Stab","PiercingWail"],"picked":"SKIP","floor":35},{"not_picked":["Masterful Stab+1","Poisoned Stab"],"picked":"Escape Plan+1","floor":36}],"player_experience":6972,"relics_obtained":[{"floor":6,"key":"Gremlin Horn"},{"floor":9,"key":"Shuriken"},{"floor":21,"key":"Kunai"},{"floor":26,"key":"Bird Faced Urn"}],"event_choices":[{"cards_removed":["Strike_G"],"damage_healed":0,"gold_gain":0,"player_choice":"Forget","damage_taken":0,"max_hp_gain":0,"max_hp_loss":0,"event_name":"Living Wall","floor":2,"gold_loss":0},{"damage_healed":0,"gold_gain":175,"player_choice":"AGREE","damage_taken":0,"max_hp_gain":0,"max_hp_loss":0,"event_name":"Liars Game","floor":3,"gold_loss":0,"cards_obtained":["Doubt"]},{"damage_healed":0,"gold_gain":75,"player_choice":"Gather Gold","damage_taken":11,"max_hp_gain":0,"max_hp_loss":0,"event_name":"World of Goop","floor":4,"gold_loss":0},{"damage_healed":0,"gold_gain":0,"player_choice":"Opened","damage_taken":0,"relics_obtained":["Bag of Preparation"],"max_hp_gain":0,"max_hp_loss":0,"event_name":"The Mausoleum","floor":19,"gold_loss":0,"cards_obtained":["Writhe"]},{"damage_healed":0,"gold_gain":0,"player_choice":"Fight","damage_taken":0,"max_hp_gain":0,"max_hp_loss":0,"event_name":"Colosseum","floor":21,"gold_loss":0},{"damage_healed":0,"gold_gain":0,"player_choice":"Fought Nobs","damage_taken":0,"max_hp_gain":0,"max_hp_loss":0,"event_name":"Colosseum","floor":21,"gold_loss":0},{"cards_removed":["Doubt"],"damage_healed":0,"gold_gain":0,"player_choice":"Purged","damage_taken":0,"max_hp_gain":0,"max_hp_loss":0,"event_name":"Purifier","floor":22,"gold_loss":0},{"damage_healed":0,"gold_gain":0,"player_choice":"Forge","damage_taken":0,"max_hp_gain":0,"max_hp_loss":0,"event_name":"Accursed Blacksmith","floor":37,"gold_loss":0,"cards_upgraded":["Defend_G"]}],"is_beta":false,"boss_relics":[{"not_picked":["Snecko Eye","Eternal Feather"],"picked":"Astrolabe"},{"not_picked":["Runic Dome","Runic Pyramid"],"picked":"Orrery"}],"items_purged_floors":[5,10,24,29],"is_endless":false,"potions_floor_spawned":[1,7,8,12,18,20,30,33,35],"killed_by":"Maw","ascension_level":0}