{"gold_per_floor":[117,130,44,3,14,14,79,99,124,124,49,49,60,79,79,153,153,130,130,130],"floor_reached":20,"playtime":1010,"items_purged":["Strike_R"],"score":348,"play_id":"ebaaa84d-ee7a-4164-9f23-df5fa39ba510","local_time":"20190514221612","is_ascension_mode":true,"campfire_choices":[{"data":"Armaments","floor":6,"key":"SMITH"},{"data":"1","floor":10,"key":"LIFT"},{"data":"2","floor":12,"key":"LIFT"},{"data":"3","floor":15,"key":"LIFT"}],"neow_cost":"TEN_PERCENT_HP_LOSS","seed_source_timestamp":2298075411232827,"circlet_count":0,"master_deck":["AscendersBane","Strike_R","Defend_R","Defend_R","Defend_R","Defend_R","Bash","Heavy Blade","Armaments+1","Flame Barrier","Uppercut","Ghostly Armor","Feed","Reaper","Rampage+1","Juggernaut+1","Juggernaut+1"],"relics":["Burning Blood","Girya","Tiny Chest","Dream Catcher","Astrolabe"],"potions_floor_usage":[16,18,19],"damage_taken":[{"damage":2,"enemies":"Cultist","floor":1,"turns":4},{"damage":10,"enemies":"Small Slimes","floor":2,"turns":3},{"damage":0,"enemies":"Jaw Worm","floor":5,"turns":5},{"damage":27,"enemies":"3 Sentries","floor":7,"turns":11},{"damage":6,"enemies":"Blue Slaver","floor":8,"turns":7},{"damage":16,"enemies":"Lots of Slimes","floor":13,"turns":6},{"damage":0,"enemies":"Looter","floor":14,"turns":3},{"damage":45,"enemies":"Hexaghost","floor":16,"turns":10},{"damage":22,"enemies":"2 Thieves","floor":18,"turns":4},{"damage":51,"enemies":"Colosseum Slavers","floor":19,"turns":7},{"damage":19,"enemies":"Shell Parasite","floor":20,"turns":6}],"seed_played":"379531844251255378","potions_obtained":[{"floor":5,"key":"Strength Potion"},{"floor":7,"key":"BloodPotion"},{"floor":14,"key":"PowerPotion"},{"floor":16,"key":"Explosive Potion"}],"is_trial":false,"path_per_floor":["M","M","$","$","M","R","E","M","T","R","$","R","M","M","R","B",null,"M","?","M"],"character_chosen":"IRONCLAD","items_purchased":["Flame Barrier","Uppercut"],"campfire_rested":0,"item_purchase_floors":[3,4],"current_hp_per_floor":[68,64,64,64,68,68,47,47,47,47,47,47,40,49,49,10,58,42,18,0],"gold":130,"neow_bonus":"ONE_RARE_RELIC","is_prod":false,"is_daily":false,"chose_seed":false,"campfire_upgraded":1,"win_rate":0,"timestamp":1557864972,"path_taken":["M","?","?","$","M","R","E","M","T","R","$","R","?","M","R","BOSS","M","?","M"],"build_version":"2019-01-23","purchased_purges":1,"victory":false,"max_hp_per_floor":[68,68,68,68,68,68,68,68,68,68,68,68,71,74,74,74,74,74,77,77],"card_choices":[{"not_picked":["Warcry","Clash"],"picked":"Heavy Blade","floor":1},{"not_picked":["Combust","Perfected Strike"],"picked":"Armaments","floor":2},{"not_picked":["Perfected Strike","Iron Wave"],"picked":"Ghostly Armor","floor":5},{"not_picked":["Hemokinesis","Heavy Blade"],"picked":"Feed","floor":8},{"not_picked":["Double Tap","Limit Break"],"picked":"Reaper","floor":16}],"player_experience":1336422,"relics_obtained":[{"floor":7,"key":"Tiny Chest"},{"floor":9,"key":"Dream Catcher"}],"event_choices":[{"damage_healed":0,"gold_gain":0,"player_choice":"Fight","damage_taken":0,"max_hp_gain":0,"max_hp_loss":0,"event_name":"Colosseum","floor":19,"gold_loss":0},{"damage_healed":0,"gold_gain":0,"player_choice":"Fled From Nobs","damage_taken":0,"max_hp_gain":0,"max_hp_loss":0,"event_name":"Colosseum","floor":19,"gold_loss":0}],"is_beta":false,"boss_relics":[{"not_picked":["Empty Cage","Tiny House"],"picked":"Astrolabe"}],"items_purged_floors":[11],"is_endless":false,"potions_floor_spawned":[5,7,14,16],"killed_by":"Shell Parasite","ascension_level":20}