{"gold_per_floor":[112,123,143,21,21,56,56,56,101,1,1,18,18,51,51,154,154,174,174,185,28,28,28,58,58,104,122,122,140,140],"floor_reached":30,"playtime":621,"items_purged":["Strike_R","Strike_R"],"score":294,"play_id":"d9357b77-9f52-463d-9795-25cef7a909e8","local_time":"20190201171942","is_ascension_mode":true,"campfire_choices":[{"data":"Armaments","floor":8,"key":"SMITH"},{"data":"Bash","floor":11,"key":"SMITH"},{"data":"Twin Strike","floor":15,"key":"SMITH"},{"data":"True Grit","floor":23,"key":"SMITH"},{"floor":25,"key":"REST"},{"floor":28,"key":"REST"}],"neow_cost":"PERCENT_DAMAGE","seed_source_timestamp":319515863798995,"circlet_count":0,"master_deck":["Strike_R","Strike_R","Strike_R","Defend_R","Defend_R","Defend_R","Defend_R","Bash+1","Clash","Twin Strike+1","Armaments+1","Clash","Heavy Blade","Limit Break+1","True Grit","True Grit+1","Spot Weakness","Flash of Steel","Sword Boomerang+1"],"relics":["Burning Blood","Ice Cream","Boot","Orichalcum","Blood Vial","Lantern","Runic Dome","PreservedInsect","Strawberry"],"potions_floor_usage":[6,16,20,30],"damage_taken":[{"damage":1,"enemies":"Cultist","floor":1,"turns":4},{"damage":2,"enemies":"Jaw Worm","floor":2,"turns":3},{"damage":7,"enemies":"Small Slimes","floor":3,"turns":3},{"damage":16,"enemies":"Gremlin Nob","floor":6,"turns":3},{"damage":7,"enemies":"Gremlin Gang","floor":12,"turns":3},{"damage":17,"enemies":"Lagavulin","floor":14,"turns":6},{"damage":22,"enemies":"The Guardian","floor":16,"turns":8},{"damage":0,"enemies":"Chosen","floor":18,"turns":3},{"damage":0,"enemies":"3 Byrds","floor":20,"turns":5},{"damage":63,"enemies":"Book of Stabbing","floor":24,"turns":6},{"damage":36,"enemies":"Snake Plant","floor":27,"turns":4},{"damage":49,"enemies":"Chosen and Byrds","floor":29,"turns":7},{"damage":13,"enemies":"Gremlin Leader","floor":30,"turns":1}],"seed_played":"-6112327044446752323","potions_obtained":[{"floor":1,"key":"AttackPotion"},{"floor":3,"key":"Block Potion"},{"floor":18,"key":"SkillPotion"},{"floor":27,"key":"FearPotion"},{"floor":29,"key":"Block Potion"}],"is_trial":false,"path_per_floor":["M","M","M","$","?","E","$","R","T","$","R","M","T","E","R","B",null,"M","?","M","$","?","R","E","R","T","M","R","M","E"],"character_chosen":"IRONCLAD","items_purchased":["Armaments","Spot Weakness","Flash of Steel"],"campfire_rested":2,"item_purchase_floors":[4,21,21],"current_hp_per_floor":[61,65,64,64,64,54,54,54,54,54,54,53,53,44,44,30,80,80,80,80,80,80,80,23,47,54,26,52,11,0],"gold":140,"neow_bonus":"ONE_RARE_RELIC","is_prod":false,"is_daily":false,"chose_seed":false,"campfire_upgraded":4,"win_rate":0,"timestamp":1549037982,"path_taken":["M","M","?","$","?","E","?","R","T","$","R","?","?","E","R","BOSS","M","?","?","$","?","R","E","R","T","M","R","M","E"],"build_version":"2019-01-23","purchased_purges":2,"victory":false,"max_hp_per_floor":[80,80,80,80,80,80,80,80,80,80,80,80,80,80,80,80,80,80,80,80,80,80,80,80,80,87,87,87,87,87],"card_choices":[{"not_picked":["Infernal Blade","Rupture"],"picked":"Clash","floor":1},{"not_picked":["True Grit","Warcry"],"picked":"Twin Strike","floor":2},{"not_picked":["Thunderclap","Havoc","Burning Pact"],"picked":"SKIP","floor":3},{"not_picked":["Iron Wave","Cleave"],"picked":"Clash","floor":6},{"not_picked":["Thunderclap","Intimidate","Fiend Fire"],"picked":"SKIP","floor":12},{"not_picked":["Disarm","Fire Breathing"],"picked":"Heavy Blade","floor":14},{"not_picked":["Reaper","Offering"],"picked":"Limit Break","floor":16},{"not_picked":["Uppercut","Blood for Blood"],"picked":"True Grit","floor":18},{"not_picked":["Anger","Havoc"],"picked":"True Grit","floor":20},{"not_picked":["Entrench","Power Through+1","Wild Strike"],"picked":"SKIP","floor":24},{"not_picked":["Headbutt","Sentinel","Wild Strike+1"],"picked":"SKIP","floor":27},{"not_picked":["Iron Wave","Clash+1"],"picked":"Sword Boomerang+1","floor":29}],"player_experience":56872,"relics_obtained":[{"floor":6,"key":"Boot"},{"floor":9,"key":"Orichalcum"},{"floor":13,"key":"Blood Vial"},{"floor":14,"key":"Lantern"},{"floor":24,"key":"PreservedInsect"},{"floor":26,"key":"Strawberry"}],"event_choices":[{"damage_healed":0,"gold_gain":0,"player_choice":"Leave","damage_taken":0,"max_hp_gain":0,"max_hp_loss":0,"event_name":"The Cleric","floor":5,"gold_loss":0},{"damage_healed":0,"gold_gain":0,"player_choice":"Upgraded","damage_taken":0,"max_hp_gain":0,"max_hp_loss":0,"event_name":"Upgrade Shrine","floor":19,"gold_loss":0,"cards_upgraded":["Limit Break"]},{"damage_healed":0,"gold_gain":0,"player_choice":"Ignored","damage_taken":0,"max_hp_gain":0,"max_hp_loss":0,"event_name":"Cursed Tome","floor":22,"gold_loss":0}],"is_beta":false,"boss_relics":[{"not_picked":["Black Blood","Runic Cube"],"picked":"Runic Dome"}],"items_purged_floors":[4,10],"is_endless":false,"potions_floor_spawned":[1,3,18,27,29],"killed_by":"Gremlin Leader","ascension_level":3}