{"gold_per_floor":[113,125,75,75,92,122,122,138,219,219,219,238,238],"floor_reached":13,"playtime":227,"items_purged":[],"score":145,"play_id":"0ddbdc9c-fc42-4cfe-89e1-6e77c9170955","local_time":"20190521234329","is_ascension_mode":true,"campfire_choices":[{"data":"Consume","floor":7.0,"key":"SMITH"},{"data":"Coolheaded","floor":11.0,"key":"SMITH"}],"neow_cost":"NONE","seed_source_timestamp":117430529748003,"circlet_count":0,"master_deck":["AscendersBane","Strike_B","Strike_B","Defend_B","Defend_B","Defend_B","Defend_B","Zap+1","Dualcast","Consume+1","Streamline","Gash","Coolheaded+1"],"special_seed":0,"relics":["Cracked Core","NeowsBlessing","Shovel","Singing Bowl"],"potions_floor_usage":[],"damage_taken":[{"damage":0.0,"enemies":"Small Slimes","floor":1.0,"turns":1.0},{"damage":0.0,"enemies":"Jaw Worm","floor":2.0,"turns":1.0},{"damage":0.0,"enemies":"Cultist","floor":5.0,"turns":1.0},{"damage":20.0,"enemies":"Lagavulin","floor":6.0,"turns":6.0},{"damage":12.0,"enemies":"Looter","floor":8.0,"turns":3.0},{"damage":17,"enemies":"Gremlin Gang","floor":12,"turns":5},{"damage":33,"enemies":"3 Sentries","floor":13,"turns":5}],"seed_played":"2246518643457288879","potions_obtained":[{"floor":1.0,"key":"Weak Potion"},{"floor":2.0,"key":"Regen Potion"},{"floor":8.0,"key":"SteroidPotion"}],"is_trial":false,"path_per_floor":["M","M","?","?","M","E","R","M","T","?","R","M","E"],"character_chosen":"DEFECT","items_purchased":[],"campfire_rested":0,"item_purchase_floors":[],"current_hp_per_floor":[64,64,64,64,64,56,56,44,44,44,44,29,0],"gold":238,"neow_bonus":"THREE_ENEMY_KILL","is_prod":false,"is_daily":false,"chose_seed":false,"campfire_upgraded":2,"win_rate":0,"timestamp":1558475009,"path_taken":["M","M","?","?","?","E","R","M","T","?","R","?","E"],"build_version":"2019-01-23","purchased_purges":0,"victory":false,"max_hp_per_floor":[71,71,71,71,71,71,71,71,71,71,71,73,73],"card_choices":[{"not_picked":["BootSequence","Coolheaded"],"picked":"Consume","floor":1.0},{"not_picked":["Beam Cell","Steam"],"picked":"Streamline","floor":2.0},{"not_picked":["Self Repair","Conserve Battery"],"picked":"Gash","floor":5.0},{"not_picked":["Stack","Leap"],"picked":"Coolheaded","floor":6.0},{"not_picked":["Rebound","Turbo","Meteor Strike"],"picked":"SKIP","floor":8.0},{"not_picked":["Genetic Algorithm","Rebound","Heatsinks"],"picked":"Singing Bowl","floor":12}],"player_experience":228823,"relics_obtained":[{"floor":6.0,"key":"Shovel"},{"floor":9.0,"key":"Singing Bowl"}],"event_choices":[{"cards_removed":["Strike_B"],"damage_healed":0.0,"max_hp_gain":0.0,"max_hp_loss":0.0,"gold_gain":0.0,"event_name":"The Cleric","player_choice":"Card Removal","floor":3.0,"gold_loss":50.0,"damage_taken":0.0},{"cards_removed":["Strike_B"],"damage_healed":0.0,"max_hp_gain":0.0,"max_hp_loss":0.0,"gold_gain":0.0,"event_name":"Purifier","player_choice":"Purged","floor":4.0,"gold_loss":0.0,"damage_taken":0.0},{"damage_healed":0.0,"max_hp_gain":0.0,"max_hp_loss":0.0,"gold_gain":0.0,"event_name":"Accursed Blacksmith","player_choice":"Forge","floor":10.0,"gold_loss":0.0,"damage_taken":0.0,"cards_upgraded":["Zap"]}],"is_beta":false,"boss_relics":[],"items_purged_floors":[],"is_endless":false,"potions_floor_spawned":[1,2,8],"killed_by":"3 Sentries","ascension_level":14}