{"gold_per_floor":[14,26,41,41,53,82,82,82,154,171,171,185,185,196,196,295,295,306,306,321,5,5,5,31,31,31,45,56,90,40,53,53,153,153,170,183,7,7,27,27,27,42,67,81,81,94,94,0,0,0],"floor_reached":51,"playtime":1379,"items_purged":["Strike_B","Streamline"],"score":947,"play_id":"d5dfd55a-0670-45e0-bd3a-6786cf7e321a","local_time":"20190320113353","is_ascension_mode":true,"campfire_choices":[{"floor":7,"key":"REST"},{"data":"Static Discharge","floor":8,"key":"SMITH"},{"data":"Zap","floor":11,"key":"SMITH"},{"floor":13,"key":"REST"},{"data":"Dualcast","floor":15,"key":"SMITH"},{"floor":23,"key":"REST"},{"floor":25,"key":"REST"},{"floor":32,"key":"REST"},{"floor":40,"key":"REST"},{"floor":45,"key":"REST"},{"floor":47,"key":"REST"},{"floor":49,"key":"REST"}],"neow_cost":"NO_GOLD","seed_source_timestamp":406781089706755,"circlet_count":0,"master_deck":["Strike_B+1","Defend_B+1","Defend_B+1","Defend_B+1","Zap+1","Dualcast+1","Electrodynamics","Leap","Static Discharge+1","All For One","Seek","Leap+1","Machine Learning","Machine Learning","Leap","Multi-Cast+1","Reinforced Body+1","Biased Cognition","Bandage Up","Defragment+1","Conserve Battery+1","Capacitor"],"special_seed":0,"relics":["Cracked Core","WingedGreaves","Cables","Fusion Hammer","War Paint","Membership Card","Centennial Puzzle","Bronze Scales","Mercury Hourglass","Empty Cage","Chemical X","Smiling Mask","Red Mask"],"potions_floor_usage":[16,16,50,50,50],"damage_taken":[{"damage":1.0,"enemies":"Cultist","floor":1.0,"turns":3.0},{"damage":3.0,"enemies":"2 Louse","floor":2.0,"turns":2.0},{"damage":3.0,"enemies":"Jaw Worm","floor":3.0,"turns":4.0},{"damage":14,"enemies":"Exordium Thugs","floor":5,"turns":2},{"damage":37,"enemies":"Gremlin Nob","floor":6,"turns":4},{"damage":6,"enemies":"Large Slime","floor":10,"turns":4},{"damage":3,"enemies":"Exordium Wildlife","floor":12,"turns":3},{"damage":5,"enemies":"Gremlin Gang","floor":14,"turns":2},{"damage":38,"enemies":"Slime Boss","floor":16,"turns":6},{"damage":2,"enemies":"Chosen","floor":18,"turns":4},{"damage":6,"enemies":"3 Byrds","floor":20,"turns":2},{"damage":13,"enemies":"Gremlin Leader","floor":24,"turns":5},{"damage":0,"enemies":"Snake Plant","floor":27,"turns":3},{"damage":0,"enemies":"Chosen and Byrds","floor":28,"turns":3},{"damage":13,"enemies":"Book of Stabbing","floor":29,"turns":4},{"damage":12,"enemies":"Cultist and Chosen","floor":31,"turns":3},{"damage":23,"enemies":"Collector","floor":33,"turns":9},{"damage":21,"enemies":"3 Darklings","floor":35,"turns":3},{"damage":0,"enemies":"3 Shapes","floor":36,"turns":3},{"damage":19,"enemies":"Spire Growth","floor":39,"turns":5},{"damage":3,"enemies":"Maw","floor":42,"turns":5},{"damage":3,"enemies":"4 Shapes","floor":44,"turns":2},{"damage":3,"enemies":"Sphere and 2 Shapes","floor":46,"turns":3},{"damage":73,"enemies":"Awakened One","floor":50,"turns":10}],"seed_played":"4931902700123746519","potions_obtained":[{"floor":1.0,"key":"SteroidPotion"},{"floor":2.0,"key":"SneckoOil"},{"floor":3,"key":"SpeedPotion"},{"floor":20,"key":"Strength Potion"},{"floor":27,"key":"Weak Potion"},{"floor":44,"key":"Ancient Potion"}],"is_trial":false,"path_per_floor":["M","M","M","?","M","E","R","R","T","M","R","M","R","M","R","B",null,"M","?","M","$","?","R","E","R","T","M","M","E","$","M","R","B",null,"M","M","$","?","M","R","?","M","T","M","R","M","R","?","R","B",null],"character_chosen":"DEFECT","items_purchased":["Membership Card","Machine Learning","Chemical X","Biased Cognition"],"campfire_rested":9,"item_purchase_floors":[21,21,37,37],"current_hp_per_floor":[67,64,61,61,47,10,32,32,32,26,26,23,45,40,40,2,57,55,55,49,49,49,71,58,75,75,75,75,62,62,50,72,49,69,48,48,48,43,28,50,50,51,51,48,70,67,75,75,75,6],"gold":0,"neow_bonus":"THREE_RARE_CARDS","is_prod":false,"is_daily":false,"chose_seed":false,"campfire_upgraded":3,"win_rate":0,"timestamp":1553078033,"path_taken":["M","?","M","?","?","E","R","R","T","M","R","?","R","M","R","BOSS","M","?","M","?","?","R","E","R","T","M","?","E","$","?","R","BOSS","M","M","$","?","M","R","?","?","T","?","R","M","R","?","R","BOSS"],"build_version":"2019-01-23","purchased_purges":2,"victory":true,"max_hp_per_floor":[75,75,75,75,75,75,75,75,75,75,75,75,75,75,75,75,75,75,75,75,75,75,75,75,75,75,75,75,75,75,75,75,75,75,75,75,75,75,75,75,75,75,75,75,75,75,75,75,75,75],"card_choices":[{"not_picked":["Fission","Rainbow"],"picked":"Electrodynamics","floor":0.0},{"not_picked":["Beam Cell","Static Discharge"],"picked":"Streamline","floor":1.0},{"not_picked":["Genetic Algorithm","Beam Cell"],"picked":"Leap","floor":2.0},{"not_picked":["Leap","Stack"],"picked":"Static Discharge","floor":3},{"not_picked":["Recycle","Beam Cell","Redo"],"picked":"SKIP","floor":5},{"not_picked":["Compile Driver","Beam Cell"],"picked":"Seek","floor":6},{"not_picked":["Compile Driver","Streamline"],"picked":"Leap","floor":10},{"not_picked":["Reinforced Body","Rebound","Streamline"],"picked":"SKIP","floor":12},{"not_picked":["Glacier","Compile Driver","Undo"],"picked":"SKIP","floor":14},{"not_picked":["All For One","Creative AI"],"picked":"Machine Learning","floor":16},{"not_picked":["Hologram","Reprogram","Hello World"],"picked":"SKIP","floor":18},{"not_picked":["Rebound","Sweeping Beam","Beam Cell+1"],"picked":"SKIP","floor":20},{"not_picked":["Steam","Doom and Gloom","Gash"],"picked":"SKIP","floor":24},{"not_picked":["Cold Snap","Genetic Algorithm","Blizzard"],"picked":"SKIP","floor":27},{"not_picked":["Chaos+1","Go for the Eyes","All For One"],"picked":"SKIP","floor":28},{"not_picked":["Tempest","Sunder"],"picked":"Leap","floor":29},{"not_picked":["Doom and Gloom","Steam Power","White Noise"],"picked":"SKIP","floor":31},{"not_picked":["Creative AI","All For One"],"picked":"Multi-Cast","floor":33},{"not_picked":["Undo","Stack"],"picked":"Reinforced Body+1","floor":35},{"not_picked":["Recycle","Skim+1","Cold Snap+1"],"picked":"SKIP","floor":36},{"not_picked":["Mind Blast","The Bomb"],"picked":"Bandage Up","floor":38},{"not_picked":["Hologram","Hello World"],"picked":"Defragment+1","floor":39},{"not_picked":["FTL","Scrape+1","Coolheaded"],"picked":"SKIP","floor":42},{"not_picked":["Leap+1","Cold Snap"],"picked":"Conserve Battery+1","floor":44},{"not_picked":["Sweeping Beam","Redo"],"picked":"Capacitor","floor":46}],"player_experience":105016,"relics_obtained":[{"floor":6,"key":"WingedGreaves"},{"floor":9,"key":"Cables"},{"floor":19,"key":"War Paint"},{"floor":24,"key":"Centennial Puzzle"},{"floor":26,"key":"Bronze Scales"},{"floor":29,"key":"Mercury Hourglass"},{"floor":43,"key":"Smiling Mask"}],"event_choices":[{"damage_healed":0,"gold_gain":0,"cards_transformed":["Strike_B"],"player_choice":"Transformed","damage_taken":0,"max_hp_gain":0,"max_hp_loss":0,"event_name":"Transmorgrifier","floor":4,"gold_loss":0,"cards_obtained":["All For One"]},{"damage_healed":0,"gold_gain":0,"player_choice":"Relic","damage_taken":0,"max_hp_gain":0,"max_hp_loss":0,"event_name":"Wheel of Change","floor":19,"gold_loss":0},{"damage_healed":0,"gold_gain":0,"player_choice":"Simplicity","damage_taken":0,"max_hp_gain":0,"max_hp_loss":0,"event_name":"Back to Basics","floor":22,"gold_loss":0,"cards_upgraded":["Strike_B","Strike_B","Defend_B","Defend_B","Defend_B"]},{"damage_healed":0,"gold_gain":0,"player_choice":"Memory 2","damage_taken":5,"max_hp_gain":0,"max_hp_loss":0,"event_name":"SensoryStone","floor":38,"gold_loss":0},{"damage_healed":0,"gold_gain":0,"player_choice":"Upgraded","damage_taken":0,"max_hp_gain":0,"max_hp_loss":0,"event_name":"Upgrade Shrine","floor":41,"gold_loss":0,"cards_upgraded":["Multi-Cast"]},{"damage_healed":0,"gold_gain":0,"player_choice":"Paid","damage_taken":0,"relics_obtained":["Red Mask"],"max_hp_gain":0,"max_hp_loss":0,"event_name":"Tomb of Lord Red Mask","floor":48,"gold_loss":94}],"is_beta":false,"boss_relics":[{"not_picked":["Ectoplasm","Nuclear Battery"],"picked":"Fusion Hammer"},{"not_picked":["Orrery","Philosopher\u0027s Stone"],"picked":"Empty Cage"}],"items_purged_floors":[21,30],"is_endless":false,"potions_floor_spawned":[1,2,3,14,20,27,33,42,44,46],"ascension_level":8}