{"gold_per_floor":[114,125,125,138,158,158,191,208,208,208,158,171,171,121,121,219,219,229,246,196,146,159,159,187,187,214,214,214],"floor_reached":28,"playtime":748,"items_purged":["Strike_R","Strike_R","Strike_R","Strike_R"],"score":238,"play_id":"e083b6f8-7546-4233-9336-849cd3e2873b","local_time":"20190416200735","is_ascension_mode":false,"campfire_choices":[{"data":"Searing Blow","floor":6.0,"key":"SMITH"},{"data":"Searing Blow+1","floor":10.0,"key":"SMITH"},{"data":"Uppercut","floor":15.0,"key":"SMITH"},{"floor":23.0,"key":"REST"}],"neow_cost":"NONE","seed_source_timestamp":516199590420144,"circlet_count":0,"master_deck":["Strike_R","Defend_R","Defend_R","Defend_R","Defend_R","Bash+1","Uppercut+1","Searing Blow+2","Decay"],"special_seed":0,"relics":["Burning Blood","Oddly Smooth Stone","Smiling Mask","Philosopher\u0027s Stone","Bag of Marbles","Regal Pillow"],"potions_floor_usage":[24],"damage_taken":[{"damage":6.0,"enemies":"Jaw Worm","floor":1.0,"turns":4.0},{"damage":1.0,"enemies":"Cultist","floor":2.0,"turns":3.0},{"damage":0.0,"enemies":"2 Louse","floor":4.0,"turns":2.0},{"damage":26.0,"enemies":"Lots of Slimes","floor":5.0,"turns":5.0},{"damage":22.0,"enemies":"3 Sentries","floor":7.0,"turns":7.0},{"damage":4.0,"enemies":"Blue Slaver","floor":8.0,"turns":5.0},{"damage":5.0,"enemies":"3 Louse","floor":12.0,"turns":4.0},{"damage":54.0,"enemies":"Hexaghost","floor":16.0,"turns":13.0},{"damage":48.0,"enemies":"3 Byrds","floor":18.0,"turns":6.0},{"damage":21.0,"enemies":"2 Thieves","floor":19.0,"turns":3.0},{"damage":0.0,"enemies":"Snecko","floor":22.0,"turns":3.0},{"damage":37,"enemies":"Book of Stabbing","floor":24,"turns":5},{"damage":22,"enemies":"Sentry and Sphere","floor":28,"turns":5}],"seed_played":"-7475519459405515952","potions_obtained":[{"floor":1.0,"key":"PowerPotion"},{"floor":2.0,"key":"Dexterity Potion"},{"floor":4.0,"key":"BloodPotion"},{"floor":18.0,"key":"Weak Potion"},{"floor":19.0,"key":"PowerPotion"}],"is_trial":false,"path_per_floor":["M","M","?","M","M","R","E","M","T","R","$","M","?","$","R","B",null,"M","M","$","$","M","R","E","?","T","?","M"],"character_chosen":"IRONCLAD","items_purchased":[],"campfire_rested":1,"item_purchase_floors":[],"current_hp_per_floor":[80,80,80,80,68,68,52,54,54,54,54,55,55,55,55,7,80,38,23,23,23,29,53,22,22,22,22,0],"gold":214,"neow_bonus":"UPGRADE_CARD","is_prod":false,"is_daily":false,"chose_seed":false,"campfire_upgraded":3,"win_rate":0,"timestamp":1555438055,"path_taken":["M","M","?","?","M","R","E","M","T","R","$","M","?","$","R","BOSS","M","M","?","$","?","R","E","?","T","?","M"],"build_version":"2019-01-23","purchased_purges":4,"victory":false,"max_hp_per_floor":[80,80,80,80,80,80,80,80,80,80,80,80,80,80,80,80,80,80,80,80,80,80,80,80,80,80,80,80],"card_choices":[{"not_picked":["Corruption","Iron Wave","Clothesline"],"picked":"SKIP","floor":1.0},{"not_picked":["Twin Strike","Hemokinesis"],"picked":"Uppercut","floor":2.0},{"not_picked":["True Grit","Perfected Strike"],"picked":"Searing Blow","floor":4.0},{"not_picked":["Headbutt","Heavy Blade","Twin Strike"],"picked":"SKIP","floor":5.0},{"not_picked":["Dual Wield","Rampage","Sever Soul"],"picked":"SKIP","floor":7.0},{"not_picked":["Sword Boomerang","True Grit","Whirlwind"],"picked":"SKIP","floor":8.0},{"not_picked":["Armaments","Shockwave","Bludgeon"],"picked":"SKIP","floor":12.0},{"not_picked":["Heavy Blade","Rage+1","Clothesline"],"picked":"SKIP","floor":18.0},{"not_picked":["Metallicize+1","Rampage","True Grit"],"picked":"SKIP","floor":19.0},{"not_picked":["Disarm+1","Headbutt","Seeing Red"],"picked":"SKIP","floor":22.0},{"not_picked":["Sword Boomerang","Perfected Strike","Clash"],"picked":"SKIP","floor":24}],"player_experience":181222,"relics_obtained":[{"floor":7.0,"key":"Oddly Smooth Stone"},{"floor":9.0,"key":"Smiling Mask"},{"floor":24,"key":"Bag of Marbles"},{"floor":26,"key":"Regal Pillow"}],"event_choices":[{"damage_healed":0.0,"max_hp_gain":0.0,"max_hp_loss":0.0,"gold_gain":0.0,"event_name":"Match and Keep!","player_choice":"0 cards matched","floor":3.0,"gold_loss":0.0,"damage_taken":0.0,"cards_obtained":[]},{"damage_healed":0.0,"max_hp_gain":0.0,"max_hp_loss":0.0,"gold_gain":0.0,"event_name":"NoteForYourself","player_choice":"Ignored","floor":13.0,"gold_loss":0.0,"damage_taken":0.0},{"damage_healed":0,"gold_gain":0,"player_choice":"Ignored","damage_taken":0,"max_hp_gain":0,"max_hp_loss":0,"event_name":"Vampires","floor":25,"gold_loss":0},{"damage_healed":0,"gold_gain":0,"player_choice":"Cursed","damage_taken":0,"max_hp_gain":0,"max_hp_loss":0,"event_name":"Wheel of Change","floor":27,"gold_loss":0,"cards_obtained":["Decay"]}],"is_beta":false,"boss_relics":[{"not_picked":["Ectoplasm","Cursed Key"],"picked":"Philosopher\u0027s Stone"}],"items_purged_floors":[11,14,20,21],"is_endless":false,"potions_floor_spawned":[1,2,4,18,19],"killed_by":"Sentry and Sphere","ascension_level":0}