{"gold_per_floor":[364,289,239,255,255,530,530,549,603,426,436,470,488,488,488,608,608,548,548,548,345,270,270,270,270,270,270,120,120,120,120,120,120,120,120,120,120,120,120,120,120,120,120,120,120,120,120,70,70,70,70,70,20,20,20],"floor_reached":55,"playtime":7582,"items_purged":["Strike_R","Regret","Strike_R","Defend_R","Defend_R","Whirlwind+1"],"score":718,"play_id":"75565010-aaed-42ed-99b3-3b0d674cdb62","local_time":"20190108125839","is_ascension_mode":false,"campfire_choices":[{"floor":7,"key":"RECALL"},{"data":"Rampage","floor":15,"key":"SMITH"},{"floor":23,"key":"REST"},{"floor":25,"key":"REST"},{"data":"Immolate","floor":29,"key":"SMITH"},{"data":"Rupture","floor":32,"key":"SMITH"},{"data":"Double Tap","floor":40,"key":"SMITH"},{"data":"Ghostly Armor","floor":44,"key":"SMITH"},{"data":"Whirlwind","floor":46,"key":"SMITH"},{"data":"Blood for Blood","floor":49,"key":"SMITH"},{"data":"Disarm","floor":52,"key":"SMITH"}],"neow_cost":"TEN_PERCENT_HP_LOSS","seed_source_timestamp":3045826508756,"circlet_count":0,"master_deck":["Defend_R","Bash","Disarm+1","Headbutt","Rampage+1","Ghostly Armor+1","Combust+1","Immolate+1","Pommel Strike","Fire Breathing","Rupture","Iron Wave","Rupture+1","Double Tap+1","Offering+1","Reaper+1","Whirlwind+1","Infernal Blade+1","Shrug It Off+1","Madness","Madness","Flame Barrier+1","Blood for Blood+1","True Grit+1"],"relics":["Burning Blood","Bird Faced Urn","Juzu Bracelet","Golden Idol","Ectoplasm","Tiny Chest","Prayer Wheel","Mummified Hand","WingedGreaves","Boot","Astrolabe","Magic Flower","Mango","Gremlin Horn","Smiling Mask","StoneCalendar"],"potions_floor_usage":[12,16,16,18,27,30,33,36,50,55,55,55],"damage_taken":[{"damage":16,"enemies":"Jaw Worm","floor":1,"turns":4},{"damage":0,"enemies":"2 Louse","floor":4,"turns":3},{"damage":4,"enemies":"Cultist","floor":8,"turns":4},{"damage":4,"enemies":"Red Slaver","floor":11,"turns":5},{"damage":22,"enemies":"Gremlin Nob","floor":12,"turns":5},{"damage":0,"enemies":"2 Fungi Beasts","floor":13,"turns":3},{"damage":53,"enemies":"Slime Boss","floor":16,"turns":11},{"damage":24,"enemies":"2 Thieves","floor":18,"turns":4},{"damage":19,"enemies":"Spheric Guardian","floor":19,"turns":4},{"damage":34,"enemies":"Gremlin Leader","floor":24,"turns":7},{"damage":15,"enemies":"Book of Stabbing","floor":27,"turns":6},{"damage":11,"enemies":"Gremlin Leader","floor":30,"turns":5},{"damage":64,"enemies":"Collector","floor":33,"turns":8},{"damage":6,"enemies":"3 Darklings","floor":35,"turns":2},{"damage":11,"enemies":"2 Orb Walkers","floor":36,"turns":2},{"damage":18,"enemies":"Mind Bloom Boss Battle","floor":37,"turns":6},{"damage":1,"enemies":"Orb Walker","floor":45,"turns":3},{"damage":21,"enemies":"Nemesis","floor":47,"turns":3},{"damage":60,"enemies":"Donu and Deca","floor":50,"turns":6},{"damage":35,"enemies":"Shield and Spear","floor":54,"turns":4},{"damage":109,"enemies":"The Heart","floor":55,"turns":5}],"seed_played":"-6690384697030382279","potions_obtained":[{"floor":4,"key":"EssenceOfSteel"},{"floor":11,"key":"Dexterity Potion"},{"floor":12,"key":"Regen Potion"},{"floor":16,"key":"GamblersBrew"},{"floor":24,"key":"EssenceOfSteel"},{"floor":27,"key":"Explosive Potion"},{"floor":33,"key":"LiquidBronze"},{"floor":35,"key":"SpeedPotion"},{"floor":36,"key":"BloodPotion"},{"floor":47,"key":"Swift Potion"},{"floor":54,"key":"PowerPotion"}],"is_trial":false,"path_per_floor":["M","$","?","M","?","?","R","M","T","$","M","E","M","?","R","B",null,"M","M","?","$","?","R","E","R","T","E","$","R","E","$","R","B",null,"M","?","?","$","?","R","?","?","T","R","M","R","E","$","R","B",null,"R","$","E","B"],"character_chosen":"IRONCLAD","items_purchased":["Regen Potion","Rupture"],"campfire_rested":2,"item_purchase_floors":[10,21],"current_hp_per_floor":[62,62,62,68,56,56,56,58,58,58,60,56,62,62,62,17,67,51,38,38,38,38,58,34,54,54,49,49,49,62,62,62,11,67,67,64,77,77,67,67,67,67,67,67,81,81,77,77,77,54,81,81,81,73,0],"gold":20,"neow_bonus":"TWO_FIFTY_GOLD","is_prod":false,"is_daily":false,"chose_seed":false,"campfire_upgraded":8,"win_rate":0,"timestamp":1546948719,"path_taken":["M","$","?","M","?","?","R","?","T","?","M","E","M","?","R","BOSS","M","M","?","$","?","R","E","R","T","E","?","R","E","?","R","BOSS","M","?","?","$","?","R","?","?","T","R","M","R","E","?","R","BOSS","R","$","E","BOSS"],"build_version":"2019-01-03v4","purchased_purges":6,"victory":false,"max_hp_per_floor":[72,72,72,72,72,72,72,72,72,72,72,72,72,67,67,67,67,67,67,67,67,67,67,67,67,67,67,67,67,67,67,67,67,67,67,67,81,81,81,81,81,81,81,81,81,81,81,81,81,81,81,81,81,81,81],"card_choices":[{"not_picked":["Flex","Shrug It Off"],"picked":"Disarm","floor":1},{"not_picked":["Wild Strike","Reckless Charge"],"picked":"Headbutt","floor":4},{"not_picked":["Rupture","Clothesline"],"picked":"Rampage","floor":8},{"not_picked":["Pommel Strike","Headbutt"],"picked":"Whirlwind","floor":11},{"not_picked":["Headbutt","Shockwave"],"picked":"Ghostly Armor","floor":12},{"not_picked":["Sword Boomerang","Rupture"],"picked":"Combust","floor":13},{"not_picked":["Limit Break","Berserk"],"picked":"Immolate","floor":16},{"not_picked":["Heavy Blade","Sword Boomerang"],"picked":"Pommel Strike","floor":18},{"not_picked":["Body Slam","Ghostly Armor+1"],"picked":"Fire Breathing","floor":19},{"not_picked":["Warcry","Sword Boomerang"],"picked":"Iron Wave","floor":24},{"not_picked":["Clothesline","Warcry","Headbutt"],"picked":"SKIP","floor":27},{"not_picked":["True Grit","Second Wind"],"picked":"Rupture","floor":30},{"not_picked":["Brutality","Limit Break"],"picked":"Double Tap","floor":33},{"not_picked":["Body Slam+1","Feel No Pain","Thunderclap+1"],"picked":"SKIP","floor":35},{"not_picked":["Iron Wave+1","Uppercut","Cleave"],"picked":"SKIP","floor":35},{"not_picked":["Dropkick+1","Clothesline"],"picked":"Infernal Blade+1","floor":36},{"not_picked":["Armaments+1","Corruption"],"picked":"Shrug It Off+1","floor":37},{"not_picked":["Offering","Metallicize+1"],"picked":"Flame Barrier+1","floor":45},{"not_picked":["Anger+1","Heavy Blade+1","Warcry"],"picked":"SKIP","floor":45},{"not_picked":["Carnage","Iron Wave"],"picked":"Blood for Blood","floor":47},{"not_picked":["Bludgeon","Shrug It Off"],"picked":"True Grit+1","floor":54}],"player_experience":87164,"relics_obtained":[{"floor":12,"key":"Juzu Bracelet"},{"floor":24,"key":"Prayer Wheel"},{"floor":26,"key":"Mummified Hand"},{"floor":27,"key":"WingedGreaves"},{"floor":30,"key":"Boot"},{"floor":36,"key":"Magic Flower"},{"floor":37,"key":"Mango"},{"floor":43,"key":"Gremlin Horn"},{"floor":47,"key":"Smiling Mask"},{"floor":54,"key":"StoneCalendar"}],"event_choices":[{"cards_removed":["Strike_R"],"damage_healed":0,"gold_gain":0,"player_choice":"Card Removal","damage_taken":0,"max_hp_gain":0,"max_hp_loss":0,"event_name":"The Cleric","floor":3,"gold_loss":50},{"damage_healed":0,"gold_gain":0,"player_choice":"Success","damage_taken":12,"relics_obtained":["Bird Faced Urn"],"max_hp_gain":0,"max_hp_loss":0,"event_name":"Scrap Ooze","floor":5,"gold_loss":0},{"damage_healed":0,"gold_gain":275,"player_choice":"Desecrate","damage_taken":0,"max_hp_gain":0,"max_hp_loss":0,"event_name":"Golden Shrine","floor":6,"gold_loss":0,"cards_obtained":["Regret"]},{"damage_healed":0,"gold_gain":0,"player_choice":"Lose Max HP","damage_taken":0,"relics_obtained":["Golden Idol"],"max_hp_gain":0,"max_hp_loss":5,"event_name":"Golden Idol","floor":14,"gold_loss":0},{"damage_healed":0,"gold_gain":0,"player_choice":"Opened","damage_taken":0,"relics_obtained":["Tiny Chest"],"max_hp_gain":0,"max_hp_loss":0,"event_name":"The Mausoleum","floor":20,"gold_loss":0,"cards_obtained":["Writhe"]},{"cards_removed":["Writhe"],"damage_healed":0,"gold_gain":0,"player_choice":"Gave Gold","damage_taken":0,"max_hp_gain":0,"max_hp_loss":0,"event_name":"Beggar","floor":22,"gold_loss":75},{"damage_healed":0,"gold_gain":0,"player_choice":"Fight","damage_taken":0,"max_hp_gain":0,"max_hp_loss":0,"event_name":"Mysterious Sphere","floor":36,"gold_loss":0},{"damage_healed":0,"gold_gain":0,"player_choice":"Fight","damage_taken":0,"max_hp_gain":0,"max_hp_loss":0,"event_name":"MindBloom","floor":37,"gold_loss":0},{"damage_healed":0,"gold_gain":0,"player_choice":"Embrace Madness","damage_taken":10,"max_hp_gain":0,"max_hp_loss":0,"event_name":"Winding Halls","floor":39,"gold_loss":0,"cards_obtained":["Madness","Madness"]},{"damage_healed":0,"gold_gain":0,"player_choice":"Ignored","damage_taken":0,"max_hp_gain":0,"max_hp_loss":0,"event_name":"The Moai Head","floor":41,"gold_loss":0},{"damage_healed":0,"gold_gain":0,"player_choice":"Forge","damage_taken":0,"max_hp_gain":0,"max_hp_loss":0,"event_name":"Accursed Blacksmith","floor":42,"gold_loss":0,"cards_upgraded":["Combust"]}],"is_beta":false,"boss_relics":[{"not_picked":["Mark of Pain","Snecko Eye"],"picked":"Ectoplasm"},{"not_picked":["Velvet Choker","Lizard Tail"],"picked":"Astrolabe"}],"items_purged_floors":[2,10,21,28,48,53],"is_endless":false,"potions_floor_spawned":[4,11,12,16,24,27,33,35,36,47,54],"killed_by":"The Heart","ascension_level":0}