{"gold_per_floor":[110,110,40,60,79,94,119,119,168,118,147,147,27,56,56,154,154,168,168,168,168,178,211,211,240,293,309,321,331,331,344,344,344],"floor_reached":33,"playtime":35121,"items_purged":["Dualcast"],"score":537,"play_id":"fe1d4b40-0324-4d34-acfd-6ab3317b19b3","local_time":"20180806174704","is_ascension_mode":true,"campfire_choices":[{"data":"Barrage","floor":8.0,"key":"SMITH"},{"data":"Zap","floor":12.0,"key":"SMITH"},{"floor":15.0,"key":"DIG"},{"data":"Barrage","floor":24.0,"key":"SMITH"},{"floor":30.0,"key":"DIG"},{"data":"Recycle","floor":32.0,"key":"SMITH"}],"neow_cost":"NONE","seed_source_timestamp":2158546553150733,"circlet_count":0,"master_deck":["Strike_B","Strike_B+1","Strike_B","Defend_B","Defend_B","Defend_B","Defend_B","Zap+1","AscendersBane","Machine Learning","Gash+1","Recycle+1","Finesse","Glacier","Barrage+1","Glacier","Barrage+1","Undo","Go for the Eyes","Streamline","Glacier","Meteor Strike","Double Energy","Ghostly","Ghostly","Ghostly","Ghostly","Ghostly","Conserve Battery","Blizzard+1","Conserve Battery","Double Energy","Conserve Battery","Capacitor+1"],"special_seed":0,"relics":["Cracked Core","Pantograph","Anchor","Pen Nib","Shovel","Darkstone Periapt","Nuclear Battery","Bag of Marbles","Frozen Egg 2","Whetstone","Lantern"],"potions_floor_usage":[33],"damage_taken":[{"damage":0.0,"enemies":"2 Louse","floor":1.0,"turns":3.0},{"damage":0.0,"enemies":"Cultist","floor":4.0,"turns":4.0},{"damage":5.0,"enemies":"Jaw Worm","floor":5.0,"turns":4.0},{"damage":0.0,"enemies":"2 Fungi Beasts","floor":6.0,"turns":5.0},{"damage":5.0,"enemies":"Lagavulin","floor":7.0,"turns":7.0},{"damage":0.0,"enemies":"3 Sentries","floor":11.0,"turns":8.0},{"damage":10.0,"enemies":"Gremlin Nob","floor":14.0,"turns":4.0},{"damage":46.0,"enemies":"Hexaghost","floor":16.0,"turns":12.0},{"damage":17.0,"enemies":"Shell Parasite","floor":18.0,"turns":6.0},{"damage":0.0,"enemies":"Spheric Guardian","floor":22.0,"turns":5.0},{"damage":6.0,"enemies":"Book of Stabbing","floor":23.0,"turns":9.0},{"damage":13.0,"enemies":"Slavers","floor":25.0,"turns":8.0},{"damage":0.0,"enemies":"Chosen and Byrds","floor":27.0,"turns":8.0},{"damage":0.0,"enemies":"Centurion and Healer","floor":28.0,"turns":7.0},{"damage":0.0,"enemies":"Snake Plant","floor":29.0,"turns":6.0},{"damage":5.0,"enemies":"3 Cultists","floor":31.0,"turns":7.0},{"damage":41,"enemies":"Automaton","floor":33,"turns":6}],"seed_played":"7808550309837602619","potions_obtained":[{"floor":1.0,"key":"Weak Potion"},{"floor":6.0,"key":"Poison Potion"},{"floor":7.0,"key":"Swift Potion"},{"floor":11.0,"key":"Swift Potion"},{"floor":18.0,"key":"Dexterity Potion"},{"floor":22.0,"key":"FearPotion"},{"floor":27.0,"key":"SkillPotion"}],"is_trial":false,"path_per_floor":["M","?","$","M","M","M","E","R","T","?","E","R","$","E","R","B",null,"M","?","?","?","M","E","R","E","T","M","M","M","R","M","R"],"character_chosen":"DEFECT","items_purchased":["Glacier","Streamline"],"campfire_rested":0,"item_purchase_floors":[3,13],"current_hp_per_floor":[68,68,68,68,63,63,58,58,58,58,58,58,58,48,48,27,63,46,37,31,31,31,25,25,12,12,12,12,12,12,7,7,0],"gold":344,"neow_bonus":"ONE_RANDOM_RARE_CARD","is_prod":false,"is_daily":false,"chose_seed":false,"campfire_upgraded":4,"win_rate":0,"timestamp":1533570424,"path_taken":["M","?","$","M","M","M","E","R","T","?","E","R","$","E","R","BOSS","M","?","?","?","M","E","R","E","T","?","M","M","R","M","R","BOSS"],"build_version":"2018-08-02","purchased_purges":1,"victory":false,"max_hp_per_floor":[75,75,75,75,75,75,75,75,75,75,75,75,75,75,75,75,75,75,37,37,37,37,37,37,37,37,37,37,37,37,37,37,37],"card_choices":[{"not_picked":["Fusion","Steam"],"picked":"Gash","floor":1.0},{"not_picked":["Conserve Battery","Redo"],"picked":"Barrage","floor":4.0},{"not_picked":["Ball Lightning","Compile Driver"],"picked":"Glacier","floor":5.0},{"not_picked":["Tempest","Sweeping Beam"],"picked":"Barrage","floor":6.0},{"not_picked":["Streamline","Scrape"],"picked":"Undo","floor":7.0},{"not_picked":["Machine Learning","Storm"],"picked":"Go for the Eyes","floor":11.0},{"not_picked":["Compile Driver","Rebound"],"picked":"Glacier","floor":14.0},{"not_picked":["Biased Cognition","Fission"],"picked":"Meteor Strike","floor":16.0},{"not_picked":["Chaos","Sweeping Beam+1"],"picked":"Double Energy","floor":18.0},{"not_picked":["Aggregate","Sweeping Beam"],"picked":"Conserve Battery","floor":22.0},{"not_picked":["Double Energy","Lockon+1"],"picked":"Blizzard+1","floor":23.0},{"not_picked":["Darkness","Steam"],"picked":"Conserve Battery","floor":25.0},{"not_picked":["Steam","Go for the Eyes"],"picked":"Double Energy","floor":27.0},{"not_picked":["Beam Cell","Go for the Eyes"],"picked":"Conserve Battery","floor":28.0},{"not_picked":["BootSequence+1","Turbo+1"],"picked":"Capacitor+1","floor":29.0}],"player_experience":914455,"relics_obtained":[{"floor":7.0,"key":"Pantograph"},{"floor":9.0,"key":"Anchor"},{"floor":11.0,"key":"Pen Nib"},{"floor":14.0,"key":"Shovel"},{"floor":15.0,"key":"Darkstone Periapt"},{"floor":23.0,"key":"Bag of Marbles"},{"floor":25.0,"key":"Frozen Egg 2"},{"floor":26.0,"key":"Whetstone"},{"floor":30.0,"key":"Lantern"}],"event_choices":[{"event_name":"Match and Keep!","player_choice":"2 cards matched","floor":2.0,"damage_taken":0.0},{"event_name":"The Cleric","player_choice":"Card Removal","floor":10.0,"damage_taken":0.0},{"event_name":"Ghosts","player_choice":"Became a Ghost","floor":19.0,"damage_taken":0.0},{"event_name":"Knowing Skull","player_choice":"","floor":20.0,"damage_taken":0.0},{"event_name":"Vampires","player_choice":"Ignored","floor":21.0,"damage_taken":0.0}],"is_beta":false,"boss_relics":[{"not_picked":["Runic Dome","Orrery"],"picked":"Nuclear Battery"}],"items_purged_floors":[13],"is_endless":false,"potions_floor_spawned":[1,6,7,11,18,22,27],"killed_by":"Automaton","ascension_level":11}