{"gold_per_floor":[111,111,123,123,133,133,158,158,158,170,4,4,4],"floor_reached":13,"playtime":618,"items_purged":[],"score":141,"play_id":"6ab08dba-4f0d-44bb-af4b-e4e70d280acf","local_time":"20190520125950","is_ascension_mode":true,"campfire_choices":[{"data":"Neutralize","floor":6,"key":"SMITH"},{"floor":8,"key":"REST"}],"neow_cost":"NONE","seed_source_timestamp":114541484990802,"circlet_count":0,"master_deck":["AscendersBane","Defend_G","Defend_G","Defend_G","Defend_G","Defend_G","Strike_G","Strike_G","Strike_G","Strike_G","Survivor","Neutralize+1","Escape Plan","Acrobatics","Dagger Spray","Doppelganger","Dodge and Roll","Apotheosis"],"relics":["Ring of the Snake","WarpedTongs","Dodecahedron","Mummified Hand"],"potions_floor_usage":[7,13,13],"damage_taken":[{"damage":1,"enemies":"Jaw Worm","floor":1,"turns":5},{"damage":3,"enemies":"2 Louse","floor":3,"turns":5},{"damage":5,"enemies":"Cultist","floor":5,"turns":4},{"damage":22,"enemies":"Lagavulin","floor":7,"turns":8},{"damage":9,"enemies":"Looter","floor":10,"turns":4},{"damage":54,"enemies":"Gremlin Nob","floor":13,"turns":7}],"seed_played":"-6313175938282403681","potions_obtained":[{"floor":1,"key":"EssenceOfSteel"},{"floor":5,"key":"FearPotion"},{"floor":7,"key":"Regen Potion"}],"is_trial":false,"path_per_floor":["?","?","M","?"],"character_chosen":"THE_SILENT","items_purchased":["Apotheosis"],"campfire_rested":1,"item_purchase_floors":[11],"current_hp_per_floor":[64,57,54,54,49,49,27,48,48,39,39,39,0],"gold":4,"neow_bonus":"TEN_PERCENT_HP_BONUS","is_prod":false,"is_daily":false,"chose_seed":false,"campfire_upgraded":1,"win_rate":0,"timestamp":1558371590,"path_taken":["M","?","M","?","?","R","E","R","T","M","$","?","E"],"build_version":"2019-01-23","purchased_purges":0,"victory":false,"max_hp_per_floor":[72,72,72,72,72,72,72,72,72,72,72,72,72],"card_choices":[{"not_picked":["Deflect","Underhanded Strike"],"picked":"Escape Plan","floor":1},{"not_picked":["Reflex","Quick Slash"],"picked":"Acrobatics","floor":3},{"not_picked":["Calculated Gamble","Dagger Throw"],"picked":"Dagger Spray","floor":5},{"not_picked":["Outmaneuver","Bane"],"picked":"Doppelganger","floor":7},{"not_picked":["Quick Slash","Eviscerate"],"picked":"Dodge and Roll","floor":10}],"player_experience":583667,"relics_obtained":[{"floor":7,"key":"Dodecahedron"},{"floor":9,"key":"Mummified Hand"}],"event_choices":[{"cards_removed":["Strike_G"],"damage_healed":0,"gold_gain":0,"player_choice":"Card Removal","damage_taken":7,"max_hp_gain":0,"max_hp_loss":0,"event_name":"Golden Wing","floor":2,"gold_loss":0},{"damage_healed":0,"gold_gain":0,"player_choice":"Rummage","damage_taken":0,"relics_obtained":["WarpedTongs"],"max_hp_gain":0,"max_hp_loss":0,"event_name":"Accursed Blacksmith","floor":4,"gold_loss":0,"cards_obtained":["Pain"]},{"cards_removed":["Pain"],"damage_healed":0,"gold_gain":0,"player_choice":"Forget","damage_taken":0,"max_hp_gain":0,"max_hp_loss":0,"event_name":"Living Wall","floor":12,"gold_loss":0}],"is_beta":false,"boss_relics":[],"items_purged_floors":[],"is_endless":false,"potions_floor_spawned":[1,5,7],"killed_by":"Gremlin Nob","ascension_level":14}