{"gold_per_floor":[210,220,295,62,12,12,31,31,31,31,31,31,57,73,73,168,168,184,9,109,125,225,252,252,277,277,292,309,309,325,335,335,434,434,452,452,466,97,116,116,130,130,155,155,165,211,5,17,17,17],"floor_reached":51,"playtime":7987,"items_purged":["Strike_B","Strike_B","Strike_B"],"score":637,"play_id":"e4ab4399-430c-427a-a257-1e4cb421f9c6","local_time":"20190530114117","is_ascension_mode":false,"campfire_choices":[{"data":"Defragment","floor":6.0,"key":"SMITH"},{"data":"Dualcast","floor":10.0,"key":"SMITH"},{"floor":12.0,"key":"REST"},{"data":"Glacier","floor":15.0,"key":"SMITH"},{"floor":24.0,"key":"REST"},{"data":"Chill","floor":29.0,"key":"SMITH"},{"floor":32.0,"key":"REST"},{"data":"Seek","floor":40,"key":"SMITH"},{"data":"Defragment","floor":42,"key":"SMITH"},{"data":"Coolheaded","floor":44,"key":"SMITH"},{"data":"Blizzard","floor":49,"key":"SMITH"}],"neow_cost":"NONE","seed_source_timestamp":0,"circlet_count":0,"master_deck":["Defend_B","Defend_B","Defend_B","Defend_B","Zap","Dualcast+1","Conserve Battery","Blizzard+1","Glacier+1","Coolheaded+1","Defragment+1","All For One","Go for the Eyes","Cold Snap","Electrodynamics","Darkness","Defragment+1","Go for the Eyes","Genetic Algorithm+1","Seek+1","White Noise","Cold Snap","Chill+1","Double Energy","Electrodynamics+1","Capacitor+1"],"special_seed":0,"relics":["Cracked Core","Bottled Lightning","Dodecahedron","Sundial","Inserter","StoneCalendar","Shuriken","Darkstone Periapt","Ornamental Fan","Frozen Egg 2","Busted Crown","Bottled Tornado","Ancient Tea Set","Prayer Wheel","Medical Kit"],"potions_floor_usage":[50,50],"damage_taken":[{"damage":1.0,"enemies":"Cultist","floor":1.0,"turns":3.0},{"damage":7.0,"enemies":"Jaw Worm","floor":2.0,"turns":4.0},{"damage":3.0,"enemies":"Small Slimes","floor":7.0,"turns":3.0},{"damage":6.0,"enemies":"3 Sentries","floor":13.0,"turns":9.0},{"damage":5.0,"enemies":"Gremlin Gang","floor":14.0,"turns":4.0},{"damage":4.0,"enemies":"The Guardian","floor":16.0,"turns":13.0},{"damage":0.0,"enemies":"Chosen","floor":18.0,"turns":5.0},{"damage":13.0,"enemies":"Colosseum Slavers","floor":20.0,"turns":4.0},{"damage":25.0,"enemies":"Colosseum Nobs","floor":20.0,"turns":3.0},{"damage":0.0,"enemies":"Shell Parasite","floor":21.0,"turns":7.0},{"damage":13.0,"enemies":"Slavers","floor":23.0,"turns":7.0},{"damage":7.0,"enemies":"Gremlin Leader","floor":25.0,"turns":7.0},{"damage":22.0,"enemies":"Cultist and Chosen","floor":27.0,"turns":5.0},{"damage":0.0,"enemies":"Snecko","floor":28.0,"turns":7.0},{"damage":0.0,"enemies":"Chosen and Byrds","floor":30.0,"turns":7.0},{"damage":6.0,"enemies":"Snake Plant","floor":31.0,"turns":5.0},{"damage":4.0,"enemies":"Collector","floor":33.0,"turns":11.0},{"damage":0,"enemies":"Orb Walker","floor":35,"turns":4},{"damage":0,"enemies":"3 Shapes","floor":37,"turns":4},{"damage":0,"enemies":"Spire Growth","floor":39,"turns":7},{"damage":0,"enemies":"Transient","floor":41,"turns":5},{"damage":1,"enemies":"4 Shapes","floor":45,"turns":4},{"damage":0,"enemies":"2 Orb Walkers","floor":46,"turns":5},{"damage":0,"enemies":"3 Darklings","floor":48,"turns":2},{"damage":40,"enemies":"Time Eater","floor":50,"turns":13}],"seed_played":"5456165830321071792","potions_obtained":[{"floor":7.0,"key":"Explosive Potion"},{"floor":13.0,"key":"FearPotion"},{"floor":14.0,"key":"Weak Potion"},{"floor":16.0,"key":"FocusPotion"},{"floor":18.0,"key":"FocusPotion"},{"floor":21.0,"key":"Regen Potion"},{"floor":27.0,"key":"AttackPotion"},{"floor":30.0,"key":"Strength Potion"},{"floor":33.0,"key":"FairyPotion"},{"floor":36,"key":"Regen Potion"}],"is_trial":false,"path_per_floor":["M","M","?","$","?","R","M","T","T","R","$","R","E","M","R","B",null,"M","$","?","M","?","E","R","E","T","M","M","R","M","M","R","B",null,"M","?","M","$","M","R","M","R","T","R","M","?","$","M","R","B",null],"character_chosen":"DEFECT","items_purchased":["Glacier","Coolheaded","Defragment","Defragment","Bottled Tornado","Medical Kit"],"campfire_rested":3,"item_purchase_floors":[4,4,4,19,38,47],"current_hp_per_floor":[74,67,56,56,56,56,53,53,53,53,53,75,69,64,64,60,75,75,75,37,37,37,39,61,54,54,32,32,32,32,26,48,44,75,75,75,75,75,75,75,75,75,75,75,74,74,74,74,74,44],"gold":17,"neow_bonus":"HUNDRED_GOLD","is_prod":false,"is_daily":false,"chose_seed":false,"campfire_upgraded":8,"win_rate":0.0,"timestamp":1559230877,"path_taken":["M","?","?","$","?","R","M","?","T","R","?","R","E","M","R","BOSS","M","$","?","M","?","E","R","E","T","M","M","R","?","M","R","BOSS","M","?","M","$","M","R","?","R","T","R","M","?","$","M","R","BOSS"],"build_version":"2019-01-23","purchased_purges":3,"victory":true,"max_hp_per_floor":[75,75,75,75,75,75,75,75,75,75,75,75,75,75,75,75,75,75,75,75,75,75,75,75,75,75,75,75,75,75,75,75,75,75,75,75,75,75,75,75,75,75,75,75,75,75,75,75,75,75],"card_choices":[{"not_picked":["Compile Driver","Steam"],"picked":"Conserve Battery","floor":1.0},{"not_picked":["Static Discharge","Stack"],"picked":"Blizzard","floor":2.0},{"not_picked":["Auto Shields","Undo"],"picked":"All For One","floor":7.0},{"not_picked":["Hello World","Heatsinks"],"picked":"Go for the Eyes","floor":13.0},{"not_picked":["Streamline","Blizzard"],"picked":"Cold Snap","floor":14.0},{"not_picked":["Amplify","Meteor Strike"],"picked":"Electrodynamics","floor":16.0},{"not_picked":["Streamline","Go for the Eyes"],"picked":"Darkness","floor":18.0},{"not_picked":["Compile Driver","Storm"],"picked":"Go for the Eyes","floor":20.0},{"not_picked":["Compile Driver","Hologram+1"],"picked":"Genetic Algorithm+1","floor":21.0},{"not_picked":["Streamline","Fusion"],"picked":"Seek","floor":23.0},{"not_picked":["Melter+1","Go for the Eyes"],"picked":"White Noise","floor":25.0},{"not_picked":["Redo","Streamline"],"picked":"Cold Snap","floor":27.0},{"not_picked":["Streamline+1","Beam Cell"],"picked":"Chill","floor":28.0},{"not_picked":["Rebound+1","Reprogram"],"picked":"Double Energy","floor":30.0},{"not_picked":["Turbo","Doom and Gloom","Compile Driver+1"],"picked":"SKIP","floor":31.0},{"not_picked":["Machine Learning+1","Rainbow"],"picked":"Electrodynamics+1","floor":33.0},{"not_picked":["Melter"],"picked":"SKIP","floor":35},{"not_picked":["Hologram"],"picked":"SKIP","floor":37},{"not_picked":[],"picked":"Capacitor+1","floor":39},{"not_picked":["Beam Cell"],"picked":"SKIP","floor":41},{"not_picked":["Ball Lightning+1"],"picked":"SKIP","floor":45},{"not_picked":["Stack"],"picked":"SKIP","floor":48},{"not_picked":["Beam Cell+1"],"picked":"SKIP","floor":48}],"player_experience":46365,"relics_obtained":[{"floor":8.0,"key":"Bottled Lightning"},{"floor":9.0,"key":"Dodecahedron"},{"floor":13.0,"key":"Sundial"},{"floor":20.0,"key":"StoneCalendar"},{"floor":20.0,"key":"Shuriken"},{"floor":23.0,"key":"Darkstone Periapt"},{"floor":25.0,"key":"Ornamental Fan"},{"floor":26.0,"key":"Frozen Egg 2"},{"floor":43,"key":"Ancient Tea Set"},{"floor":46,"key":"Prayer Wheel"}],"event_choices":[{"damage_healed":0.0,"max_hp_gain":0.0,"max_hp_loss":0.0,"gold_gain":75.0,"event_name":"World of Goop","player_choice":"Gather Gold","floor":3.0,"gold_loss":0.0,"damage_taken":11.0},{"cards_removed":["Strike_B"],"damage_healed":0.0,"max_hp_gain":0.0,"max_hp_loss":0.0,"gold_gain":0.0,"event_name":"The Cleric","player_choice":"Card Removal","floor":5.0,"gold_loss":50.0,"damage_taken":0.0},{"damage_healed":0.0,"max_hp_gain":0.0,"max_hp_loss":0.0,"gold_gain":0.0,"event_name":"Colosseum","player_choice":"Fight","floor":20.0,"gold_loss":0.0,"damage_taken":0.0},{"damage_healed":0.0,"max_hp_gain":0.0,"max_hp_loss":0.0,"gold_gain":0.0,"event_name":"Colosseum","player_choice":"Fought Nobs","floor":20.0,"gold_loss":0.0,"damage_taken":0.0},{"damage_healed":0.0,"max_hp_gain":0.0,"max_hp_loss":0.0,"gold_gain":100.0,"event_name":"Golden Shrine","player_choice":"Pray","floor":22.0,"gold_loss":0.0,"damage_taken":0.0},{"damage_healed":0,"gold_gain":0,"player_choice":"Got Potions","damage_taken":0,"max_hp_gain":0,"max_hp_loss":0,"event_name":"Lab","floor":36,"gold_loss":0},{"damage_healed":0,"gold_gain":0,"player_choice":"Fight","damage_taken":0,"max_hp_gain":0,"max_hp_loss":0,"event_name":"Mysterious Sphere","floor":46,"gold_loss":0}],"is_beta":false,"boss_relics":[{"not_picked":["Fusion Hammer","Astrolabe"],"picked":"Inserter"},{"not_picked":["Calling Bell","FrozenCore"],"picked":"Busted Crown"}],"items_purged_floors":[4,19,38],"is_endless":false,"potions_floor_spawned":[7,13,14,16,18,21,27,30,33,37,39,45,46],"ascension_level":0}