{"gold_per_floor":[113,14,14,14,14,42,55,55,127,145,171,205,216,279,279,384,384,384,384,384,384,384,384,384,384,384,384,384,384,384,384,384,384,384,384,384,384,384,384,384,384,384,384,384,234,234,234,234,234,234,234,234,7,7,7],"floor_reached":55,"playtime":5793,"items_purged":["Dualcast","Self Repair+1","Writhe"],"score":951,"play_id":"85565fae-1d8d-40e7-91d8-62c1a8d435a1","local_time":"20190531033524","is_ascension_mode":false,"campfire_choices":[{"floor":8.0,"key":"REST"},{"data":"Creative AI","floor":15.0,"key":"SMITH"},{"floor":24.0,"key":"RECALL"},{"data":"Coolheaded","floor":32,"key":"SMITH"},{"data":"Consume","floor":40,"key":"SMITH"},{"data":"Jack Of All Trades","floor":49,"key":"SMITH"},{"data":"Cold Snap","floor":52,"key":"SMITH"}],"neow_cost":"NONE","seed_source_timestamp":45338447135040,"circlet_count":0,"master_deck":["Strike_B+1","Strike_B+1","Strike_B+1","Defend_B+1","Defend_B+1","Defend_B+1","Defend_B+1","Zap+1","Ball Lightning+1","Gash+1","Coolheaded+1","Creative AI+1","Seek+1","Ghostly+1","Ghostly+1","Ghostly+1","Ghostly+1","Ghostly+1","Gash+1","Defragment+1","Gash+1","Static Discharge+1","Defragment+1","Buffer+1","Jack Of All Trades+1","Consume+1","Defragment+1","Cold Snap+1","Conserve Battery+1","Conserve Battery"],"special_seed":0,"relics":["Nuclear Battery","Mummified Hand","Strawberry","Shuriken","Pen Nib","Happy Flower","Ectoplasm","Regal Pillow","Oddly Smooth Stone","Ancient Tea Set","Pear","Inserter","Mark of the Bloom","Gremlin Horn","Potion Belt","Orichalcum","Bag of Marbles","Lantern","Blood Vial"],"potions_floor_usage":[33,41,55,55],"damage_taken":[{"damage":2.0,"enemies":"Jaw Worm","floor":1.0,"turns":4.0},{"damage":14.0,"enemies":"3 Sentries","floor":6.0,"turns":8.0},{"damage":0.0,"enemies":"Small Slimes","floor":7.0,"turns":3.0},{"damage":1.0,"enemies":"2 Louse","floor":10.0,"turns":2.0},{"damage":8.0,"enemies":"Lagavulin","floor":12.0,"turns":4.0},{"damage":0.0,"enemies":"Exordium Wildlife","floor":13.0,"turns":3.0},{"damage":28.0,"enemies":"Gremlin Nob","floor":14.0,"turns":5.0},{"damage":17.0,"enemies":"Slime Boss","floor":16.0,"turns":7.0},{"damage":3.0,"enemies":"3 Byrds","floor":18.0,"turns":6.0},{"damage":4.0,"enemies":"Shell Parasite","floor":21.0,"turns":6.0},{"damage":2.0,"enemies":"Slavers","floor":25.0,"turns":4.0},{"damage":7.0,"enemies":"Chosen and Byrds","floor":27.0,"turns":7.0},{"damage":0.0,"enemies":"Sentry and Sphere","floor":29.0,"turns":6.0},{"damage":12.0,"enemies":"Book of Stabbing","floor":30.0,"turns":6.0},{"damage":0,"enemies":"Snake Plant","floor":31,"turns":5},{"damage":0,"enemies":"Champ","floor":33,"turns":8},{"damage":3,"enemies":"3 Darklings","floor":35,"turns":8},{"damage":0,"enemies":"3 Shapes","floor":36,"turns":6},{"damage":0,"enemies":"Transient","floor":39,"turns":5},{"damage":23,"enemies":"4 Shapes","floor":41,"turns":5},{"damage":2,"enemies":"Reptomancer","floor":42,"turns":5},{"damage":0,"enemies":"Giant Head","floor":44,"turns":8},{"damage":0,"enemies":"Reptomancer","floor":46,"turns":7},{"damage":0,"enemies":"Donu and Deca","floor":50,"turns":12},{"damage":4,"enemies":"Shield and Spear","floor":54,"turns":7},{"damage":27,"enemies":"The Heart","floor":55,"turns":3}],"seed_played":"-4304502003837181797","potions_obtained":[{"floor":1.0,"key":"Fire Potion"},{"floor":6.0,"key":"PowerPotion"},{"floor":10.0,"key":"AttackPotion"},{"floor":14.0,"key":"Poison Potion"},{"floor":16.0,"key":"Ancient Potion"},{"floor":18.0,"key":"PowerPotion"},{"floor":21.0,"key":"Energy Potion"},{"floor":27.0,"key":"SneckoOil"},{"floor":29.0,"key":"Explosive Potion"},{"floor":39,"key":"PowerPotion"},{"floor":42,"key":"FairyPotion"},{"floor":54,"key":"Explosive Potion"}],"is_trial":false,"path_per_floor":["M","$","?","?","?","E","M","R","T","M","T","E","M","?","R","B",null,"M","?","?","M","?","T","R","E","T","M","?","M","E","M","R","B",null,"M","M","?","?","M","R","M","E","T","E","$","E","T","?","R","B",null,"R","$","E","B"],"character_chosen":"DEFECT","items_purchased":["Gash","Cold Snap","Conserve Battery","SpeedPotion"],"campfire_rested":1,"item_purchase_floors":[2,45,53,53],"current_hp_per_floor":[73,73,58,46,39,32,32,56,56,55,55,54,61,40,40,30,82,82,41,36,39,39,39,39,44,44,44,44,46,51,56,56,56,56,56,56,56,56,56,56,33,31,31,31,31,31,31,31,31,31,31,31,31,27,0],"gold":7,"neow_bonus":"BOSS_RELIC","is_prod":false,"is_daily":false,"chose_seed":false,"campfire_upgraded":5,"win_rate":0,"timestamp":1559284524,"path_taken":["M","$","?","?","?","E","M","R","T","M","?","E","M","?","R","BOSS","M","?","?","M","?","?","R","E","T","M","?","?","E","?","R","BOSS","M","M","?","?","M","R","M","E","T","E","$","E","?","?","R","BOSS","R","$","E","BOSS"],"build_version":"2019-01-23","purchased_purges":3,"victory":false,"max_hp_per_floor":[75,75,75,75,75,82,82,82,82,82,82,82,82,82,82,82,82,82,41,46,46,46,46,46,46,46,46,46,46,56,56,56,56,56,56,56,56,56,56,56,56,56,56,56,56,56,56,56,56,56,56,56,56,56,56],"card_choices":[{"not_picked":["Glacier","Fusion"],"picked":"Ball Lightning","floor":1.0},{"not_picked":["Turbo","Cold Snap","Beam Cell"],"picked":"SKIP","floor":6.0},{"not_picked":["FTL","Compile Driver","Reprogram"],"picked":"SKIP","floor":7.0},{"not_picked":["Heatsinks","Go for the Eyes"],"picked":"Self Repair","floor":10.0},{"not_picked":["Beam Cell","Cold Snap"],"picked":"Coolheaded","floor":12.0},{"not_picked":["Barrage","Hologram"],"picked":"Creative AI","floor":13.0},{"not_picked":["Amplify","Machine Learning"],"picked":"Seek","floor":16.0},{"not_picked":["Scrape","Blizzard","Turbo+1"],"picked":"SKIP","floor":18.0},{"not_picked":["Fusion","Streamline+1"],"picked":"Gash","floor":21.0},{"not_picked":["Reboot","Go for the Eyes"],"picked":"Defragment+1","floor":25.0},{"not_picked":["Hologram","Streamline","Coolheaded"],"picked":"SKIP","floor":27.0},{"not_picked":["Steam","Rebound"],"picked":"Static Discharge","floor":29.0},{"not_picked":["Conserve Battery","Turbo","Go for the Eyes+1"],"picked":"SKIP","floor":30},{"not_picked":["Rip and Tear","Redo"],"picked":"Defragment+1","floor":31},{"not_picked":["Core Surge","Reboot"],"picked":"Buffer","floor":33},{"not_picked":["Streamline","Ball Lightning","Chill"],"picked":"SKIP","floor":35},{"not_picked":["Barrage+1","Melter","Go for the Eyes"],"picked":"SKIP","floor":36},{"not_picked":["Apotheosis","Impatience"],"picked":"Jack Of All Trades","floor":38},{"not_picked":["Steam","Conserve Battery+1"],"picked":"Consume","floor":39},{"not_picked":["Genetic Algorithm","Compile Driver","Barrage"],"picked":"SKIP","floor":41},{"not_picked":["Hello World","Streamline+1"],"picked":"Defragment+1","floor":42},{"not_picked":["Rebound","FTL","Sweeping Beam+1"],"picked":"SKIP","floor":44},{"not_picked":["Machine Learning","Barrage"],"picked":"Conserve Battery+1","floor":46},{"not_picked":["Sweeping Beam+1","Rebound","Redo+1"],"picked":"SKIP","floor":54}],"player_experience":180821,"relics_obtained":[{"floor":6.0,"key":"Strawberry"},{"floor":9.0,"key":"Shuriken"},{"floor":12.0,"key":"Pen Nib"},{"floor":14.0,"key":"Happy Flower"},{"floor":23.0,"key":"Regal Pillow"},{"floor":25.0,"key":"Oddly Smooth Stone"},{"floor":26.0,"key":"Ancient Tea Set"},{"floor":30,"key":"Pear"},{"floor":42,"key":"Gremlin Horn"},{"floor":43,"key":"Potion Belt"},{"floor":44,"key":"Orichalcum"},{"floor":46,"key":"Bag of Marbles"},{"floor":47,"key":"Lantern"},{"floor":54,"key":"Blood Vial"}],"event_choices":[{"damage_healed":0.0,"max_hp_gain":0.0,"max_hp_loss":0.0,"gold_gain":0.0,"event_name":"Shining Light","player_choice":"Entered Light","floor":3.0,"gold_loss":0.0,"damage_taken":15.0,"cards_upgraded":["Strike_B","Defend_B"]},{"damage_healed":0.0,"max_hp_gain":0.0,"max_hp_loss":0.0,"gold_gain":0.0,"event_name":"Scrap Ooze","player_choice":"Success","floor":4.0,"gold_loss":0.0,"damage_taken":12.0,"relics_obtained":["Mummified Hand"]},{"cards_removed":["Strike_B"],"damage_healed":0.0,"max_hp_gain":0.0,"max_hp_loss":0.0,"gold_gain":0.0,"event_name":"Golden Wing","player_choice":"Card Removal","floor":5.0,"gold_loss":0.0,"damage_taken":7.0},{"damage_healed":0.0,"max_hp_gain":0.0,"max_hp_loss":0.0,"gold_gain":0.0,"event_name":"Dead Adventurer","player_choice":"Searched \u00272\u0027 times","floor":14.0,"gold_loss":0.0,"damage_taken":0.0},{"damage_healed":0.0,"max_hp_gain":0.0,"max_hp_loss":41.0,"gold_gain":0.0,"event_name":"Ghosts","player_choice":"Became a Ghost","floor":19.0,"gold_loss":0.0,"damage_taken":0.0,"cards_obtained":["Ghostly","Ghostly","Ghostly","Ghostly","Ghostly"]},{"damage_healed":0.0,"max_hp_gain":5.0,"max_hp_loss":0.0,"gold_gain":0.0,"event_name":"Forgotten Altar","player_choice":"Shed Blood","floor":20.0,"gold_loss":0.0,"damage_taken":10.0},{"damage_healed":0.0,"max_hp_gain":0.0,"max_hp_loss":0.0,"gold_gain":0.0,"event_name":"Back to Basics","player_choice":"Simplicity","floor":22.0,"gold_loss":0.0,"damage_taken":0.0,"cards_upgraded":["Strike_B","Strike_B","Defend_B","Defend_B","Defend_B"]},{"damage_healed":0.0,"max_hp_gain":0.0,"max_hp_loss":0.0,"gold_gain":0.0,"event_name":"The Library","player_choice":"Read","floor":28.0,"gold_loss":0.0,"damage_taken":0.0,"cards_obtained":["Gash"]},{"damage_healed":0,"gold_gain":0,"player_choice":"Upgrade","damage_taken":0,"relics_obtained":["Mark of the Bloom"],"max_hp_gain":0,"max_hp_loss":0,"event_name":"MindBloom","floor":37,"gold_loss":0,"cards_upgraded":["Zap","Ball Lightning","Gash","Self Repair","Seek","Ghostly","Ghostly","Ghostly","Ghostly","Ghostly","Gash","Gash","Static Discharge","Buffer"]},{"damage_healed":0,"gold_gain":0,"player_choice":"Memory 1","damage_taken":0,"max_hp_gain":0,"max_hp_loss":0,"event_name":"SensoryStone","floor":38,"gold_loss":0},{"damage_healed":14,"gold_gain":0,"player_choice":"Writhe","damage_taken":0,"max_hp_gain":0,"max_hp_loss":0,"event_name":"Winding Halls","floor":48,"gold_loss":0,"cards_obtained":["Writhe"]}],"is_beta":false,"boss_relics":[{"not_picked":["Fusion Hammer","Eternal Feather"],"picked":"Ectoplasm"},{"not_picked":["Tiny House","Orrery"],"picked":"Inserter"}],"items_purged_floors":[2,45,53],"is_endless":false,"potions_floor_spawned":[1,6,10,14,16,18,21,27,29,39,42,54],"killed_by":"The Heart","ascension_level":0}