{"gold_per_floor":[365,330,346,346,358,358,383,402,402,413,62,62,42,61,61,166,166,177,193,193,213,232,249,261,14,41,41,73,83,114,124,124,228,228,238,238,253,253,266,298,298,316,364,379,414,20,52,67,67,67,67,67,5,5],"floor_reached":54,"playtime":9608,"items_purged":["Parasite"],"score":850,"play_id":"70f768a0-9219-43ca-b973-17ccf0f652a4","local_time":"20190518175659","is_ascension_mode":false,"campfire_choices":[{"data":"Noxious Fumes","floor":6.0,"key":"SMITH"},{"data":"Apotheosis","floor":12.0,"key":"SMITH"},{"data":"Well Laid Plans","floor":15.0,"key":"SMITH"},{"floor":32.0,"key":"REST"},{"floor":41.0,"key":"RECALL"},{"floor":49.0,"key":"REST"},{"data":"Blur","floor":52.0,"key":"SMITH"}],"neow_cost":"PERCENT_DAMAGE","seed_source_timestamp":7473222072301,"circlet_count":0,"master_deck":["Defend_G+1","Defend_G","Defend_G","Defend_G","Defend_G","Strike_G","Strike_G","Strike_G","Strike_G","Strike_G","Survivor","Neutralize+1","Dodge and Roll+1","Noxious Fumes+1","Poisoned Stab","Cloak And Dagger","Catalyst","Well Laid Plans+1","Apotheosis+1","Backflip","Malaise","Bouncing Flask","Flash of Steel","Crippling Poison+1","Blur+1","Backstab","PiercingWail+1","All Out Attack","PiercingWail","Adrenaline","Calculated Gamble","Underhanded Strike","Underhanded Strike+1","Acrobatics","Tactician","Secret Technique","Impatience","Swift Strike","Dagger Throw+1","Prepared+1","Underhanded Strike","Backflip+1","Footwork","Reflex","Secret Technique","Crippling Poison","Footwork+1"],"special_seed":0,"relics":["Ring of the Snake","War Paint","Bottled Flame","Lizard Tail","Bottled Lightning","Snake Skull","FossilizedHelix","The Courier","Orrery","Boot","Strawberry","Molten Egg 2"],"potions_floor_usage":[],"damage_taken":[{"damage":0.0,"enemies":"2 Louse","floor":1.0,"turns":4.0},{"damage":6.0,"enemies":"Small Slimes","floor":3.0,"turns":5.0},{"damage":9.0,"enemies":"Cultist","floor":5.0,"turns":5.0},{"damage":14.0,"enemies":"Gremlin Nob","floor":7.0,"turns":4.0},{"damage":2.0,"enemies":"Large Slime","floor":8.0,"turns":6.0},{"damage":0.0,"enemies":"Red Slaver","floor":10.0,"turns":3.0},{"damage":0.0,"enemies":"3 Louse","floor":14.0,"turns":4.0},{"damage":8.0,"enemies":"The Guardian","floor":16.0,"turns":8.0},{"damage":10.0,"enemies":"3 Byrds","floor":18.0,"turns":6.0},{"damage":5.0,"enemies":"Shell Parasite","floor":19.0,"turns":6.0},{"damage":12.0,"enemies":"Snecko","floor":21.0,"turns":4.0},{"damage":18.0,"enemies":"Sentry and Sphere","floor":22.0,"turns":6.0},{"damage":2.0,"enemies":"Centurion and Healer","floor":23.0,"turns":6.0},{"damage":1.0,"enemies":"Snecko","floor":24.0,"turns":6.0},{"damage":6.0,"enemies":"Slavers","floor":28.0,"turns":6.0},{"damage":11.0,"enemies":"Cultist and Chosen","floor":29.0,"turns":7.0},{"damage":0.0,"enemies":"Book of Stabbing","floor":30.0,"turns":5.0},{"damage":2.0,"enemies":"Shelled Parasite and Fungi","floor":31.0,"turns":8.0},{"damage":15.0,"enemies":"Champ","floor":33.0,"turns":10.0},{"damage":15.0,"enemies":"3 Darklings","floor":35.0,"turns":5.0},{"damage":0.0,"enemies":"3 Shapes","floor":37.0,"turns":3.0},{"damage":6.0,"enemies":"Sphere and 2 Shapes","floor":39.0,"turns":7.0},{"damage":6.0,"enemies":"Nemesis","floor":40.0,"turns":7.0},{"damage":16.0,"enemies":"Transient","floor":42.0,"turns":5.0},{"damage":0.0,"enemies":"Writhing Mass","floor":44.0,"turns":4.0},{"damage":17.0,"enemies":"Giant Head","floor":45.0,"turns":7.0},{"damage":19.0,"enemies":"Nemesis","floor":47.0,"turns":7.0},{"damage":0.0,"enemies":"Maw","floor":48.0,"turns":6.0},{"damage":4.0,"enemies":"Time Eater","floor":50.0,"turns":13.0},{"damage":78,"enemies":"Shield and Spear","floor":54,"turns":5}],"seed_played":"3101487018039771960","potions_obtained":[{"floor":3.0,"key":"Fire Potion"},{"floor":7.0,"key":"Ancient Potion"},{"floor":8.0,"key":"GamblersBrew"},{"floor":13.0,"key":"SneckoOil"},{"floor":16.0,"key":"SteroidPotion"},{"floor":19.0,"key":"Weak Potion"},{"floor":22.0,"key":"Fire Potion"},{"floor":28.0,"key":"PowerPotion"},{"floor":29.0,"key":"Swift Potion"},{"floor":31.0,"key":"SpeedPotion"},{"floor":44.0,"key":"Swift Potion"},{"floor":45.0,"key":"Regen Potion"},{"floor":47.0,"key":"GhostInAJar"}],"is_trial":false,"path_per_floor":["M","?","M","?","M","R","E","M","T","M","$","R","?","M","R","B",null,"M","M","?","M","M","M","M","$","T","?","E","M","E","M","R","B",null,"M","?","M","?","M","E","R","M","T","M","E","$","E","M","R","B",null,"R","$","E"],"character_chosen":"THE_SILENT","items_purchased":["Catalyst","Well Laid Plans","Apotheosis","Bottled Lightning","Footwork","Reflex","Secret Technique","SpeedPotion","Crippling Poison","LiquidBronze"],"campfire_rested":2,"item_purchase_floors":[11,11,11,25,46,46,46,46,46,53],"current_hp_per_floor":[49,66,60,60,51,51,37,35,35,35,35,35,35,35,35,27,70,60,55,34,22,4,2,1,1,1,1,32,21,21,19,40,25,70,55,45,45,70,64,58,58,42,42,42,32,32,28,28,50,46,74,74,74,0],"gold":5,"neow_bonus":"TWO_FIFTY_GOLD","is_prod":false,"is_daily":false,"chose_seed":false,"campfire_upgraded":4,"win_rate":0,"timestamp":1558213019,"path_taken":["M","?","M","?","M","R","E","M","T","M","$","R","?","M","R","BOSS","M","?","?","M","M","?","M","$","T","?","E","M","E","M","R","BOSS","M","?","M","?","?","E","R","M","T","M","E","?","E","M","R","BOSS","R","$","E"],"build_version":"2019-01-23","purchased_purges":1,"victory":false,"max_hp_per_floor":[70,70,70,70,70,70,70,70,70,70,70,70,70,70,70,70,70,70,70,70,70,70,70,70,70,70,70,70,70,70,70,70,70,70,70,70,70,70,70,70,70,70,70,70,77,74,74,74,74,74,74,74,74,74],"card_choices":[{"not_picked":["Dagger Throw","Poisoned Stab"],"picked":"Dodge and Roll","floor":1.0},{"not_picked":["Acrobatics","Cloak And Dagger"],"picked":"Noxious Fumes","floor":3.0},{"not_picked":["Backflip","Slice"],"picked":"Poisoned Stab","floor":5.0},{"not_picked":["Dagger Throw","Prepared","Deflect"],"picked":"SKIP","floor":7.0},{"not_picked":["Outmaneuver","Underhanded Strike"],"picked":"Cloak And Dagger","floor":8.0},{"not_picked":["Skewer","Prepared","Terror"],"picked":"SKIP","floor":10.0},{"not_picked":["PiercingWail","Quick Slash"],"picked":"Backflip","floor":14.0},{"not_picked":["Doppelganger","Glass Knife"],"picked":"Malaise","floor":16.0},{"not_picked":["Outmaneuver","Heel Hook"],"picked":"Bouncing Flask","floor":18.0},{"not_picked":["Sucker Punch","Deflect","Outmaneuver"],"picked":"SKIP","floor":19.0},{"not_picked":["Cloak And Dagger","Distraction+1"],"picked":"Crippling Poison+1","floor":21.0},{"not_picked":["Flying Knee","Underhanded Strike"],"picked":"Blur","floor":22.0},{"not_picked":["Reflex","Cloak And Dagger"],"picked":"Backstab","floor":23.0},{"not_picked":["Predator","Heel Hook","Outmaneuver"],"picked":"SKIP","floor":24.0},{"not_picked":["Deflect","Calculated Gamble+1"],"picked":"PiercingWail+1","floor":28.0},{"not_picked":["Outmaneuver","Sucker Punch+1"],"picked":"All Out Attack","floor":29.0},{"not_picked":["Choke+1","Cloak And Dagger"],"picked":"PiercingWail","floor":30.0},{"not_picked":["Outmaneuver+1","Poisoned Stab"],"picked":"Adrenaline","floor":31.0},{"not_picked":["Infinite Blades","Slice"],"picked":"Calculated Gamble","floor":34.0},{"not_picked":["Deflect","Dodge and Roll"],"picked":"Underhanded Strike","floor":34.0},{"not_picked":["Endless Agony","Cloak And Dagger"],"picked":"Underhanded Strike+1","floor":34.0},{"not_picked":["Accuracy","Poisoned Stab+1"],"picked":"Acrobatics","floor":34.0},{"not_picked":["PiercingWail","Finisher"],"picked":"Tactician","floor":34.0},{"not_picked":["Dagger Spray","Flying Knee+1","Eviscerate+1"],"picked":"SKIP","floor":35.0},{"not_picked":["Enlightenment","Forethought"],"picked":"Secret Technique","floor":36.0},{"not_picked":["Apotheosis","HandOfGreed"],"picked":"Impatience","floor":36.0},{"not_picked":["Jack Of All Trades","Forethought"],"picked":"Swift Strike","floor":36.0},{"not_picked":["PiercingWail","Bane+1"],"picked":"Dagger Throw+1","floor":37.0},{"not_picked":["Bane+1","Noxious Fumes"],"picked":"Prepared+1","floor":39.0},{"not_picked":["Dagger Spray","Escape Plan+1"],"picked":"Underhanded Strike","floor":40.0},{"not_picked":["Accuracy","Deflect","Cloak And Dagger+1"],"picked":"SKIP","floor":42.0},{"not_picked":["Sucker Punch","Flying Knee","Prepared"],"picked":"SKIP","floor":44.0},{"not_picked":["Quick Slash+1","Heel Hook"],"picked":"Backflip+1","floor":45.0},{"not_picked":["Leg Sweep","Dagger Spray"],"picked":"Footwork+1","floor":47.0},{"not_picked":["Doppelganger","Caltrops","Expertise+1"],"picked":"SKIP","floor":48.0}],"player_experience":109304,"relics_obtained":[{"floor":7.0,"key":"War Paint"},{"floor":9.0,"key":"Bottled Flame"},{"floor":26.0,"key":"Snake Skull"},{"floor":28.0,"key":"FossilizedHelix"},{"floor":30.0,"key":"The Courier"},{"floor":40.0,"key":"Boot"},{"floor":45.0,"key":"Strawberry"},{"floor":47.0,"key":"Molten Egg 2"}],"event_choices":[{"damage_healed":17.0,"max_hp_gain":0.0,"max_hp_loss":0.0,"gold_gain":0.0,"event_name":"The Cleric","player_choice":"Healed","floor":2.0,"gold_loss":35.0,"damage_taken":0.0},{"damage_healed":0.0,"max_hp_gain":0.0,"max_hp_loss":0.0,"gold_gain":0.0,"event_name":"Living Wall","player_choice":"Grow","floor":4.0,"gold_loss":0.0,"damage_taken":0.0,"cards_upgraded":["Neutralize"]},{"damage_healed":0.0,"max_hp_gain":0.0,"max_hp_loss":0.0,"gold_gain":0.0,"event_name":"The Woman in Blue","player_choice":"Bought 1 Potion","floor":13.0,"gold_loss":0.0,"damage_taken":0.0},{"damage_healed":0.0,"max_hp_gain":0.0,"max_hp_loss":0.0,"gold_gain":0.0,"event_name":"Knowing Skull","player_choice":"CARD CARD ","floor":20.0,"potions_obtained":[],"gold_loss":0.0,"damage_taken":21.0,"cards_obtained":["Flash of Steel","Jack Of All Trades"]},{"damage_healed":0.0,"max_hp_gain":0.0,"max_hp_loss":0.0,"gold_gain":0.0,"event_name":"Cursed Tome","player_choice":"Ignored","floor":27.0,"gold_loss":0.0,"damage_taken":0.0},{"damage_healed":0.0,"max_hp_gain":0.0,"max_hp_loss":0.0,"gold_gain":0.0,"event_name":"SensoryStone","player_choice":"Memory 3","floor":36.0,"gold_loss":0.0,"damage_taken":10.0},{"cards_removed":["Jack Of All Trades"],"damage_healed":25.0,"max_hp_gain":0.0,"max_hp_loss":0.0,"gold_gain":0.0,"event_name":"Bonfire Elementals","player_choice":"Offered Uncommon","floor":38.0,"gold_loss":0.0,"damage_taken":0.0}],"is_beta":false,"boss_relics":[{"not_picked":["Empty Cage","Snecko Eye"],"picked":"Lizard Tail"},{"not_picked":["Coffee Dripper","White Beast Statue"],"picked":"Orrery"}],"items_purged_floors":[46],"is_endless":false,"potions_floor_spawned":[3,7,8,16,19,22,28,29,31,44,45,47],"killed_by":"Shield and Spear","ascension_level":0}