{"gold_per_floor":[116,127,127,52,52,82,96,96,121,149,166,166,178,193,193,293,293,305,205,216,234,55,55,389,389,414,414,427,453,471,485,485,485],"floor_reached":33,"playtime":1850,"items_purged":["Strike_R","Strike_R","Strike_R"],"score":318,"play_id":"3c36ed01-55e5-4997-9c52-8c4f176bf115","local_time":"20190128162837","is_ascension_mode":true,"campfire_choices":[{"data":"Rampage","floor":8,"key":"SMITH"},{"floor":12,"key":"REST"},{"data":"Anger","floor":15,"key":"SMITH"},{"floor":23,"key":"REST"},{"floor":25,"key":"REST"},{"floor":32,"key":"REST"}],"neow_cost":"NONE","seed_source_timestamp":1113269950378,"circlet_count":0,"master_deck":["Strike_R","Strike_R","Defend_R","Defend_R","Defend_R+1","Defend_R","Bash+1","Clash","Clash","Flex","Good Instincts","Rampage+1","Cleave","Clash","Anger+1","Impervious","Flame Barrier","Clash","Metallicize","Armaments+1","Sentinel+1","Shrug It Off"],"relics":["Burning Blood","Regal Pillow","Strawberry","Pocketwatch","Fusion Hammer","Old Coin","Juzu Bracelet","Red Mask"],"potions_floor_usage":[11,13,24,31],"damage_taken":[{"damage":5,"enemies":"2 Louse","floor":1,"turns":3},{"damage":2,"enemies":"Small Slimes","floor":2,"turns":2},{"damage":32,"enemies":"3 Sentries","floor":6,"turns":8},{"damage":0,"enemies":"Cultist","floor":7,"turns":3},{"damage":13,"enemies":"Lagavulin","floor":10,"turns":4},{"damage":8,"enemies":"Gremlin Gang","floor":11,"turns":4},{"damage":10,"enemies":"Exordium Thugs","floor":13,"turns":3},{"damage":0,"enemies":"3 Louse","floor":14,"turns":2},{"damage":14,"enemies":"Slime Boss","floor":16,"turns":8},{"damage":0,"enemies":"Chosen","floor":18,"turns":3},{"damage":22,"enemies":"2 Thieves","floor":20,"turns":4},{"damage":16,"enemies":"Chosen and Byrds","floor":21,"turns":5},{"damage":31,"enemies":"Gremlin Leader","floor":24,"turns":6},{"damage":13,"enemies":"Cultist and Chosen","floor":28,"turns":6},{"damage":23,"enemies":"Masked Bandits","floor":29,"turns":5},{"damage":2,"enemies":"Snake Plant","floor":30,"turns":4},{"damage":7,"enemies":"Snecko","floor":31,"turns":5},{"damage":90,"enemies":"Automaton","floor":33,"turns":12}],"seed_played":"6911500376150683530","potions_obtained":[{"floor":10,"key":"Fire Potion"},{"floor":11,"key":"Poison Potion"},{"floor":14,"key":"Energy Potion"},{"floor":21,"key":"LiquidBronze"},{"floor":30,"key":"AttackPotion"}],"is_trial":false,"path_per_floor":["M","M","?","$","?","E","M","R","T","E","M","R","M","M","R","B",null,"M","$","M","M","$","R","E","R","T","?","M","?","M","M","R","B"],"character_chosen":"IRONCLAD","items_purchased":["Clash"],"campfire_rested":4,"item_purchase_floors":[22],"current_hp_per_floor":[80,80,64,64,64,38,44,44,51,44,42,83,79,85,85,77,87,87,87,71,61,61,87,62,87,87,87,80,63,67,66,87,0],"gold":485,"neow_bonus":"THREE_CARDS","is_prod":false,"is_daily":false,"chose_seed":false,"campfire_upgraded":2,"win_rate":0,"timestamp":1548689317,"path_taken":["M","M","?","$","?","E","M","R","T","E","M","R","?","?","R","BOSS","M","$","M","M","$","R","E","R","T","?","M","?","M","M","R","BOSS"],"build_version":"2019-01-23","purchased_purges":3,"victory":false,"max_hp_per_floor":[80,80,80,80,80,80,80,80,87,87,87,87,87,87,87,87,87,87,87,87,87,87,87,87,87,87,87,87,87,87,87,87,87],"card_choices":[{"not_picked":["Perfected Strike","Havoc"],"picked":"Clash","floor":0},{"not_picked":["Wild Strike","Warcry"],"picked":"Clash","floor":1},{"not_picked":["Havoc","Headbutt"],"picked":"Flex","floor":2},{"not_picked":["Exhume","Seeing Red"],"picked":"Cleave","floor":6},{"not_picked":["Twin Strike","Flex","Pommel Strike"],"picked":"SKIP","floor":7},{"not_picked":["Hemokinesis","Perfected Strike","Heavy Blade"],"picked":"SKIP","floor":10},{"not_picked":["Seeing Red","Flex"],"picked":"Clash","floor":11},{"not_picked":["Burning Pact","Body Slam"],"picked":"Anger","floor":13},{"not_picked":["Body Slam","Bloodletting","Twin Strike"],"picked":"SKIP","floor":14},{"not_picked":["Immolate","Brutality"],"picked":"Impervious","floor":16},{"not_picked":["Sever Soul+1","Sword Boomerang","Thunderclap"],"picked":"SKIP","floor":18},{"not_picked":["Clothesline","Corruption"],"picked":"Flame Barrier","floor":20},{"not_picked":["Infernal Blade","Heavy Blade+1","Sentinel"],"picked":"SKIP","floor":21},{"not_picked":["Anger","Heavy Blade"],"picked":"Metallicize","floor":24},{"not_picked":["Body Slam","Limit Break","Thunderclap"],"picked":"SKIP","floor":28},{"not_picked":["Dropkick","Sword Boomerang+1"],"picked":"Armaments+1","floor":29},{"not_picked":["Twin Strike+1","Feel No Pain"],"picked":"Sentinel+1","floor":30},{"not_picked":["Iron Wave","Cleave+1"],"picked":"Shrug It Off","floor":31}],"player_experience":26372,"relics_obtained":[{"floor":6,"key":"Regal Pillow"},{"floor":9,"key":"Strawberry"},{"floor":10,"key":"Pocketwatch"},{"floor":24,"key":"Old Coin"},{"floor":26,"key":"Juzu Bracelet"},{"floor":29,"key":"Red Mask"}],"event_choices":[{"damage_healed":0,"gold_gain":0,"player_choice":"Entered Light","damage_taken":16,"max_hp_gain":0,"max_hp_loss":0,"event_name":"Shining Light","floor":3,"gold_loss":0,"cards_upgraded":["Defend_R","Bash"]},{"damage_healed":0,"gold_gain":0,"player_choice":"2 cards matched","damage_taken":0,"max_hp_gain":0,"max_hp_loss":0,"event_name":"Match and Keep!","floor":5,"gold_loss":0,"cards_obtained":["Good Instincts","Rampage"]},{"damage_healed":0,"gold_gain":0,"player_choice":"Ignored","damage_taken":0,"max_hp_gain":0,"max_hp_loss":0,"event_name":"Cursed Tome","floor":27,"gold_loss":0},{"damage_healed":0,"gold_gain":0,"player_choice":"Fought Bandits","damage_taken":0,"max_hp_gain":0,"max_hp_loss":0,"event_name":"Masked Bandits","floor":29,"gold_loss":0}],"is_beta":false,"boss_relics":[{"not_picked":["Calling Bell","Eternal Feather"],"picked":"Fusion Hammer"}],"items_purged_floors":[4,19,22],"is_endless":false,"potions_floor_spawned":[10,11,14,21,30],"killed_by":"Automaton","ascension_level":1}