{"gold_per_floor":[109,120,135,135,155,155,155,183,207,233,247,322,342,353,353,353],"floor_reached":16,"playtime":1550,"items_purged":[],"score":114,"play_id":"57de9beb-a120-44df-8da2-f88f1c25a961","local_time":"20190530184647","is_ascension_mode":false,"campfire_choices":[{"data":"Catalyst","floor":6,"key":"SMITH"},{"floor":15,"key":"REST"}],"neow_cost":"NONE","seed_source_timestamp":1082060575821250,"circlet_count":0,"master_deck":["Defend_G","Defend_G","Defend_G","Defend_G","Defend_G","Strike_G","Strike_G","Strike_G","Strike_G","Survivor","Neutralize","Catalyst+1","Deadly Poison","Cloak And Dagger","Dodge and Roll","Prepared","Blur"],"relics":["Ring of the Snake","Pen Nib","PreservedInsect","Centennial Puzzle","Smiling Mask"],"potions_floor_usage":[8,16],"damage_taken":[{"damage":2,"enemies":"Jaw Worm","floor":1,"turns":5},{"damage":0,"enemies":"Cultist","floor":2,"turns":3},{"damage":0,"enemies":"2 Louse","floor":3,"turns":5},{"damage":2,"enemies":"2 Fungi Beasts","floor":5,"turns":4},{"damage":18,"enemies":"3 Sentries","floor":8,"turns":16},{"damage":2,"enemies":"Lagavulin","floor":10,"turns":5},{"damage":3,"enemies":"Exordium Wildlife","floor":11,"turns":5},{"damage":3,"enemies":"3 Louse","floor":13,"turns":5},{"damage":5,"enemies":"Red Slaver","floor":14,"turns":5},{"damage":49,"enemies":"Slime Boss","floor":16,"turns":11}],"seed_played":"-2286197870766457557","potions_obtained":[{"floor":2,"key":"Ancient Potion"},{"floor":3,"key":"Block Potion"},{"floor":10,"key":"GamblersBrew"},{"floor":11,"key":"AttackPotion"}],"is_trial":false,"path_per_floor":["M","M","M","?","M","R","?","E","T","E","M","?","M","M","R","B"],"character_chosen":"THE_SILENT","items_purchased":[],"campfire_rested":1,"item_purchase_floors":[],"current_hp_per_floor":[68,68,68,68,66,66,66,48,48,46,43,32,29,24,45,0],"gold":353,"neow_bonus":"THREE_CARDS","is_prod":false,"is_daily":false,"chose_seed":false,"campfire_upgraded":1,"win_rate":0.0,"timestamp":1559263607,"path_taken":["M","M","M","?","?","R","?","E","T","E","?","?","M","M","R","BOSS"],"build_version":"2019-01-23","purchased_purges":0,"victory":false,"max_hp_per_floor":[70,70,70,70,70,70,70,70,70,70,70,70,70,70,70,70],"card_choices":[{"not_picked":["Deadly Poison","Terror"],"picked":"Catalyst","floor":0},{"not_picked":["Poisoned Stab","Eviscerate"],"picked":"Deadly Poison","floor":1},{"not_picked":["PiercingWail","Bane","Masterful Stab"],"picked":"SKIP","floor":2},{"not_picked":["Eviscerate","Deflect"],"picked":"Cloak And Dagger","floor":3},{"not_picked":["Dodge and Roll","Dagger Throw"],"picked":"Prepared","floor":5},{"not_picked":["Masterful Stab","Wraith Form v2","Blade Dance"],"picked":"SKIP","floor":8},{"not_picked":["Dagger Throw","Terror","Outmaneuver"],"picked":"SKIP","floor":10},{"not_picked":["Reflex","Heel Hook"],"picked":"Blur","floor":11},{"not_picked":["Caltrops","All Out Attack","Underhanded Strike"],"picked":"SKIP","floor":13},{"not_picked":["Infinite Blades","Leg Sweep","Flying Knee"],"picked":"SKIP","floor":14}],"player_experience":31285,"relics_obtained":[{"floor":8,"key":"PreservedInsect"},{"floor":9,"key":"Centennial Puzzle"},{"floor":10,"key":"Smiling Mask"}],"event_choices":[{"damage_healed":0,"gold_gain":0,"cards_transformed":["Strike_G"],"player_choice":"Transformed","damage_taken":0,"max_hp_gain":0,"max_hp_loss":0,"event_name":"Transmorgrifier","floor":4,"gold_loss":0,"cards_obtained":["Dodge and Roll"]},{"damage_healed":0,"gold_gain":0,"player_choice":"Gave Potion","damage_taken":0,"relics_obtained":["Pen Nib"],"max_hp_gain":0,"max_hp_loss":0,"event_name":"WeMeetAgain","floor":7,"gold_loss":0},{"damage_healed":0,"gold_gain":75,"player_choice":"Gather Gold","damage_taken":11,"max_hp_gain":0,"max_hp_loss":0,"event_name":"World of Goop","floor":12,"gold_loss":0}],"is_beta":false,"boss_relics":[],"items_purged_floors":[],"is_endless":false,"potions_floor_spawned":[2,3,10,11],"killed_by":"Slime Boss","ascension_level":0}