{"gold_per_floor":[113,113,129,149,149,180,192,192,192,222,222,222,238,256,256,361,361,374,384,110,20,32,32,57,57,57,67,167,187,18,30,30,135,135,155,155,155,173,191,191,224,224,250,250,282,297,297,312,312,312],"floor_reached":51,"playtime":1809,"items_purged":["Strike_G","Strike_G"],"score":1155,"play_id":"7c96cfef-f78e-486b-a977-dc003b0ba12f","local_time":"20190216022241","is_ascension_mode":true,"campfire_choices":[{"data":"Blade Dance","floor":8,"key":"SMITH"},{"data":"Cloak And Dagger","floor":11,"key":"SMITH"},{"data":"Cloak And Dagger","floor":15,"key":"SMITH"},{"data":"Blade Dance","floor":23,"key":"SMITH"},{"data":"Infinite Blades","floor":25,"key":"SMITH"},{"floor":32,"key":"REST"},{"floor":40,"key":"REST"},{"floor":42,"key":"REST"},{"floor":47,"key":"REST"},{"floor":49,"key":"RECALL"}],"neow_cost":"NONE","seed_source_timestamp":37083596248729,"circlet_count":0,"master_deck":["Defend_G+1","Defend_G+1","Defend_G+1","Defend_G+1","Survivor+1","Neutralize+1","Blade Dance+1","Slice+1","Infinite Blades+1","Backflip+1","Cloak And Dagger+1","Deflect+1","Crippling Poison+1","Cloak And Dagger+1","Storm of Steel+1","Backstab+1","Blade Dance+1","Backstab+1","Accuracy+1","Parasite","Infinite Blades+1","Choke+1","Dodge and Roll+1","Madness+1","Madness+1","Cloak And Dagger+1","Injury","Infinite Blades+1","Infinite Blades+1"],"relics":["Ring of the Snake","NeowsBlessing","Kunai","Ancient Tea Set","Gremlin Horn","Frozen Egg 2","Cursed Key","War Paint","Pantograph","Prayer Wheel","StoneCalendar","Mummified Hand","Fusion Hammer","Singing Bowl","Regal Pillow","Mark of the Bloom","Potion Belt"],"potions_floor_usage":[14,18,27,27,28,45,50,50],"damage_taken":[{"damage":0,"enemies":"Cultist","floor":1,"turns":1},{"damage":0,"enemies":"Jaw Worm","floor":3,"turns":1},{"damage":0,"enemies":"2 Louse","floor":4,"turns":1},{"damage":15,"enemies":"Lagavulin","floor":6,"turns":8},{"damage":15,"enemies":"Gremlin Gang","floor":7,"turns":5},{"damage":11,"enemies":"Gremlin Nob","floor":10,"turns":5},{"damage":0,"enemies":"Exordium Wildlife","floor":13,"turns":3},{"damage":0,"enemies":"Lots of Slimes","floor":14,"turns":2},{"damage":0,"enemies":"Hexaghost","floor":16,"turns":13},{"damage":0,"enemies":"Chosen","floor":18,"turns":5},{"damage":4,"enemies":"Spheric Guardian","floor":19,"turns":5},{"damage":11,"enemies":"Snecko","floor":22,"turns":5},{"damage":0,"enemies":"Gremlin Leader","floor":24,"turns":7},{"damage":7,"enemies":"Snake Plant","floor":27,"turns":3},{"damage":0,"enemies":"Colosseum Slavers","floor":28,"turns":4},{"damage":4,"enemies":"Colosseum Nobs","floor":28,"turns":3},{"damage":0,"enemies":"Chosen and Byrds","floor":29,"turns":4},{"damage":5,"enemies":"Centurion and Healer","floor":31,"turns":4},{"damage":0,"enemies":"Automaton","floor":33,"turns":7},{"damage":4,"enemies":"3 Darklings","floor":35,"turns":4},{"damage":4,"enemies":"3 Shapes","floor":38,"turns":3},{"damage":21,"enemies":"Maw","floor":39,"turns":6},{"damage":0,"enemies":"Giant Head","floor":41,"turns":7},{"damage":0,"enemies":"Reptomancer","floor":45,"turns":4},{"damage":0,"enemies":"3 Darklings","floor":46,"turns":4},{"damage":29,"enemies":"Writhing Mass","floor":48,"turns":7},{"damage":18,"enemies":"Donu and Deca","floor":50,"turns":8}],"seed_played":"-4698639808121497949","potions_obtained":[{"floor":4,"key":"Dexterity Potion"},{"floor":7,"key":"Energy Potion"},{"floor":13,"key":"GhostInAJar"},{"floor":16,"key":"GamblersBrew"},{"floor":19,"key":"LiquidBronze"},{"floor":27,"key":"Weak Potion"},{"floor":28,"key":"SteroidPotion"},{"floor":33,"key":"FearPotion"},{"floor":46,"key":"Swift Potion"}],"is_trial":false,"path_per_floor":["M","T","M","M","?","E","M","R","T","E","R","?","M","M","R","B",null,"M","M","$","?","M","R","E","R","T","M","?","M","$","M","R","B",null,"M","?","?","M","M","R","E","R","T","?","E","M","R","M","R","B",null],"character_chosen":"THE_SILENT","items_purchased":["Blade Dance","War Paint","Infinite Blades+1"],"campfire_rested":4,"item_purchase_floors":[20,20,30],"current_hp_per_floor":[70,70,70,70,70,55,40,40,40,29,29,29,29,29,29,29,60,60,56,56,56,45,45,45,45,45,38,34,34,34,29,50,70,70,66,57,57,53,32,53,55,72,72,72,72,72,72,43,43,25],"gold":312,"neow_bonus":"THREE_ENEMY_KILL","is_prod":false,"is_daily":false,"chose_seed":false,"campfire_upgraded":5,"win_rate":0,"timestamp":1550280161,"path_taken":["M","?","?","M","?","E","?","R","T","E","R","?","?","M","R","BOSS","M","M","$","?","M","R","E","R","T","?","?","M","$","M","R","BOSS","M","?","?","M","?","R","E","R","T","?","E","M","R","M","R","BOSS"],"build_version":"2019-01-23","purchased_purges":2,"victory":true,"max_hp_per_floor":[70,70,70,70,70,70,70,70,70,70,70,70,70,70,70,70,70,70,70,70,70,70,70,70,70,70,70,70,70,70,70,70,70,70,70,70,70,70,70,70,72,72,72,72,72,74,74,78,78,78],"card_choices":[{"not_picked":["Backflip","Accuracy"],"picked":"Blade Dance","floor":1},{"not_picked":["Dagger Throw","PiercingWail"],"picked":"Slice","floor":3},{"not_picked":["Quick Slash","Prepared"],"picked":"Infinite Blades","floor":4},{"not_picked":["Footwork","Flechettes"],"picked":"Backflip","floor":6},{"not_picked":["Deflect","Sucker Punch"],"picked":"Cloak And Dagger","floor":7},{"not_picked":["Riddle With Holes","Deadly Poison"],"picked":"Deflect","floor":10},{"not_picked":["Dodge and Roll","All Out Attack"],"picked":"Cloak And Dagger","floor":13},{"not_picked":["Deadly Poison","Dagger Spray","Venomology"],"picked":"SKIP","floor":14},{"not_picked":["Glass Knife","Doppelganger"],"picked":"Storm of Steel","floor":16},{"not_picked":["Dagger Spray","Concentrate+1","Terror"],"picked":"SKIP","floor":18},{"not_picked":["All Out Attack","Leg Sweep"],"picked":"Backstab","floor":19},{"not_picked":["Dagger Spray","Setup"],"picked":"Backstab","floor":22},{"not_picked":["Backflip","Dagger Spray"],"picked":"Accuracy+1","floor":24},{"not_picked":["PiercingWail","Predator","Poisoned Stab"],"picked":"SKIP","floor":27},{"not_picked":["Slice","All Out Attack","Quick Slash"],"picked":"SKIP","floor":27},{"not_picked":["PiercingWail","Dagger Spray+1","Bane"],"picked":"SKIP","floor":29},{"not_picked":["Dagger Throw","Die Die Die","Bane+1"],"picked":"SKIP","floor":29},{"not_picked":["Reflex","Crippling Poison"],"picked":"Choke","floor":31},{"not_picked":["Well Laid Plans+1","Flying Knee+1","Eviscerate"],"picked":"SKIP","floor":31},{"not_picked":["Cloak And Dagger+1","PiercingWail"],"picked":"Dodge and Roll","floor":35},{"not_picked":["Dodge and Roll","Leg Sweep","Masterful Stab"],"picked":"SKIP","floor":35},{"not_picked":["Escape Plan","Dash+1"],"picked":"Cloak And Dagger+1","floor":38},{"not_picked":["Backflip+1","Prepared","Choke+1"],"picked":"SKIP","floor":38},{"not_picked":["Dagger Throw","Bouncing Flask+1","Underhanded Strike+1"],"picked":"SKIP","floor":39},{"not_picked":["Prepared","Tactician+1","Deflect"],"picked":"SKIP","floor":39},{"not_picked":["Slice","Sucker Punch","PiercingWail+1"],"picked":"Singing Bowl","floor":41},{"not_picked":["Acrobatics","Wraith Form v2+1"],"picked":"Infinite Blades+1","floor":45},{"not_picked":["All Out Attack+1","Choke","Poisoned Stab"],"picked":"Singing Bowl","floor":46},{"not_picked":["Slice+1","Outmaneuver"],"picked":"Infinite Blades+1","floor":46},{"not_picked":["Dodge and Roll","Outmaneuver+1","Bane+1"],"picked":"Singing Bowl","floor":48},{"not_picked":["Cloak And Dagger","Backflip+1","Dagger Spray"],"picked":"Singing Bowl","floor":48}],"player_experience":71486,"relics_obtained":[{"floor":2,"key":"Kunai"},{"floor":6,"key":"Ancient Tea Set"},{"floor":9,"key":"Gremlin Horn"},{"floor":10,"key":"Frozen Egg 2"},{"floor":24,"key":"Pantograph"},{"floor":26,"key":"Prayer Wheel"},{"floor":28,"key":"StoneCalendar"},{"floor":28,"key":"Mummified Hand"},{"floor":41,"key":"Singing Bowl"},{"floor":43,"key":"Regal Pillow"},{"floor":45,"key":"Potion Belt"}],"event_choices":[{"cards_removed":["Strike_G"],"damage_healed":0,"gold_gain":0,"player_choice":"Purged","damage_taken":0,"max_hp_gain":0,"max_hp_loss":0,"event_name":"Purifier","floor":5,"gold_loss":0},{"damage_healed":0,"gold_gain":0,"cards_transformed":["Defend_G"],"player_choice":"Transformed","damage_taken":0,"max_hp_gain":0,"max_hp_loss":0,"event_name":"Transmorgrifier","floor":12,"gold_loss":0,"cards_obtained":["Crippling Poison"]},{"cards_removed":["Strike_G"],"damage_healed":0,"gold_gain":0,"player_choice":"Upgrade and Remove","damage_taken":0,"max_hp_gain":0,"max_hp_loss":0,"event_name":"Designer","floor":21,"gold_loss":90,"cards_upgraded":["Neutralize"]},{"damage_healed":0,"gold_gain":0,"player_choice":"Fight","damage_taken":0,"max_hp_gain":0,"max_hp_loss":0,"event_name":"Colosseum","floor":28,"gold_loss":0},{"damage_healed":0,"gold_gain":0,"player_choice":"Fought Nobs","damage_taken":0,"max_hp_gain":0,"max_hp_loss":0,"event_name":"Colosseum","floor":28,"gold_loss":0},{"damage_healed":0,"gold_gain":0,"player_choice":"Embrace Madness","damage_taken":9,"max_hp_gain":0,"max_hp_loss":0,"event_name":"Winding Halls","floor":36,"gold_loss":0,"cards_obtained":["Madness","Madness"]},{"cards_removed":["Strike_G"],"damage_healed":0,"gold_gain":0,"player_choice":"Removed Attack","damage_taken":0,"max_hp_gain":0,"max_hp_loss":0,"event_name":"Falling","floor":37,"gold_loss":0},{"damage_healed":0,"gold_gain":0,"player_choice":"Upgrade","damage_taken":0,"relics_obtained":["Mark of the Bloom"],"max_hp_gain":0,"max_hp_loss":0,"event_name":"MindBloom","floor":44,"gold_loss":0,"cards_upgraded":["Defend_G","Defend_G","Defend_G","Defend_G","Survivor","Slice","Deflect","Storm of Steel","Backstab","Backstab","Choke","Dodge and Roll","Madness","Madness"]}],"is_beta":false,"boss_relics":[{"not_picked":["Empty Cage","Coffee Dripper"],"picked":"Cursed Key"},{"not_picked":["Tiny House","Busted Crown"],"picked":"Fusion Hammer"}],"items_purged_floors":[20,30],"is_endless":false,"potions_floor_spawned":[4,7,13,16,19,27,28,28,33,38,39,46],"ascension_level":5}