{"gold_per_floor":[13,23,23,42,42,67,67,77,101,130,130,147,147,54,54,128,128,143,30,42,54,1,31,31,51,122,134,134,7,7,7,7,78,78,98,113,213,231,231,126,142,153,153,153,171,171,15,15],"floor_reached":48,"playtime":4580,"items_purged":["Strike_R","Clumsy","Decay"],"score":928,"play_id":"90627684-7b6b-48b9-bed9-d8b273297ef5","local_time":"20190529131239","is_ascension_mode":true,"campfire_choices":[{"floor":7,"key":"REST"},{"data":"Shockwave","floor":11,"key":"SMITH"},{"floor":15,"key":"REST"},{"floor":32,"key":"REST"},{"floor":44,"key":"REST"}],"neow_cost":"NO_GOLD","seed_source_timestamp":888942065725681,"circlet_count":0,"master_deck":["AscendersBane","Strike_R","Defend_R","Defend_R","Defend_R","Defend_R","Bash","Uppercut+1","Feel No Pain","Sever Soul","Double Tap","Shockwave+1","True Grit","Evolve","Disarm","Demon Form","Headbutt","Armaments","Havoc","True Grit+1","Shrug It Off","Rage","Immolate","Feel No Pain","Metallicize","Demon Form","Shockwave","Headbutt","Battle Trance","Shrug It Off","Impervious","Shrug It Off","Bloodletting+1","Decay","Corruption+1","Injury","Dual Wield","Burning Pact"],"relics":["Burning Blood","Happy Flower","Smiling Mask","Art of War","Cursed Key","Bag of Marbles","Mummified Hand","Fusion Hammer","Incense Burner","Centennial Puzzle","Bottled Lightning"],"potions_floor_usage":[6,16,16,27,27,33],"damage_taken":[{"damage":12,"enemies":"Cultist","floor":1,"turns":4},{"damage":0,"enemies":"2 Louse","floor":2,"turns":2},{"damage":11,"enemies":"Small Slimes","floor":4,"turns":5},{"damage":33,"enemies":"Lagavulin","floor":6,"turns":7},{"damage":19,"enemies":"Exordium Wildlife","floor":8,"turns":4},{"damage":20,"enemies":"3 Sentries","floor":10,"turns":12},{"damage":5,"enemies":"Looter","floor":12,"turns":3},{"damage":19,"enemies":"The Guardian","floor":16,"turns":8},{"damage":2,"enemies":"Chosen","floor":18,"turns":5},{"damage":18,"enemies":"Spheric Guardian","floor":20,"turns":6},{"damage":22,"enemies":"Centurion and Healer","floor":21,"turns":6},{"damage":26,"enemies":"Gremlin Leader","floor":23,"turns":7},{"damage":6,"enemies":"Snecko","floor":25,"turns":7},{"damage":20,"enemies":"Shelled Parasite and Fungi","floor":27,"turns":4},{"damage":39,"enemies":"Collector","floor":33,"turns":10},{"damage":19,"enemies":"Orb Walker","floor":35,"turns":5},{"damage":0,"enemies":"3 Shapes","floor":36,"turns":5},{"damage":10,"enemies":"Mind Bloom Boss Battle","floor":37,"turns":8},{"damage":15,"enemies":"Sphere and 2 Shapes","floor":38,"turns":7},{"damage":12,"enemies":"Writhing Mass","floor":41,"turns":7},{"damage":16,"enemies":"Jaw Worm Horde","floor":42,"turns":3},{"damage":24,"enemies":"Transient","floor":45,"turns":6},{"damage":29,"enemies":"Spire Growth","floor":48,"turns":5}],"seed_played":"7001372365656096967","potions_obtained":[{"floor":1,"key":"Block Potion"},{"floor":8,"key":"Poison Potion"},{"floor":12,"key":"Strength Potion"},{"floor":16,"key":"EssenceOfSteel"},{"floor":21,"key":"Strength Potion"},{"floor":27,"key":"PowerPotion"},{"floor":35,"key":"Poison Potion"},{"floor":38,"key":"Energy Potion"},{"floor":42,"key":"Energy Potion"},{"floor":45,"key":"LiquidBronze"}],"is_trial":false,"path_per_floor":["M","?","?","M","$","?","M","?","?","?","?","?","M","M","T"],"character_chosen":"IRONCLAD","items_purchased":["Disarm","Headbutt","Armaments","Shrug It Off","Metallicize","Shrug It Off","Dual Wield","Burning Pact"],"campfire_rested":4,"item_purchase_floors":[14,19,19,22,29,40,47,47],"current_hp_per_floor":[62,68,68,63,63,36,58,45,45,31,31,32,32,32,54,41,67,71,71,59,43,43,23,23,23,23,9,9,9,9,24,46,13,60,47,53,49,40,40,40,34,24,24,46,28,28,28,0],"gold":15,"neow_bonus":"REMOVE_TWO","is_prod":false,"is_daily":false,"chose_seed":false,"campfire_upgraded":1,"win_rate":0,"timestamp":1559149959,"path_taken":["M","?","$","M","?","E","R","M","T","E","R","M","?","$","R","BOSS","M","$","?","M","?","E","?","M","T","?","?","$","?","?","R","BOSS","M","M","?","M","?","$","?","M","T","R","?","?","$","M"],"build_version":"2019-01-23","purchased_purges":3,"victory":false,"max_hp_per_floor":[75,75,75,75,75,75,75,75,75,75,75,75,75,75,75,75,75,75,75,75,75,75,75,75,75,75,75,75,75,75,75,75,75,75,75,75,75,75,75,75,75,75,75,75,75,75,75,75],"card_choices":[{"not_picked":["Clash","Twin Strike"],"picked":"Uppercut","floor":1},{"not_picked":["Twin Strike","Flex","Iron Wave"],"picked":"SKIP","floor":2},{"not_picked":["Flex","Twin Strike"],"picked":"Feel No Pain","floor":4},{"not_picked":["Havoc","Rage"],"picked":"Sever Soul","floor":6},{"not_picked":["Clothesline","Clash"],"picked":"Double Tap","floor":8},{"not_picked":["Uppercut","Headbutt"],"picked":"Shockwave","floor":10},{"not_picked":["Clothesline","Perfected Strike"],"picked":"True Grit","floor":12},{"not_picked":["Limit Break","Double Tap"],"picked":"Demon Form","floor":16},{"not_picked":["Pommel Strike","Thunderclap","Clothesline"],"picked":"SKIP","floor":18},{"not_picked":["Iron Wave","Clash"],"picked":"Havoc","floor":20},{"not_picked":["Twin Strike","Havoc"],"picked":"True Grit+1","floor":21},{"not_picked":["Twin Strike","Clothesline"],"picked":"Rage","floor":23},{"not_picked":["Shrug It Off","Headbutt"],"picked":"Immolate","floor":25},{"not_picked":["Thunderclap","Perfected Strike"],"picked":"Feel No Pain","floor":27},{"not_picked":["Limit Break","Juggernaut"],"picked":"Demon Form","floor":33},{"not_picked":["Iron Wave+1","Havoc"],"picked":"Shockwave","floor":35},{"not_picked":["Rupture","Twin Strike"],"picked":"Headbutt","floor":36},{"not_picked":["Blood for Blood+1","Clash"],"picked":"Battle Trance","floor":37},{"not_picked":["Havoc","Sword Boomerang"],"picked":"Shrug It Off","floor":38},{"not_picked":["Clothesline","Flex","Cleave"],"picked":"SKIP","floor":41},{"not_picked":["Perfected Strike","Combust"],"picked":"Bloodletting+1","floor":42},{"not_picked":["Infernal Blade","Heavy Blade"],"picked":"Corruption+1","floor":45}],"player_experience":731696,"relics_obtained":[{"floor":6,"key":"Happy Flower"},{"floor":9,"key":"Smiling Mask"},{"floor":10,"key":"Art of War"},{"floor":23,"key":"Bag of Marbles"},{"floor":26,"key":"Mummified Hand"},{"floor":37,"key":"Incense Burner"},{"floor":43,"key":"Centennial Puzzle"},{"floor":46,"key":"Bottled Lightning"}],"event_choices":[{"damage_healed":0,"gold_gain":0,"player_choice":"Grow","damage_taken":0,"max_hp_gain":0,"max_hp_loss":0,"event_name":"Living Wall","floor":5,"gold_loss":0,"cards_upgraded":["Uppercut"]},{"damage_healed":0,"gold_gain":0,"cards_transformed":["Strike_R"],"player_choice":"Transformed","damage_taken":0,"max_hp_gain":0,"max_hp_loss":0,"event_name":"Transmorgrifier","floor":13,"gold_loss":0,"cards_obtained":["Evolve"]},{"damage_healed":0,"gold_gain":0,"player_choice":"Ignored","damage_taken":0,"max_hp_gain":0,"max_hp_loss":0,"event_name":"Ghosts","floor":24,"gold_loss":0},{"damage_healed":0,"gold_gain":0,"player_choice":"Ignored","damage_taken":0,"max_hp_gain":0,"max_hp_loss":0,"event_name":"Beggar","floor":28,"gold_loss":0},{"damage_healed":0,"gold_gain":0,"player_choice":"Smashed Altar","damage_taken":0,"max_hp_gain":0,"max_hp_loss":0,"event_name":"Forgotten Altar","floor":30,"gold_loss":0,"cards_obtained":["Decay"]},{"damage_healed":15,"gold_gain":0,"player_choice":"Heal","damage_taken":0,"max_hp_gain":0,"max_hp_loss":0,"event_name":"The Library","floor":31,"gold_loss":0},{"damage_healed":0,"gold_gain":0,"player_choice":"Fight","damage_taken":0,"max_hp_gain":0,"max_hp_loss":0,"event_name":"MindBloom","floor":37,"gold_loss":0},{"damage_healed":0,"gold_gain":0,"player_choice":"1 cards matched","damage_taken":0,"max_hp_gain":0,"max_hp_loss":0,"event_name":"Match and Keep!","floor":39,"gold_loss":0,"cards_obtained":["Impervious"]}],"is_beta":false,"boss_relics":[{"not_picked":["Coffee Dripper","Calling Bell"],"picked":"Cursed Key"},{"not_picked":["Empty Cage","Black Blood"],"picked":"Fusion Hammer"}],"items_purged_floors":[14,29,40],"is_endless":false,"potions_floor_spawned":[1,8,12,16,21,27,35,38,42,45],"killed_by":"Spire Growth","ascension_level":18}