{"gold_per_floor":[145,61,85,96,114,143,162,162,185,220,220,237,237,248,248,353,353,369,369,383,409,23,23,50,63,87,87,116,116,116,215,215,316,316,328,144,144,158,33,33,49,49,49,149,149,162,197,210,210,230],"floor_reached":51,"playtime":2580,"items_purged":["Strike_B","Strike_B","Defend_B"],"score":1132,"play_id":"92a169b9-7e50-4d1f-a6c9-8b827f3c143e","local_time":"20190510155632","is_ascension_mode":true,"campfire_choices":[{"data":"Zap","floor":8.0,"key":"SMITH"},{"data":"Coolheaded","floor":11.0,"key":"SMITH"},{"data":"Dualcast","floor":13.0,"key":"SMITH"},{"data":"Coolheaded","floor":15.0,"key":"SMITH"},{"data":"1","floor":23,"key":"LIFT"},{"floor":27,"key":"REST"},{"data":"2","floor":30,"key":"LIFT"},{"data":"Biased Cognition","floor":32,"key":"SMITH"},{"data":"Magnetism","floor":40,"key":"SMITH"},{"data":"3","floor":42,"key":"LIFT"},{"floor":45,"key":"REST"},{"data":"Echo Form","floor":49,"key":"SMITH"}],"neow_cost":"NONE","seed_source_timestamp":2572995498639960,"circlet_count":0,"master_deck":["AscendersBane","Strike_B+1","Defend_B","Defend_B","Defend_B","Zap+1","Dualcast+1","FTL+1","Flash of Steel","Coolheaded+1","Beam Cell","Gash","Coolheaded+1","Biased Cognition+1","Self Repair","FTL","Streamline","Echo Form+1","Loop","Flash of Steel","Metamorphosis","Magnetism+1","Glacier+1","Hologram+1"],"special_seed":0,"relics":["FrozenCore","Tiny Chest","Centennial Puzzle","Incense Burner","Whetstone","Ancient Tea Set","Inserter","Orichalcum","Girya","Bag of Marbles","Juzu Bracelet","Boot","Gremlin Horn","Smiling Mask"],"potions_floor_usage":[16,16,46,50,50],"damage_taken":[{"damage":1.0,"enemies":"Cultist","floor":1.0,"turns":3.0},{"damage":1.0,"enemies":"Small Slimes","floor":4.0,"turns":3.0},{"damage":2.0,"enemies":"Jaw Worm","floor":5.0,"turns":3.0},{"damage":22.0,"enemies":"3 Sentries","floor":6.0,"turns":8.0},{"damage":2.0,"enemies":"3 Louse","floor":7.0,"turns":3.0},{"damage":8.0,"enemies":"Gremlin Nob","floor":10.0,"turns":3.0},{"damage":1.0,"enemies":"Exordium Thugs","floor":12.0,"turns":3.0},{"damage":1.0,"enemies":"2 Fungi Beasts","floor":14.0,"turns":2.0},{"damage":14,"enemies":"Slime Boss","floor":16,"turns":9},{"damage":5,"enemies":"3 Byrds","floor":18,"turns":4},{"damage":2,"enemies":"Spheric Guardian","floor":20,"turns":5},{"damage":32,"enemies":"Slavers","floor":24,"turns":6},{"damage":4,"enemies":"Chosen and Byrds","floor":25,"turns":5},{"damage":33,"enemies":"Gremlin Leader","floor":28,"turns":8},{"damage":29,"enemies":"Collector","floor":33,"turns":9},{"damage":18,"enemies":"3 Darklings","floor":35,"turns":7},{"damage":12,"enemies":"Orb Walker","floor":38,"turns":4},{"damage":0,"enemies":"Maw","floor":41,"turns":5},{"damage":0,"enemies":"Spire Growth","floor":46,"turns":8},{"damage":0,"enemies":"Reptomancer","floor":47,"turns":7},{"damage":29,"enemies":"Transient","floor":48,"turns":5},{"damage":37,"enemies":"Awakened One","floor":50,"turns":12}],"seed_played":"3382460005995330996","potions_obtained":[{"floor":1.0,"key":"Swift Potion"},{"floor":4.0,"key":"Swift Potion"},{"floor":5.0,"key":"FearPotion"},{"floor":10.0,"key":"Block Potion"},{"floor":25,"key":"LiquidBronze"},{"floor":28,"key":"LiquidBronze"},{"floor":35,"key":"EssenceOfSteel"},{"floor":41,"key":"Regen Potion"},{"floor":48,"key":"Weak Potion"}],"is_trial":false,"path_per_floor":["M","$","T","M","M","E","M","R","T","E","R","M","R","M","R","B",null,"M","?","M","T","$","R","E","M","T","R","E","?","R","?","R","B",null,"M","$","?","M","$","R","M","R","T","?","R","M","E","M","R","B",null],"character_chosen":"DEFECT","items_purchased":["Flash of Steel","Girya","Flash of Steel"],"campfire_rested":2,"item_purchase_floors":[2,22,36],"current_hp_per_floor":[67,67,67,66,64,42,40,40,40,32,32,31,31,30,30,16,60,55,55,60,60,60,60,35,38,38,60,34,34,34,34,34,12,59,48,48,43,31,31,31,38,38,38,38,60,75,75,53,53,30],"gold":230,"neow_bonus":"RANDOM_COMMON_RELIC","is_prod":false,"is_daily":false,"chose_seed":false,"campfire_upgraded":7,"win_rate":0,"timestamp":1557496592,"path_taken":["M","$","?","M","?","E","M","R","T","E","R","M","R","M","R","BOSS","M","?","M","?","$","R","E","M","T","R","E","?","R","?","R","BOSS","M","$","?","M","$","R","M","R","T","?","R","M","E","M","R","BOSS"],"build_version":"2019-01-23","purchased_purges":3,"victory":true,"max_hp_per_floor":[75,75,75,75,75,75,75,75,75,75,75,75,75,75,75,75,75,75,75,75,75,75,75,75,75,75,75,75,75,75,75,75,75,75,75,75,75,75,75,75,75,75,75,75,75,75,75,75,75,75],"card_choices":[{"not_picked":["Undo","Reinforced Body"],"picked":"FTL","floor":1.0},{"not_picked":["Darkness","Redo"],"picked":"Coolheaded","floor":4.0},{"not_picked":["Steam","Chaos"],"picked":"Beam Cell","floor":5.0},{"not_picked":["Conserve Battery","Sweeping Beam","Hello World"],"picked":"SKIP","floor":6.0},{"not_picked":["Ball Lightning","Stack"],"picked":"Gash","floor":7.0},{"not_picked":["Consume","Rebound"],"picked":"Coolheaded","floor":10.0},{"not_picked":["Turbo","Force Field","Recycle"],"picked":"SKIP","floor":12.0},{"not_picked":["Multi-Cast","BootSequence","Cold Snap"],"picked":"SKIP","floor":14.0},{"not_picked":["Multi-Cast","Rainbow"],"picked":"Biased Cognition","floor":16},{"not_picked":["Darkness","Go for the Eyes"],"picked":"Self Repair","floor":18},{"not_picked":["Self Repair+1","Turbo","Redo"],"picked":"SKIP","floor":20},{"not_picked":["Steam","Fusion+1"],"picked":"FTL","floor":24},{"not_picked":["Beam Cell","Go for the Eyes"],"picked":"Streamline","floor":25},{"not_picked":["Recycle","Ball Lightning"],"picked":"Echo Form","floor":28},{"not_picked":["Double Energy","Redo+1"],"picked":"Loop","floor":35},{"not_picked":["Good Instincts","Secret Technique"],"picked":"Metamorphosis","floor":37},{"not_picked":["Thinking Ahead","Dark Shackles"],"picked":"Magnetism","floor":37},{"not_picked":["White Noise","Compile Driver","Storm"],"picked":"SKIP","floor":38},{"not_picked":["Undo+1","Turbo+1"],"picked":"Glacier+1","floor":41},{"not_picked":["Recycle","Stack+1","Hologram"],"picked":"SKIP","floor":46},{"not_picked":["Recycle+1","Undo","Force Field+1"],"picked":"SKIP","floor":47},{"not_picked":["Double Energy","Rebound"],"picked":"Hologram+1","floor":48}],"player_experience":202639,"relics_obtained":[{"floor":3.0,"key":"Centennial Puzzle"},{"floor":6.0,"key":"Incense Burner"},{"floor":9.0,"key":"Whetstone"},{"floor":10.0,"key":"Ancient Tea Set"},{"floor":21,"key":"Orichalcum"},{"floor":24,"key":"Bag of Marbles"},{"floor":26,"key":"Juzu Bracelet"},{"floor":28,"key":"Boot"},{"floor":43,"key":"Gremlin Horn"},{"floor":47,"key":"Smiling Mask"}],"event_choices":[{"damage_healed":0,"gold_gain":0,"player_choice":"Ignored","damage_taken":0,"max_hp_gain":0,"max_hp_loss":0,"event_name":"Ghosts","floor":19,"gold_loss":0},{"cards_removed":["Strike_B"],"damage_healed":0,"gold_gain":0,"player_choice":"Offered Basic","damage_taken":0,"max_hp_gain":0,"max_hp_loss":0,"event_name":"Bonfire Elementals","floor":29,"gold_loss":0},{"damage_healed":0,"gold_gain":99,"player_choice":"Stole From Cult","damage_taken":0,"max_hp_gain":0,"max_hp_loss":0,"event_name":"Nest","floor":31,"gold_loss":0},{"damage_healed":0,"gold_gain":0,"player_choice":"Memory 2","damage_taken":5,"max_hp_gain":0,"max_hp_loss":0,"event_name":"SensoryStone","floor":37,"gold_loss":0},{"damage_healed":0,"gold_gain":100,"player_choice":"Pray","damage_taken":0,"max_hp_gain":0,"max_hp_loss":0,"event_name":"Golden Shrine","floor":44,"gold_loss":0}],"is_beta":false,"boss_relics":[{"not_picked":["Fusion Hammer","Runic Pyramid"],"picked":"Inserter"},{"not_picked":["Snecko Eye","Nuclear Battery"],"picked":"FrozenCore"}],"items_purged_floors":[22,36,39],"is_endless":false,"potions_floor_spawned":[1,4,5,10,25,28,33,35,41,48],"ascension_level":11}