{"gold_per_floor":[113,40,40,40,58,58,83,8,60,78,78,78,88,101,101,101],"floor_reached":16,"playtime":490,"items_purged":["Strike_R"],"score":175,"play_id":"88a0d18e-e0b0-4bc9-b5f1-bf2a66feed3f","local_time":"20190527112331","is_ascension_mode":true,"campfire_choices":[{"data":"Uppercut","floor":6.0,"key":"SMITH"},{"data":"Armaments","floor":12.0,"key":"SMITH"},{"floor":15.0,"key":"REST"}],"neow_cost":"NONE","seed_source_timestamp":892397709923,"circlet_count":0,"master_deck":["AscendersBane","Strike_R","Strike_R","Defend_R","Defend_R","Defend_R","Bash","Flame Barrier","Uppercut+1","Armaments+1","Metallicize","Metallicize"],"special_seed":0,"relics":["Burning Blood","Bronze Scales","Orichalcum"],"potions_floor_usage":[16,16],"damage_taken":[{"damage":27.0,"enemies":"Jaw Worm","floor":1.0,"turns":7.0},{"damage":4.0,"enemies":"2 Louse","floor":5.0,"turns":3.0},{"damage":32.0,"enemies":"Gremlin Nob","floor":7.0,"turns":5.0},{"damage":0.0,"enemies":"Cultist","floor":10.0,"turns":3.0},{"damage":1.0,"enemies":"Large Slime","floor":13.0,"turns":8.0},{"damage":5.0,"enemies":"Gremlin Gang","floor":14.0,"turns":5.0},{"damage":51,"enemies":"Slime Boss","floor":16,"turns":16}],"seed_played":"-2323329642588254685","potions_obtained":[{"floor":1.0,"key":"SteroidPotion"},{"floor":7.0,"key":"Strength Potion"},{"floor":10.0,"key":"LiquidBronze"},{"floor":11.0,"key":"Ancient Potion"}],"is_trial":false,"path_per_floor":["M","$","?","?","M","R","E","$","T","M","?","R","M","M","R","B"],"character_chosen":"IRONCLAD","items_purchased":["Uppercut"],"campfire_rested":1,"item_purchase_floors":[2],"current_hp_per_floor":[47,47,47,40,42,42,16,16,16,22,22,22,27,28,50,0],"gold":101,"neow_bonus":"REMOVE_CARD","is_prod":false,"is_daily":false,"chose_seed":false,"campfire_upgraded":2,"win_rate":0,"timestamp":1558949011,"path_taken":["M","$","?","?","M","R","E","?","T","M","?","R","?","M","R","BOSS"],"build_version":"2019-01-23","purchased_purges":1,"victory":false,"max_hp_per_floor":[75,75,75,75,75,75,75,75,75,75,75,75,75,75,75,75],"card_choices":[{"not_picked":["Armaments","Shrug It Off"],"picked":"Flame Barrier","floor":1.0},{"not_picked":["Burning Pact","Rampage","Clothesline"],"picked":"SKIP","floor":5.0},{"not_picked":["Rage","Entrench"],"picked":"Armaments","floor":7.0},{"not_picked":["Second Wind","Fire Breathing"],"picked":"Metallicize","floor":10.0},{"not_picked":["Fire Breathing","Havoc","Infernal Blade"],"picked":"SKIP","floor":13.0},{"not_picked":["Armaments","Burning Pact"],"picked":"Metallicize","floor":14.0}],"player_experience":259086,"relics_obtained":[{"floor":7.0,"key":"Bronze Scales"},{"floor":9.0,"key":"Orichalcum"}],"event_choices":[{"cards_removed":["Strike_R"],"damage_healed":0.0,"max_hp_gain":0.0,"max_hp_loss":0.0,"gold_gain":0.0,"event_name":"Living Wall","player_choice":"Forget","floor":3.0,"gold_loss":0.0,"damage_taken":0.0},{"cards_removed":["Defend_R"],"damage_healed":0.0,"max_hp_gain":0.0,"max_hp_loss":0.0,"gold_gain":0.0,"event_name":"Golden Wing","player_choice":"Card Removal","floor":4.0,"gold_loss":0.0,"damage_taken":7.0},{"damage_healed":0.0,"max_hp_gain":0.0,"max_hp_loss":0.0,"gold_gain":0.0,"event_name":"Lab","player_choice":"Got Potions","floor":11.0,"gold_loss":0.0,"damage_taken":0.0}],"is_beta":false,"boss_relics":[],"items_purged_floors":[8],"is_endless":false,"potions_floor_spawned":[1,7,10,13],"killed_by":"Slime Boss","ascension_level":15}