{"gold_per_floor":[116,135,60,79,46,77,88,119,119,136,136,147,159,59,59,154,154,172,190,65,65,81,81,95,95,121,146,146,146,166,166],"floor_reached":31,"playtime":3805,"items_purged":["Defend_G","Strike_G","Strike_G"],"score":282,"play_id":"5ff47e6a-c72e-451e-82e6-90335037c022","local_time":"20190216210335","is_ascension_mode":true,"campfire_choices":[{"floor":15,"key":"REST"},{"floor":23,"key":"REST"},{"floor":25,"key":"REST"},{"floor":28,"key":"REST"}],"neow_cost":"NONE","seed_source_timestamp":179001737171550,"circlet_count":0,"master_deck":["Defend_G","Defend_G","Defend_G","Strike_G","Strike_G","Strike_G","Survivor","Neutralize","Flying Knee","Cloak And Dagger","Backflip","PiercingWail","Prepared","Footwork","Dagger Spray","Dagger Throw","Phantasmal Killer","Dagger Throw+1","Infinite Blades","Backstab","Quick Slash","Outmaneuver","Dash","Backstab"],"relics":["Ring of the Serpent","Sundial","Omamori","Lantern","Bronze Scales","Shuriken"],"potions_floor_usage":[6,8,16,16,22,27],"damage_taken":[{"damage":0,"enemies":"Small Slimes","floor":1,"turns":4},{"damage":0,"enemies":"Jaw Worm","floor":2,"turns":3},{"damage":1,"enemies":"Cultist","floor":4,"turns":4},{"damage":18,"enemies":"3 Sentries","floor":6,"turns":11},{"damage":2,"enemies":"2 Fungi Beasts","floor":7,"turns":5},{"damage":23,"enemies":"Lagavulin","floor":8,"turns":8},{"damage":0,"enemies":"Looter","floor":10,"turns":4},{"damage":8,"enemies":"Lots of Slimes","floor":12,"turns":5},{"damage":4,"enemies":"Gremlin Gang","floor":13,"turns":4},{"damage":36,"enemies":"Hexaghost","floor":16,"turns":17},{"damage":13,"enemies":"Chosen","floor":18,"turns":6},{"damage":0,"enemies":"3 Byrds","floor":19,"turns":5},{"damage":20,"enemies":"3 Cultists","floor":22,"turns":5},{"damage":26,"enemies":"Chosen and Byrds","floor":24,"turns":7},{"damage":61,"enemies":"Slavers","floor":27,"turns":6},{"damage":16,"enemies":"Snake Plant","floor":30,"turns":4},{"damage":11,"enemies":"Cultist and Chosen","floor":31,"turns":4}],"seed_played":"3396259525063511669","potions_obtained":[{"floor":4,"key":"Swift Potion"},{"floor":6,"key":"LiquidBronze"},{"floor":8,"key":"Fire Potion"},{"floor":12,"key":"Swift Potion"},{"floor":18,"key":"Block Potion"},{"floor":22,"key":"Poison Potion"},{"floor":30,"key":"Energy Potion"}],"is_trial":false,"path_per_floor":["M","M","$","M","?","E","M","E","T","M","?","M","M","$","R","B",null,"M","M","$","?","M","R","M","R","T","E","R","?","M","M"],"character_chosen":"THE_SILENT","items_purchased":[],"campfire_rested":4,"item_purchase_floors":[],"current_hp_per_floor":[77,77,77,76,76,58,56,33,33,33,33,25,21,21,44,8,77,64,64,64,64,44,67,41,64,64,3,26,26,10,0],"gold":166,"neow_bonus":"TEN_PERCENT_HP_BONUS","is_prod":false,"is_daily":false,"chose_seed":false,"campfire_upgraded":0,"win_rate":0,"timestamp":1550379815,"path_taken":["M","M","$","M","?","E","M","E","T","M","?","M","?","$","R","BOSS","M","M","$","?","M","R","M","R","T","E","R","?","?","M"],"build_version":"2019-01-23","purchased_purges":3,"victory":false,"max_hp_per_floor":[77,77,77,77,77,77,77,77,77,77,77,77,77,77,77,77,77,77,77,77,77,77,77,77,77,77,77,77,77,77,77],"card_choices":[{"not_picked":["Bane","Reflex"],"picked":"Flying Knee","floor":1},{"not_picked":["Backflip","Distraction"],"picked":"Cloak And Dagger","floor":2},{"not_picked":["Bane","Caltrops"],"picked":"Backflip","floor":4},{"not_picked":["Acrobatics","Dagger Throw"],"picked":"PiercingWail","floor":6},{"not_picked":["Wraith Form v2","Terror"],"picked":"Prepared","floor":7},{"not_picked":["Bane","Quick Slash"],"picked":"Footwork","floor":8},{"not_picked":["Deflect","Expertise","Noxious Fumes"],"picked":"SKIP","floor":10},{"not_picked":["Poisoned Stab","Deadly Poison"],"picked":"Dagger Throw","floor":12},{"not_picked":["Escape Plan","Terror"],"picked":"Prepared","floor":13},{"not_picked":["Corpse Explosion","A Thousand Cuts"],"picked":"Phantasmal Killer","floor":16},{"not_picked":["Backflip","Prepared"],"picked":"Dagger Throw+1","floor":18},{"not_picked":["Prepared","Slice"],"picked":"Infinite Blades","floor":19},{"not_picked":["PiercingWail+1","Poisoned Stab"],"picked":"Quick Slash","floor":22},{"not_picked":["PiercingWail","Cloak And Dagger+1"],"picked":"Outmaneuver","floor":24},{"not_picked":["Leg Sweep","A Thousand Cuts","Poisoned Stab"],"picked":"SKIP","floor":27},{"not_picked":["Quick Slash+1","Deadly Poison"],"picked":"Backstab","floor":30}],"player_experience":38815,"relics_obtained":[{"floor":6,"key":"Sundial"},{"floor":8,"key":"Omamori"},{"floor":9,"key":"Lantern"},{"floor":26,"key":"Bronze Scales"},{"floor":27,"key":"Shuriken"}],"event_choices":[{"damage_healed":0,"gold_gain":0,"player_choice":"Left Gold","damage_taken":0,"max_hp_gain":0,"max_hp_loss":0,"event_name":"World of Goop","floor":5,"gold_loss":33},{"damage_healed":0,"gold_gain":0,"cards_transformed":["Defend_G"],"player_choice":"Transformed","damage_taken":0,"max_hp_gain":0,"max_hp_loss":0,"event_name":"Transmorgrifier","floor":11,"gold_loss":0,"cards_obtained":["Dagger Spray"]},{"damage_healed":0,"gold_gain":0,"player_choice":"Read","damage_taken":0,"max_hp_gain":0,"max_hp_loss":0,"event_name":"The Library","floor":21,"gold_loss":0,"cards_obtained":["Backstab"]},{"damage_healed":0,"gold_gain":0,"cards_transformed":["Prepared"],"player_choice":"Transformed","damage_taken":0,"max_hp_gain":0,"max_hp_loss":0,"event_name":"Transmorgrifier","floor":29,"gold_loss":0,"cards_obtained":["Dash"]}],"is_beta":false,"boss_relics":[{"not_picked":["Velvet Choker","Coffee Dripper"],"picked":"Ring of the Serpent"}],"items_purged_floors":[3,14,20],"is_endless":false,"potions_floor_spawned":[4,6,8,12,18,22,30],"killed_by":"Cultist and Chosen","ascension_level":1}