{"gold_per_floor":[110,110,120,138,152,185,185,197,197,212,225,240,240],"floor_reached":13,"playtime":1385,"items_purged":[],"score":91,"play_id":"3e6672bf-8496-482a-a12c-9e290d3b3751","local_time":"20190515142057","is_ascension_mode":false,"campfire_choices":[{"floor":7,"key":"REST"}],"neow_cost":"NONE","seed_source_timestamp":0,"circlet_count":0,"master_deck":["Strike_B","Strike_B","Strike_B","Strike_B","Defend_B","Defend_B","Defend_B","Defend_B","Zap","Dualcast","Steam Power+1","Hologram","Glacier","Darkness","Doom and Gloom","Machine Learning","Go for the Eyes","Reprogram","White Noise"],"special_seed":0,"relics":["Cracked Core","NeowsBlessing","Ice Cream","Orichalcum"],"potions_floor_usage":[],"damage_taken":[{"damage":0.0,"enemies":"2 Louse","floor":1.0,"turns":1.0},{"damage":0.0,"enemies":"Cultist","floor":3.0,"turns":1.0},{"damage":0.0,"enemies":"Jaw Worm","floor":4.0,"turns":1.0},{"damage":8.0,"enemies":"3 Louse","floor":5.0,"turns":5.0},{"damage":52.0,"enemies":"Gremlin Nob","floor":6.0,"turns":5.0},{"damage":2,"enemies":"2 Fungi Beasts","floor":8,"turns":4},{"damage":19,"enemies":"Exordium Wildlife","floor":10,"turns":5},{"damage":4,"enemies":"Looter","floor":11,"turns":4},{"damage":13,"enemies":"Lots of Slimes","floor":12,"turns":7},{"damage":6,"enemies":"Gremlin Gang","floor":13,"turns":1}],"seed_played":"-7226709827152996999","potions_obtained":[{"floor":3.0,"key":"Block Potion"},{"floor":4.0,"key":"Fruit Juice"},{"floor":5.0,"key":"AttackPotion"},{"floor":12,"key":"Block Potion"}],"is_trial":false,"path_per_floor":["M","?","M","M","M","E","R","M","T","M","M","M","M"],"character_chosen":"DEFECT","items_purchased":[],"campfire_rested":1,"item_purchase_floors":[],"current_hp_per_floor":[75,75,75,80,72,20,44,42,42,23,19,6,0],"gold":240,"neow_bonus":"THREE_ENEMY_KILL","is_prod":false,"is_daily":false,"chose_seed":false,"campfire_upgraded":0,"win_rate":0.0,"timestamp":1557940857,"path_taken":["M","?","M","?","M","E","R","M","T","M","M","M","M"],"build_version":"2019-01-23","purchased_purges":0,"victory":false,"max_hp_per_floor":[75,75,75,80,80,80,80,80,80,80,80,80,80],"card_choices":[{"not_picked":["Ball Lightning","Steam"],"picked":"Steam Power","floor":1.0},{"not_picked":["Hello World","Sweeping Beam"],"picked":"Hologram","floor":3.0},{"not_picked":["Auto Shields","Barrage"],"picked":"Glacier","floor":4.0},{"not_picked":["Streamline","Sweeping Beam"],"picked":"Darkness","floor":5.0},{"not_picked":["Steam","Gash"],"picked":"Doom and Gloom","floor":6},{"not_picked":["Stack","Beam Cell"],"picked":"Machine Learning","floor":8},{"not_picked":["Compile Driver","Ball Lightning"],"picked":"Go for the Eyes","floor":10},{"not_picked":["Stack","Cold Snap"],"picked":"Reprogram","floor":11},{"not_picked":["Streamline","Sweeping Beam"],"picked":"White Noise","floor":12}],"player_experience":52576,"relics_obtained":[{"floor":6,"key":"Ice Cream"},{"floor":9,"key":"Orichalcum"}],"event_choices":[{"damage_healed":0.0,"max_hp_gain":0.0,"max_hp_loss":0.0,"gold_gain":0.0,"event_name":"Upgrade Shrine","player_choice":"Upgraded","floor":2.0,"gold_loss":0.0,"damage_taken":0.0,"cards_upgraded":["Steam Power"]}],"is_beta":false,"boss_relics":[],"items_purged_floors":[],"is_endless":false,"potions_floor_spawned":[3,4,5,12],"killed_by":"Gremlin Gang","ascension_level":0}