{"gold_per_floor":[19,19,31,31,47,81,81,81,107,107,122,155,168,208,208,299,299,317,317,336,50,50,91,91,132,132,132,150,171,194,194,194,292,292,311,10,29,47,62,62,97,109,192,204,325,23,38,57,57,57],"floor_reached":50,"playtime":3674,"items_purged":["Strike_G"],"score":1031,"play_id":"eb2b9358-df01-4b87-bdb2-3217505481c4","local_time":"20180906161722","is_ascension_mode":true,"campfire_choices":[{"data":"Masterful Stab","floor":7.0,"key":"SMITH"},{"floor":10.0,"key":"REST"},{"data":"Dash","floor":15.0,"key":"SMITH"},{"floor":24.0,"key":"REST"},{"data":"Cloak And Dagger","floor":27.0,"key":"SMITH"},{"floor":32.0,"key":"REST"},{"data":"Malaise","floor":40,"key":"SMITH"},{"data":"Blur","floor":42,"key":"SMITH"},{"data":"Dash","floor":44,"key":"SMITH"},{"data":"Backflip","floor":49,"key":"SMITH"}],"neow_cost":"NO_GOLD","seed_source_timestamp":1664471501797781,"circlet_count":0,"master_deck":["Defend_G","Defend_G","Defend_G","Defend_G","Defend_G","Strike_G","Strike_G","Strike_G","Survivor","Neutralize+1","AscendersBane","Cloak And Dagger+1","Flying Knee","Dagger Throw","Masterful Stab+1","Predator","Deflect","Dash+1","Venomology","Adrenaline","Cloak And Dagger","Metamorphosis","Backstab","Cloak And Dagger+1","Finisher","Blur+1","Cloak And Dagger","Malaise+1","After Image+1","Accuracy+1","PiercingWail","Well Laid Plans+1","Backflip+1","Dash+1","PiercingWail","Riddle With Holes"],"special_seed":0,"relics":["Ring of the Snake","Anchor","Golden Idol","Pen Nib","Frozen Egg 2","Sundial","WristBlade","Strawberry","Ginger","Mango","SsserpentHead","Coffee Dripper","Shuriken","MawBank","Ninja Scroll","Tough Bandages","MealTicket"],"potions_floor_usage":[33,33,33,35,38,39,41,41,45,50,50],"damage_taken":[{"damage":0.0,"enemies":"Small Slimes","floor":1.0,"turns":4.0},{"damage":0.0,"enemies":"2 Louse","floor":3.0,"turns":3.0},{"damage":0.0,"enemies":"Jaw Worm","floor":5.0,"turns":4.0},{"damage":13.0,"enemies":"Gremlin Nob","floor":6.0,"turns":4.0},{"damage":0.0,"enemies":"2 Fungi Beasts","floor":11.0,"turns":2.0},{"damage":6.0,"enemies":"Lagavulin","floor":12.0,"turns":5.0},{"damage":0.0,"enemies":"Red Slaver","floor":13.0,"turns":2.0},{"damage":7.0,"enemies":"3 Sentries","floor":14.0,"turns":6.0},{"damage":9.0,"enemies":"Hexaghost","floor":16.0,"turns":11.0},{"damage":0.0,"enemies":"Chosen","floor":18.0,"turns":3.0},{"damage":0.0,"enemies":"Colosseum Slavers","floor":19.0,"turns":3.0},{"damage":0.0,"enemies":"Spheric Guardian","floor":20.0,"turns":3.0},{"damage":29.0,"enemies":"Book of Stabbing","floor":23.0,"turns":5.0},{"damage":30.0,"enemies":"Slavers","floor":25.0,"turns":6.0},{"damage":0.0,"enemies":"Snecko","floor":28.0,"turns":3.0},{"damage":2.0,"enemies":"3 Cultists","floor":29.0,"turns":5.0},{"damage":10.0,"enemies":"Shelled Parasite and Fungi","floor":30.0,"turns":6.0},{"damage":54,"enemies":"Collector","floor":33,"turns":17},{"damage":0,"enemies":"3 Shapes","floor":35,"turns":4},{"damage":6,"enemies":"3 Darklings","floor":37,"turns":6},{"damage":21,"enemies":"Maw","floor":38,"turns":7},{"damage":2,"enemies":"4 Shapes","floor":39,"turns":9},{"damage":35,"enemies":"Giant Head","floor":41,"turns":8},{"damage":0,"enemies":"Mysterious Sphere","floor":45,"turns":4},{"damage":4,"enemies":"3 Darklings","floor":47,"turns":6},{"damage":0,"enemies":"Jaw Worm Horde","floor":48,"turns":4},{"damage":13,"enemies":"Time Eater","floor":50,"turns":2}],"seed_played":"-4031053807259037432","potions_obtained":[{"floor":1.0,"key":"GhostInAJar"},{"floor":3.0,"key":"Swift Potion"},{"floor":5.0,"key":"Strength Potion"},{"floor":14.0,"key":"Ancient Potion"},{"floor":20.0,"key":"SteroidPotion"},{"floor":33,"key":"Poison Potion"},{"floor":41,"key":"SteroidPotion"}],"is_trial":false,"path_per_floor":["M","?","M","?","M","E","R","?","T","R","M","E","M","E","R","B",null,"M","?","M","$","?","E","R","E","T","R","M","M","M","?","R","B",null,"M","$","M","M","M","R","E","R","T","R","?","$","M","M","R"],"character_chosen":"THE_SILENT","items_purchased":["Metamorphosis","Backstab","Shuriken","PiercingWail","Dexterity Potion","PiercingWail","MealTicket"],"campfire_rested":3,"item_purchase_floors":[21,21,36,36,46,46,46],"current_hp_per_floor":[71,48,48,48,48,35,35,8,8,31,31,25,25,18,18,9,61,70,70,70,70,59,37,62,32,46,46,46,44,34,34,63,9,77,77,77,71,50,48,48,13,13,13,13,13,13,9,9,9,0],"gold":57,"neow_bonus":"TWENTY_PERCENT_HP_BONUS","is_prod":false,"is_daily":false,"chose_seed":false,"campfire_upgraded":7,"win_rate":0,"timestamp":1536243442,"path_taken":["M","?","M","?","M","E","R","?","T","R","?","E","M","E","R","BOSS","M","?","M","$","?","E","R","E","T","R","M","?","M","?","R","BOSS","M","$","M","M","M","R","E","R","T","R","?","?","M","M","R","BOSS"],"build_version":"2018-09-04-v2","purchased_purges":1,"victory":false,"max_hp_per_floor":[78,78,78,78,78,78,78,78,78,78,78,78,78,78,78,78,78,78,78,78,78,78,85,85,85,99,99,99,99,99,99,99,99,99,99,99,99,99,99,99,99,99,99,99,99,99,99,99,99,99],"card_choices":[{"not_picked":["Escape Plan","Concentrate"],"picked":"Cloak And Dagger","floor":1.0},{"not_picked":["Deflect","PiercingWail"],"picked":"Flying Knee","floor":3.0},{"not_picked":["Acrobatics","Quick Slash"],"picked":"Dagger Throw","floor":5.0},{"not_picked":["Bouncing Flask","Skewer"],"picked":"Masterful Stab","floor":6.0},{"not_picked":["Distraction","Underhanded Strike"],"picked":"Predator","floor":11.0},{"not_picked":["Dodge and Roll","Slice"],"picked":"Deflect","floor":12.0},{"not_picked":["Dodge and Roll","Acrobatics"],"picked":"Dash","floor":13.0},{"not_picked":["Dagger Spray","Blade Dance"],"picked":"Venomology","floor":14.0},{"not_picked":["Doppelganger","Phantasmal Killer"],"picked":"Adrenaline","floor":16.0},{"not_picked":["Flechettes","Calculated Gamble"],"picked":"Cloak And Dagger","floor":20.0},{"not_picked":["Prepared","Concentrate"],"picked":"Cloak And Dagger","floor":23.0},{"not_picked":["Distraction","Noxious Fumes+1"],"picked":"Finisher","floor":25.0},{"not_picked":["Bouncing Flask","Flechettes"],"picked":"Blur","floor":28.0},{"not_picked":["Deflect","Underhanded Strike"],"picked":"Cloak And Dagger","floor":29.0},{"not_picked":["Underhanded Strike","Slice"],"picked":"Malaise","floor":30.0},{"not_picked":["Adrenaline","Night Terror"],"picked":"After Image+1","floor":33},{"not_picked":["Cloak And Dagger","All Out Attack"],"picked":"Accuracy+1","floor":35},{"not_picked":["Skewer","Slice+1"],"picked":"Well Laid Plans+1","floor":38},{"not_picked":["Concentrate","Noxious Fumes+1"],"picked":"Backflip","floor":39},{"not_picked":["Blade Dance","Cloak And Dagger"],"picked":"Dash","floor":41},{"not_picked":["Dagger Throw","Masterful Stab+1"],"picked":"Riddle With Holes","floor":47}],"player_experience":1145916,"relics_obtained":[{"floor":6.0,"key":"Anchor"},{"floor":9.0,"key":"Pen Nib"},{"floor":12.0,"key":"Frozen Egg 2"},{"floor":14.0,"key":"Sundial"},{"floor":23.0,"key":"Strawberry"},{"floor":25.0,"key":"Ginger"},{"floor":26.0,"key":"Mango"},{"floor":41,"key":"MawBank"},{"floor":43,"key":"Ninja Scroll"},{"floor":45,"key":"Tough Bandages"}],"event_choices":[{"event_name":"Shining Light","player_choice":"Entered Light","floor":2.0,"damage_taken":0.0},{"event_name":"Purifier","player_choice":"One Purge","floor":4.0,"damage_taken":0.0},{"event_name":"Golden Idol","player_choice":"Take Damage","floor":8.0,"damage_taken":0.0},{"event_name":"Colosseum","player_choice":"Fight","floor":19.0,"damage_taken":0.0},{"event_name":"Colosseum","player_choice":"Fled From Nobs","floor":19.0,"damage_taken":0.0},{"event_name":"Wheel of Change","player_choice":"Damage","floor":22.0,"damage_taken":0.0},{"event_name":"FaceTrader","player_choice":"Trade","floor":31.0,"damage_taken":0.0},{"event_name":"Mysterious Sphere","player_choice":"Fight","floor":45,"damage_taken":0}],"is_beta":true,"boss_relics":[{"not_picked":["Black Star","White Beast Statue"],"picked":"WristBlade"},{"not_picked":["Snecko Eye","HoveringKite"],"picked":"Coffee Dripper"}],"items_purged_floors":[46],"is_endless":false,"potions_floor_spawned":[1,3,5,14,19,20,33,37,41,48],"killed_by":"Time Eater","ascension_level":15}