{"gold_per_floor":[117,117,11,30,47,75,75,109,109,122,54,82,82,117,117,117],"floor_reached":16,"playtime":844,"items_purged":[],"score":179,"play_id":"349783c3-9eba-4587-b3df-078acebad3b9","local_time":"20190507204050","is_ascension_mode":true,"campfire_choices":[{"floor":13,"key":"REST"},{"data":"Uppercut","floor":15,"key":"SMITH"}],"neow_cost":"NONE","seed_source_timestamp":4256290035928846,"circlet_count":0,"master_deck":["Strike_R","Strike_R","Strike_R","Strike_R","Strike_R","Defend_R","Defend_R","Defend_R","Defend_R","Bash","Shockwave","Uppercut+1","Infernal Blade","Feel No Pain","Seeing Red","Inflame","Evolve","Immolate","Burning Pact"],"relics":["Burning Blood","Peace Pipe","Bag of Marbles","Anchor","Orichalcum","Ancient Tea Set","Blue Candle","Bottled Flame"],"potions_floor_usage":[12],"damage_taken":[{"damage":5,"enemies":"Cultist","floor":1,"turns":5},{"damage":2,"enemies":"2 Louse","floor":4,"turns":3},{"damage":2,"enemies":"Jaw Worm","floor":5,"turns":3},{"damage":42,"enemies":"3 Sentries","floor":6,"turns":10},{"damage":33,"enemies":"Gremlin Nob","floor":8,"turns":4},{"damage":0,"enemies":"Large Slime","floor":10,"turns":4},{"damage":23,"enemies":"Lagavulin","floor":12,"turns":6},{"damage":6,"enemies":"Gremlin Nob","floor":14,"turns":3},{"damage":58,"enemies":"The Guardian","floor":16,"turns":14}],"seed_played":"-6641883679358927630","potions_obtained":[{"floor":4,"key":"Regen Potion"},{"floor":6,"key":"BloodPotion"},{"floor":14,"key":"FearPotion"}],"is_trial":false,"path_per_floor":["T","$","?"],"character_chosen":"IRONCLAD","items_purchased":["Uppercut","Infernal Blade","Evolve"],"campfire_rested":1,"item_purchase_floors":[3,3,11],"current_hp_per_floor":[81,81,81,85,88,52,52,25,25,31,31,28,54,54,54,0],"gold":117,"neow_bonus":"TEN_PERCENT_HP_BONUS","is_prod":false,"is_daily":false,"chose_seed":false,"campfire_upgraded":1,"win_rate":0,"timestamp":1557276050,"path_taken":["M","?","?","M","M","E","?","E","T","M","$","E","R","E","R","BOSS"],"build_version":"2019-01-23","purchased_purges":0,"victory":false,"max_hp_per_floor":[88,88,88,88,88,88,88,88,88,88,88,88,88,88,88,88],"card_choices":[{"not_picked":["Warcry","Sword Boomerang"],"picked":"Shockwave","floor":1},{"not_picked":["Combust","Thunderclap","Flex"],"picked":"SKIP","floor":4},{"not_picked":["Rampage","Heavy Blade"],"picked":"Feel No Pain","floor":5},{"not_picked":["Intimidate","Sword Boomerang"],"picked":"Seeing Red","floor":6},{"not_picked":["Hemokinesis","Second Wind","Twin Strike"],"picked":"SKIP","floor":8},{"not_picked":["Seeing Red","Twin Strike"],"picked":"Inflame","floor":10},{"not_picked":["Seeing Red","Perfected Strike"],"picked":"Immolate","floor":12},{"not_picked":["Headbutt","Anger"],"picked":"Burning Pact","floor":14}],"player_experience":308325,"relics_obtained":[{"floor":2,"key":"Peace Pipe"},{"floor":6,"key":"Bag of Marbles"},{"floor":8,"key":"Orichalcum"},{"floor":9,"key":"Ancient Tea Set"},{"floor":12,"key":"Blue Candle"},{"floor":14,"key":"Bottled Flame"}],"event_choices":[{"damage_healed":0,"gold_gain":0,"player_choice":"Gave Potion","damage_taken":0,"relics_obtained":["Anchor"],"max_hp_gain":0,"max_hp_loss":0,"event_name":"WeMeetAgain","floor":7,"gold_loss":0}],"is_beta":false,"boss_relics":[],"items_purged_floors":[],"is_endless":false,"potions_floor_spawned":[4,6,14],"killed_by":"The Guardian","ascension_level":8}