{"gold_per_floor":[115,115,136,58,58,73,73,93,120,193,193,193,209,244,244,364,364,385,406,171,189,208,243,243,243,243,243,243,253,253,270,270,372,372,385,288,298,298,310,310,343,355,355,374,4,43,74,113,113,113],"floor_reached":50,"playtime":4551,"items_purged":["Injury"],"score":772,"play_id":"0f8bf98c-61c3-4022-b3a9-9bbcac1b448c","local_time":"20190509215451","is_ascension_mode":true,"campfire_choices":[{"data":"Clothesline","floor":7,"key":"SMITH"},{"floor":12,"key":"REST"},{"data":"Rage","floor":15,"key":"SMITH"},{"floor":25,"key":"REST"},{"data":"Double Tap","floor":30,"key":"SMITH"},{"data":"Body Slam","floor":32,"key":"SMITH"},{"data":"Entrench","floor":40,"key":"SMITH"},{"data":"Limit Break","floor":49,"key":"SMITH"}],"neow_cost":"PERCENT_DAMAGE","seed_source_timestamp":4429821985841399,"circlet_count":0,"master_deck":["Strike_R+1","Strike_R+1","Strike_R+1","Strike_R+1","Strike_R+1","Defend_R+1","Defend_R+1","Defend_R+1","Defend_R+1","Bash","Battle Trance","Clothesline+1","Metallicize+1","Carnage","Double Tap+1","Carnage","Spot Weakness","Rage+1","Limit Break+1","Shockwave+1","Warcry","Flame Barrier","Blind","True Grit","Battle Trance+1","RitualDagger","Pummel","Body Slam+1","Bludgeon","Entrench+1","Flash of Steel","Battle Trance","Discovery","Finesse","HandOfGreed","Infernal Blade+1","Headbutt+1","Spot Weakness","Ghostly Armor","Havoc","Bludgeon+1","Battle Trance+1"],"relics":["Burning Blood","Bloody Idol","Bronze Scales","Bag of Preparation","Magic Flower","Sozu","Vajra","Letter Opener","Mark of Pain","Happy Flower","Molten Egg 2","Ice Cream"],"potions_floor_usage":[33,50],"damage_taken":[{"damage":3,"enemies":"2 Louse","floor":1,"turns":4},{"damage":12,"enemies":"Jaw Worm","floor":3,"turns":3},{"damage":5,"enemies":"Small Slimes","floor":6,"turns":5},{"damage":12,"enemies":"3 Louse","floor":8,"turns":3},{"damage":27,"enemies":"3 Sentries","floor":10,"turns":8},{"damage":0,"enemies":"2 Fungi Beasts","floor":13,"turns":2},{"damage":17,"enemies":"Gremlin Nob","floor":14,"turns":3},{"damage":35,"enemies":"Slime Boss","floor":16,"turns":13},{"damage":11,"enemies":"Shell Parasite","floor":18,"turns":4},{"damage":6,"enemies":"3 Byrds","floor":19,"turns":4},{"damage":2,"enemies":"Centurion and Healer","floor":21,"turns":6},{"damage":39,"enemies":"Cultist and Chosen","floor":22,"turns":10},{"damage":31,"enemies":"Slavers","floor":23,"turns":7},{"damage":0,"enemies":"3 Cultists","floor":29,"turns":5},{"damage":0,"enemies":"Centurion and Healer","floor":31,"turns":4},{"damage":47,"enemies":"Collector","floor":33,"turns":8},{"damage":9,"enemies":"3 Darklings","floor":35,"turns":4},{"damage":0,"enemies":"Orb Walker","floor":37,"turns":2},{"damage":0,"enemies":"Transient","floor":39,"turns":5},{"damage":33,"enemies":"Reptomancer","floor":41,"turns":5},{"damage":7,"enemies":"Sphere and 2 Shapes","floor":42,"turns":6},{"damage":7,"enemies":"Spire Growth","floor":44,"turns":3},{"damage":1,"enemies":"4 Shapes","floor":46,"turns":3},{"damage":11,"enemies":"Maw","floor":47,"turns":5},{"damage":2,"enemies":"Sphere and 2 Shapes","floor":48,"turns":3},{"damage":115,"enemies":"Time Eater","floor":50,"turns":8}],"seed_played":"-7278894973838959804","potions_obtained":[{"floor":1,"key":"BloodPotion"},{"floor":14,"key":"Dexterity Potion"},{"floor":16,"key":"SneckoOil"}],"is_trial":false,"path_per_floor":["?","?","M","?","?","?","?","?","?"],"character_chosen":"IRONCLAD","items_purchased":["Metallicize","Flame Barrier","Blind","Flash of Steel","Ice Cream","Ghostly Armor"],"campfire_rested":2,"item_purchase_floors":[4,20,20,36,45,45],"current_hp_per_floor":[70,70,64,64,64,65,65,59,59,38,38,66,72,61,61,35,81,79,82,82,89,59,37,37,65,65,65,59,73,73,87,87,54,86,91,91,96,86,96,96,77,84,84,91,91,96,96,96,96,0],"gold":113,"neow_bonus":"TWENTY_PERCENT_HP_BONUS","is_prod":false,"is_daily":false,"chose_seed":false,"campfire_upgraded":6,"win_rate":0,"timestamp":1557453291,"path_taken":["M","?","M","$","?","M","R","?","T","?","?","R","M","E","R","BOSS","M","M","$","M","M","E","?","R","T","?","?","M","R","M","R","BOSS","M","$","M","?","M","R","E","M","T","M","$","M","M","M","R","BOSS"],"build_version":"2019-01-23","purchased_purges":1,"victory":false,"max_hp_per_floor":[96,96,96,96,96,96,96,96,96,96,96,96,96,96,96,96,96,96,96,96,96,96,96,96,96,96,96,96,96,96,96,96,96,96,96,96,96,96,96,96,96,96,96,96,96,96,96,96,96,96],"card_choices":[{"not_picked":["Blood for Blood","True Grit"],"picked":"Battle Trance","floor":1},{"not_picked":["Twin Strike","Perfected Strike"],"picked":"Clothesline","floor":3},{"not_picked":["Anger","Hemokinesis"],"picked":"Carnage","floor":6},{"not_picked":["Anger","Uppercut"],"picked":"Double Tap","floor":8},{"not_picked":["Twin Strike","Infernal Blade"],"picked":"Carnage","floor":10},{"not_picked":["Cleave","Body Slam"],"picked":"Spot Weakness","floor":13},{"not_picked":["Clash","Searing Blow"],"picked":"Rage","floor":14},{"not_picked":["Feed","Impervious"],"picked":"Limit Break","floor":16},{"not_picked":["Ghostly Armor+1","Second Wind"],"picked":"Shockwave+1","floor":18},{"not_picked":["Clothesline","Sword Boomerang"],"picked":"Warcry","floor":19},{"not_picked":["Warcry","Iron Wave","Blood for Blood"],"picked":"SKIP","floor":21},{"not_picked":["Berserk","Iron Wave"],"picked":"True Grit","floor":22},{"not_picked":["Disarm","Reckless Charge"],"picked":"Battle Trance+1","floor":23},{"not_picked":["Searing Blow","Reckless Charge"],"picked":"Pummel","floor":29},{"not_picked":["Clothesline","Flex"],"picked":"Body Slam","floor":31},{"not_picked":["Fiend Fire","Berserk"],"picked":"Bludgeon","floor":33},{"not_picked":["Battle Trance","Clothesline+1"],"picked":"Entrench","floor":35},{"not_picked":["Iron Wave","Warcry+1"],"picked":"Battle Trance","floor":37},{"not_picked":["Sadistic Nature","Mind Blast"],"picked":"Discovery","floor":38},{"not_picked":["Secret Technique","Swift Strike"],"picked":"Finesse","floor":38},{"not_picked":["Dramatic Entrance","Deep Breath"],"picked":"HandOfGreed","floor":38},{"not_picked":["Warcry+1","Thunderclap"],"picked":"Infernal Blade+1","floor":39},{"not_picked":["Thunderclap","Clash+1","Second Wind"],"picked":"SKIP","floor":41},{"not_picked":["Power Through+1","Anger+1"],"picked":"Headbutt+1","floor":42},{"not_picked":["Havoc","Intimidate"],"picked":"Spot Weakness","floor":44},{"not_picked":["Headbutt+1","Sword Boomerang+1"],"picked":"Havoc","floor":46},{"not_picked":["Armaments+1","Feel No Pain+1"],"picked":"Bludgeon+1","floor":47},{"not_picked":["Thunderclap+1","Twin Strike+1"],"picked":"Battle Trance+1","floor":48}],"player_experience":351824,"relics_obtained":[{"floor":9,"key":"Bronze Scales"},{"floor":10,"key":"Bag of Preparation"},{"floor":14,"key":"Magic Flower"},{"floor":23,"key":"Vajra"},{"floor":26,"key":"Letter Opener"},{"floor":41,"key":"Happy Flower"},{"floor":43,"key":"Molten Egg 2"}],"event_choices":[{"damage_healed":0,"gold_gain":0,"player_choice":"Take Wound","damage_taken":0,"relics_obtained":["Golden Idol"],"max_hp_gain":0,"max_hp_loss":0,"event_name":"Golden Idol","floor":2,"gold_loss":0,"cards_obtained":["Injury"]},{"damage_healed":0,"gold_gain":0,"player_choice":"Grow","damage_taken":0,"max_hp_gain":0,"max_hp_loss":0,"event_name":"Living Wall","floor":5,"gold_loss":0,"cards_upgraded":["Metallicize"]},{"damage_healed":0,"gold_gain":30,"player_choice":"Searched \u00272\u0027 times","damage_taken":0,"max_hp_gain":0,"max_hp_loss":0,"event_name":"Dead Adventurer","floor":10,"gold_loss":0},{"damage_healed":0,"gold_gain":0,"player_choice":"Ignored","damage_taken":0,"max_hp_gain":0,"max_hp_loss":0,"event_name":"Shining Light","floor":11,"gold_loss":0},{"damage_healed":0,"gold_gain":0,"player_choice":"Simplicity","damage_taken":0,"max_hp_gain":0,"max_hp_loss":0,"event_name":"Back to Basics","floor":24,"gold_loss":0,"cards_upgraded":["Strike_R","Strike_R","Strike_R","Strike_R","Strike_R","Defend_R","Defend_R","Defend_R","Defend_R"]},{"damage_healed":0,"gold_gain":0,"player_choice":"Gave Idol","damage_taken":0,"relics_obtained":["Bloody Idol"],"max_hp_gain":0,"max_hp_loss":0,"event_name":"Forgotten Altar","floor":27,"relics_lost":["Golden Idol"],"gold_loss":0},{"damage_healed":0,"gold_gain":0,"player_choice":"Joined the Cult","damage_taken":6,"max_hp_gain":0,"max_hp_loss":0,"event_name":"Nest","floor":28,"gold_loss":0,"cards_obtained":["RitualDagger"]},{"damage_healed":0,"gold_gain":0,"player_choice":"Memory 3","damage_taken":10,"max_hp_gain":0,"max_hp_loss":0,"event_name":"SensoryStone","floor":38,"gold_loss":0}],"is_beta":false,"boss_relics":[{"not_picked":["Runic Cube","Calling Bell"],"picked":"Sozu"},{"not_picked":["Velvet Choker","Orrery"],"picked":"Mark of Pain"}],"items_purged_floors":[20],"is_endless":false,"potions_floor_spawned":[1,14,16,18,19,23,31,33,37,39,46,48],"killed_by":"Time Eater","ascension_level":8}