{"gold_per_floor":[119,138,84,159,171,203,203,25,77,108,108,283,283,296,296,392,392,380,397,414,432,531,562,562,14,37,37,53,53,153,169,169,169],"floor_reached":33,"playtime":2271,"items_purged":[],"score":328,"play_id":"eddaa9cc-cc9f-477a-b297-48783e119044","local_time":"20181119151735","is_ascension_mode":true,"campfire_choices":[{"data":"Sucker Punch","floor":7,"key":"SMITH"},{"floor":11,"key":"REST"},{"data":"Bouncing Flask","floor":15,"key":"SMITH"},{"data":"After Image","floor":24,"key":"SMITH"},{"floor":32,"key":"REST"}],"neow_cost":"NONE","seed_source_timestamp":433621715136112,"circlet_count":0,"master_deck":["Defend_G","Defend_G","Defend_G","Defend_G","Strike_G","Strike_G","Strike_G","Survivor","Neutralize","Sucker Punch+1","Flying Knee","Quick Slash","Quick Slash","Corpse Explosion","Leg Sweep","Footwork","Dash","Cloak And Dagger","Bouncing Flask+1","After Image+1","Leg Sweep+1","Cloak And Dagger+1","Slice+1","Terror+1","Leg Sweep","Flying Knee+1","Crippling Poison","Deflect","Caltrops","Deflect","Backflip","Caltrops+1","Acrobatics"],"relics":["Ring of the Snake","Vajra","Lantern","Oddly Smooth Stone","Astrolabe","Strawberry","ClockworkSouvenir","Pear","Bronze Scales","Unceasing Top","Sundial"],"potions_floor_usage":[6,23,30,30,31],"damage_taken":[{"damage":0,"enemies":"Small Slimes","floor":1,"turns":3},{"damage":0,"enemies":"2 Louse","floor":2,"turns":2},{"damage":0,"enemies":"Cultist","floor":5,"turns":3},{"damage":14,"enemies":"Gremlin Nob","floor":6,"turns":4},{"damage":15,"enemies":"3 Sentries","floor":10,"turns":4},{"damage":0,"enemies":"Lots of Slimes","floor":14,"turns":1},{"damage":31,"enemies":"Hexaghost","floor":16,"turns":10},{"damage":19,"enemies":"2 Thieves","floor":18,"turns":4},{"damage":0,"enemies":"Chosen","floor":19,"turns":3},{"damage":13,"enemies":"Snecko","floor":20,"turns":5},{"damage":1,"enemies":"Cultist and Chosen","floor":21,"turns":6},{"damage":1,"enemies":"Book of Stabbing","floor":23,"turns":7},{"damage":21,"enemies":"Snake Plant","floor":28,"turns":4},{"damage":5,"enemies":"Colosseum Slavers","floor":30,"turns":4},{"damage":49,"enemies":"Colosseum Nobs","floor":30,"turns":5},{"damage":15,"enemies":"Centurion and Healer","floor":31,"turns":6},{"damage":34,"enemies":"Collector","floor":33,"turns":7}],"seed_played":"8231915247312470205","potions_obtained":[{"floor":2,"key":"GamblersBrew"},{"floor":10,"key":"GamblersBrew"},{"floor":18,"key":"AttackPotion"},{"floor":19,"key":"Dexterity Potion"},{"floor":28,"key":"Energy Potion"}],"is_trial":false,"path_per_floor":["M","M","$","?","M","E","R","$","T","E","R","?","?","M","R","B",null,"M","M","M","M","?","E","R","$","T","?","M","$","?","M","R","B"],"character_chosen":"THE_SILENT","items_purchased":["Quick Slash","Leg Sweep","Footwork","Dash","ClockworkSouvenir","Caltrops","Pear","Deflect"],"campfire_rested":2,"item_purchase_floors":[3,8,8,8,25,25,25,25],"current_hp_per_floor":[77,77,77,66,66,52,52,52,52,37,60,60,60,60,60,29,77,58,58,45,44,44,50,50,60,60,94,73,73,19,4,32,0],"gold":169,"neow_bonus":"TEN_PERCENT_HP_BONUS","is_prod":false,"is_daily":false,"chose_seed":false,"campfire_upgraded":3,"win_rate":0,"timestamp":1542658655,"path_taken":["M","M","$","?","M","E","R","$","T","E","R","?","?","M","R","BOSS","M","?","M","?","?","E","R","$","T","?","?","?","?","M","R","BOSS"],"build_version":"2018-11-15","purchased_purges":0,"victory":false,"max_hp_per_floor":[77,77,77,77,77,77,77,77,77,77,77,77,77,77,77,77,77,77,77,77,77,77,84,84,94,94,94,94,94,94,94,94,94],"card_choices":[{"not_picked":["Bane","Deflect"],"picked":"Sucker Punch","floor":1},{"not_picked":["Masterful Stab","Accuracy"],"picked":"Flying Knee","floor":2},{"not_picked":["Well Laid Plans","Outmaneuver"],"picked":"Quick Slash","floor":5},{"not_picked":["Accuracy","Masterful Stab"],"picked":"Corpse Explosion","floor":6},{"not_picked":["Calculated Gamble","Night Terror"],"picked":"Cloak And Dagger","floor":10},{"not_picked":["Dodge and Roll","Accuracy"],"picked":"Bouncing Flask","floor":14},{"not_picked":["Tools of the Trade","Bullet Time"],"picked":"After Image","floor":16},{"not_picked":["Sucker Punch","Blade Dance"],"picked":"Terror+1","floor":18},{"not_picked":["Dagger Throw","Deadly Poison"],"picked":"Leg Sweep","floor":19},{"not_picked":["All Out Attack","Blade Dance"],"picked":"Flying Knee+1","floor":20},{"not_picked":["Noxious Fumes","Backstab"],"picked":"Crippling Poison","floor":21},{"not_picked":["Underhanded Strike","Quick Slash"],"picked":"Deflect","floor":23},{"not_picked":["Choke","Terror"],"picked":"Backflip","floor":28},{"not_picked":["Underhanded Strike+1","Choke"],"picked":"Caltrops+1","floor":30},{"not_picked":["Bane","Riddle With Holes"],"picked":"Acrobatics","floor":31}],"player_experience":107975,"relics_obtained":[{"floor":6,"key":"Vajra"},{"floor":9,"key":"Lantern"},{"floor":10,"key":"Oddly Smooth Stone"},{"floor":23,"key":"Strawberry"},{"floor":26,"key":"Bronze Scales"},{"floor":30,"key":"Unceasing Top"},{"floor":30,"key":"Sundial"}],"event_choices":[{"damage_healed":0,"gold_gain":75,"player_choice":"Gather Gold","damage_taken":11,"max_hp_gain":0,"max_hp_loss":0,"event_name":"World of Goop","floor":4,"gold_loss":0},{"damage_healed":0,"gold_gain":175,"player_choice":"AGREE","damage_taken":0,"max_hp_gain":0,"max_hp_loss":0,"event_name":"Liars Game","floor":12,"gold_loss":0,"cards_obtained":["Doubt"]},{"cards_removed":["Doubt"],"damage_healed":0,"gold_gain":0,"player_choice":"Removed Curses","damage_taken":0,"max_hp_gain":0,"max_hp_loss":0,"event_name":"Fountain of Cleansing","floor":13,"gold_loss":0},{"damage_healed":0,"gold_gain":99,"player_choice":"Stole From Cult","damage_taken":0,"max_hp_gain":0,"max_hp_loss":0,"event_name":"Nest","floor":22,"gold_loss":0},{"damage_healed":34,"gold_gain":0,"player_choice":"Full Heal","damage_taken":0,"max_hp_gain":0,"max_hp_loss":0,"event_name":"Wheel of Change","floor":27,"gold_loss":0},{"damage_healed":0,"gold_gain":0,"player_choice":"Fight","damage_taken":0,"max_hp_gain":0,"max_hp_loss":0,"event_name":"Colosseum","floor":30,"gold_loss":0},{"damage_healed":0,"gold_gain":0,"player_choice":"Fought Nobs","damage_taken":0,"max_hp_gain":0,"max_hp_loss":0,"event_name":"Colosseum","floor":30,"gold_loss":0}],"is_beta":false,"boss_relics":[{"not_picked":["Philosopher\u0027s Stone","Orrery"],"picked":"Astrolabe"}],"items_purged_floors":[],"is_endless":false,"potions_floor_spawned":[2,10,18,19,28,30],"killed_by":"Collector","ascension_level":2}