{"gold_per_floor":[115,115,126,138,238,238,255,16,41,59,77,77,89,105,105,210,210,227,44,57,77,2,2,14,14,14,14,14,30,44,44,44,44],"floor_reached":33,"playtime":4370,"items_purged":["Defend_G"],"score":243,"play_id":"a409dc6f-b150-40b7-858e-e801e6a60b73","local_time":"20180916180524","is_ascension_mode":false,"campfire_choices":[{"data":"Leg Sweep","floor":6.0,"key":"SMITH"},{"data":"All Out Attack","floor":12.0,"key":"SMITH"},{"floor":15.0,"key":"REST"},{"floor":23.0,"key":"REST"},{"floor":25.0,"key":"REST"},{"floor":27.0,"key":"REST"},{"floor":32,"key":"REST"}],"neow_cost":"","seed_source_timestamp":0,"circlet_count":0,"master_deck":["Defend_G","Defend_G","Defend_G","Defend_G","Strike_G","Strike_G","Strike_G","Strike_G","Survivor","Neutralize","Blade Dance+1","Quick Slash","Leg Sweep+1","Eviscerate","Secret Weapon","Deadly Poison","All Out Attack+1","Calculated Gamble","Tactician","Adrenaline","Infinite Blades+1","Deadly Poison","Finisher","Acrobatics","Backflip","Glass Knife","All Out Attack","Riddle With Holes"],"special_seed":0,"relics":["Ring of the Snake","PreservedInsect","Fusion Hammer","Ornamental Fan"],"potions_floor_usage":[33],"damage_taken":[{"damage":0.0,"enemies":"Small Slimes","floor":1.0,"turns":4.0},{"damage":1.0,"enemies":"Cultist","floor":3.0,"turns":4.0},{"damage":2.0,"enemies":"Jaw Worm","floor":4.0,"turns":3.0},{"damage":18.0,"enemies":"Gremlin Gang","floor":7.0,"turns":5.0},{"damage":1.0,"enemies":"Blue Slaver","floor":10.0,"turns":4.0},{"damage":0.0,"enemies":"Lots of Slimes","floor":11.0,"turns":2.0},{"damage":8.0,"enemies":"Large Slime","floor":13.0,"turns":4.0},{"damage":16.0,"enemies":"Exordium Thugs","floor":14.0,"turns":5.0},{"damage":31.0,"enemies":"Hexaghost","floor":16.0,"turns":14.0},{"damage":20.0,"enemies":"Shell Parasite","floor":18.0,"turns":7.0},{"damage":5.0,"enemies":"Chosen","floor":20.0,"turns":5.0},{"damage":27.0,"enemies":"Shelled Parasite and Fungi","floor":21.0,"turns":5.0},{"damage":35.0,"enemies":"Cultist and Chosen","floor":24.0,"turns":6.0},{"damage":18.0,"enemies":"Snecko","floor":29.0,"turns":5.0},{"damage":5.0,"enemies":"3 Cultists","floor":30.0,"turns":5.0},{"damage":95,"enemies":"Champ","floor":33,"turns":11}],"seed_played":"-8292353154868020481","potions_obtained":[{"floor":1.0,"key":"GhostInAJar"},{"floor":3.0,"key":"PowerPotion"},{"floor":11.0,"key":"AttackPotion"},{"floor":14.0,"key":"Explosive Potion"},{"floor":16.0,"key":"SteroidPotion"},{"floor":18.0,"key":"EssenceOfSteel"},{"floor":21.0,"key":"PowerPotion"},{"floor":29.0,"key":"Energy Potion"}],"is_trial":false,"path_per_floor":["M","?","M","M","?","R","M","$","T","M","M","R","M","M","R","B",null,"M","$","M","M","$","R","M","R","T","R","?","M","M","?","R"],"character_chosen":"THE_SILENT","items_purchased":["Secret Weapon","Deadly Poison","Transmutation"],"campfire_rested":5,"item_purchase_floors":[8,8,19],"current_hp_per_floor":[70,70,69,67,67,67,49,49,49,48,48,48,40,24,45,14,70,50,50,45,18,18,39,4,25,25,46,80,62,57,57,80,0],"gold":44,"neow_bonus":"","is_prod":false,"is_daily":false,"chose_seed":false,"campfire_upgraded":2,"win_rate":0.0,"timestamp":1537135524,"path_taken":["M","?","M","?","?","R","M","$","T","M","M","R","M","M","R","BOSS","M","$","?","?","?","R","M","R","T","R","?","M","M","?","R","BOSS"],"build_version":"2018-09-06","purchased_purges":1,"victory":false,"max_hp_per_floor":[70,70,70,70,70,70,70,70,70,70,70,70,70,70,70,70,70,70,70,70,70,70,70,70,70,70,70,80,80,80,80,80,80],"card_choices":[{"not_picked":["Flechettes","Blur"],"picked":"Blade Dance","floor":1.0},{"not_picked":["Outmaneuver","Backflip"],"picked":"Quick Slash","floor":3.0},{"not_picked":["Skewer","Slice"],"picked":"Leg Sweep","floor":4.0},{"not_picked":["Noxious Fumes","Quick Slash"],"picked":"Eviscerate","floor":7.0},{"not_picked":["Dagger Spray","Dodge and Roll"],"picked":"All Out Attack","floor":10.0},{"not_picked":["PiercingWail","Poisoned Stab"],"picked":"Calculated Gamble","floor":11.0},{"not_picked":["Malaise","Quick Slash"],"picked":"Prepared","floor":13.0},{"not_picked":["Prepared","Dagger Spray"],"picked":"Tactician","floor":14.0},{"not_picked":["Unload","Malaise"],"picked":"Adrenaline","floor":16.0},{"not_picked":["All Out Attack","PiercingWail"],"picked":"Terror","floor":18.0},{"not_picked":["Flying Knee","Acrobatics"],"picked":"Infinite Blades+1","floor":20.0},{"not_picked":["Dodge and Roll","All Out Attack"],"picked":"Deadly Poison","floor":21.0},{"not_picked":["PiercingWail","Dagger Throw"],"picked":"Finisher","floor":24.0},{"not_picked":["Dodge and Roll","Deflect"],"picked":"Acrobatics","floor":29.0},{"not_picked":["Acrobatics","Prepared"],"picked":"Backflip","floor":30.0}],"player_experience":1866,"relics_obtained":[{"floor":9.0,"key":"PreservedInsect"},{"floor":26.0,"key":"Ornamental Fan"}],"event_choices":[{"event_name":"Upgrade Shrine","player_choice":"Upgraded","floor":2.0,"damage_taken":0.0},{"event_name":"Golden Shrine","player_choice":"Pray","floor":5.0,"damage_taken":0.0},{"event_name":"Bonfire Elementals","player_choice":"RARE","floor":28.0,"damage_taken":0.0},{"event_name":"Drug Dealer","player_choice":"Became Test Subject","floor":31.0,"damage_taken":0.0}],"is_beta":false,"boss_relics":[{"not_picked":["Astrolabe","Busted Crown"],"picked":"Fusion Hammer"}],"items_purged_floors":[22],"is_endless":false,"potions_floor_spawned":[1,3,11,14,16,18,21,29],"killed_by":"Champ","ascension_level":0}