{"gold_per_floor":[118,134,59,77,77,77,108,119,166,201,211,244,254,108,108,207,257,277,296,312,187,201,201,211,211,236,250,100,199,199,253,253,253],"floor_reached":33,"playtime":2236,"items_purged":["Defend_R","Strike_R","Strike_R","Strike_R"],"score":282,"play_id":"f06cd74d-a663-4b52-a873-07b12a325819","local_time":"20190225081855","is_ascension_mode":true,"campfire_choices":[{"data":"Rampage","floor":6.0,"key":"SMITH"},{"floor":15.0,"key":"REST"},{"floor":23,"key":"REST"},{"floor":25,"key":"REST"},{"floor":30,"key":"REST"},{"floor":32,"key":"RECALL"}],"neow_cost":"NONE","seed_source_timestamp":0,"circlet_count":0,"master_deck":["Strike_R","Strike_R+1","Defend_R","Defend_R+1","Defend_R+1","Bash+1","Inflame","Rampage+1","Fire Breathing","Anger","Impervious","Rampage","Armaments","Whirlwind+1","Heavy Blade+1","Iron Wave+1","Iron Wave"],"special_seed":0,"relics":["Burning Blood","Shuriken","War Paint","Potion Belt","Tiny House","Strawberry","Smiling Mask"],"potions_floor_usage":[22,33,33],"damage_taken":[{"damage":1.0,"enemies":"Cultist","floor":1.0,"turns":3.0},{"damage":6.0,"enemies":"Jaw Worm","floor":2.0,"turns":3.0},{"damage":12.0,"enemies":"Small Slimes","floor":4.0,"turns":4.0},{"damage":26.0,"enemies":"Lagavulin","floor":7.0,"turns":6.0},{"damage":4.0,"enemies":"Blue Slaver","floor":8.0,"turns":3.0},{"damage":20.0,"enemies":"Gremlin Nob","floor":10.0,"turns":4.0},{"damage":13.0,"enemies":"Red Slaver","floor":11.0,"turns":3.0},{"damage":9.0,"enemies":"3 Sentries","floor":12.0,"turns":3.0},{"damage":7.0,"enemies":"Exordium Wildlife","floor":13.0,"turns":5.0},{"damage":13.0,"enemies":"Hexaghost","floor":16.0,"turns":9.0},{"damage":35,"enemies":"2 Thieves","floor":18,"turns":4},{"damage":18,"enemies":"Shell Parasite","floor":19,"turns":6},{"damage":15,"enemies":"Snake Plant","floor":20,"turns":5},{"damage":21,"enemies":"Centurion and Healer","floor":22,"turns":6},{"damage":10,"enemies":"Snecko","floor":24,"turns":4},{"damage":26,"enemies":"Snake Plant","floor":27,"turns":4},{"damage":85,"enemies":"Champ","floor":33,"turns":10}],"seed_played":"8592246365909867239","potions_obtained":[{"floor":2.0,"key":"Explosive Potion"},{"floor":7.0,"key":"FearPotion"},{"floor":11.0,"key":"EntropicBrew"},{"floor":12.0,"key":"SkillPotion"},{"floor":16.0,"key":"Dexterity Potion"},{"floor":17,"key":"BloodPotion"},{"floor":18,"key":"Energy Potion"},{"floor":24,"key":"SmokeBomb"},{"floor":27,"key":"Strength Potion"}],"is_trial":false,"path_per_floor":["M","M","$","M","$","R","E","M","T","E","M","E","M","$","R","B",null,"M","M","M","$","M","R","M","R","T","M","$","?","R","T","R","B"],"character_chosen":"IRONCLAD","items_purchased":["Armaments"],"campfire_rested":4,"item_purchase_floors":[14],"current_hp_per_floor":[80,80,80,74,74,74,54,56,56,42,35,32,31,31,55,48,85,56,44,35,35,20,45,41,66,73,53,53,53,80,80,80,0],"gold":253,"neow_bonus":"UPGRADE_CARD","is_prod":false,"is_daily":false,"chose_seed":false,"campfire_upgraded":1,"win_rate":0,"timestamp":1551111535,"path_taken":["M","M","$","M","$","R","E","M","T","E","M","E","M","$","R","BOSS","M","M","M","$","M","R","M","R","T","M","$","?","R","?","R","BOSS"],"build_version":"2019-01-23","purchased_purges":4,"victory":false,"max_hp_per_floor":[80,80,80,80,80,80,80,80,80,80,80,80,80,80,80,80,85,85,85,85,85,85,85,85,85,92,92,92,92,92,92,92,92],"card_choices":[{"not_picked":["Body Slam","Clash","Fire Breathing"],"picked":"SKIP","floor":1.0},{"not_picked":["Anger","Clothesline"],"picked":"Inflame","floor":2.0},{"not_picked":["Flex","Shockwave"],"picked":"Rampage","floor":4.0},{"not_picked":["Thunderclap","Bloodletting","Double Tap"],"picked":"SKIP","floor":7.0},{"not_picked":["Hemokinesis","Sword Boomerang"],"picked":"Fire Breathing","floor":8.0},{"not_picked":["Wild Strike","Offering"],"picked":"Anger","floor":10.0},{"not_picked":["Perfected Strike","Blood for Blood","Dual Wield"],"picked":"SKIP","floor":11.0},{"not_picked":["Clash","Fire Breathing"],"picked":"Impervious","floor":12.0},{"not_picked":["True Grit","Entrench"],"picked":"Rampage","floor":13.0},{"not_picked":["Sever Soul+1","Power Through"],"picked":"Whirlwind+1","floor":18},{"not_picked":["Bloodletting","Clash"],"picked":"Heavy Blade+1","floor":19},{"not_picked":["Rampage","Havoc"],"picked":"Iron Wave+1","floor":20},{"not_picked":["Pommel Strike+1","Flex","Wild Strike"],"picked":"SKIP","floor":22},{"not_picked":["Infernal Blade","Heavy Blade","Second Wind"],"picked":"SKIP","floor":24},{"not_picked":["Feed","Havoc"],"picked":"Iron Wave","floor":27}],"player_experience":107628,"relics_obtained":[{"floor":7.0,"key":"Shuriken"},{"floor":10.0,"key":"War Paint"},{"floor":12.0,"key":"Potion Belt"},{"floor":26,"key":"Strawberry"},{"floor":31,"key":"Smiling Mask"}],"event_choices":[{"damage_healed":0,"gold_gain":99,"player_choice":"Stole From Cult","damage_taken":0,"max_hp_gain":0,"max_hp_loss":0,"event_name":"Nest","floor":29,"gold_loss":0}],"is_beta":false,"boss_relics":[{"not_picked":["Busted Crown","Eternal Feather"],"picked":"Tiny House"}],"items_purged_floors":[3,14,21,28],"is_endless":false,"potions_floor_spawned":[2,7,11,12,16,18,24,27],"killed_by":"Champ","ascension_level":1}