{"gold_per_floor":[118,293,2,2,21,21,36,69,69,132,146,53,53,70,70,174,174,190,203,203,218,55,67,67,95,119,147,147,162,162,176,176,278,278,288,288,305,240,251,286,298,336,348,390,422,469,499,511,523,637,649,676,194,194],"floor_reached":54,"playtime":3778,"items_purged":["Doubt","Strike_G","Strike_G","Strike_G","Writhe"],"score":1513,"play_id":"4ec7065f-b9a0-4aff-af2c-b407e0d78978","local_time":"20181027114338","is_ascension_mode":true,"campfire_choices":[{"data":"infinitespire:Neurotoxin","floor":6.0,"key":"SMITH"},{"data":"Neutralize","floor":13.0,"key":"SMITH"},{"data":"Footwork","floor":15.0,"key":"SMITH"},{"data":"Blur","floor":24.0,"key":"SMITH"},{"data":"Blur","floor":30.0,"key":"SMITH"},{"data":"Catalyst","floor":32.0,"key":"SMITH"},{"data":"Well Laid Plans","floor":41.0,"key":"SMITH"},{"data":"Acrobatics","floor":49.0,"key":"SMITH"}],"neow_cost":"NONE","seed_source_timestamp":0,"circlet_count":4,"master_deck":["Defend_G","Defend_G","Defend_G","Defend_G","Defend_G","Strike_G","Survivor","Neutralize+1","Deadly Poison","Madness+1","Well Laid Plans+1","Crippling Poison","Blur+1","Blur+1","Crippling Poison","Footwork+1","PiercingWail","Venomology","Acrobatics+1","Leg Sweep","Noxious Fumes","Catalyst+1","Doppelganger","PiercingWail","Corpse Explosion","Crippling Poison+1","After Image","Dodge and Roll","Blur","PiercingWail+1","Malaise"],"special_seed":0,"relics":["Ring of the Serpent","Membership Card","Strawberry","Meat on the Bone","Tiny Chest","Coffee Dripper","Circlet","Lee\u0027s Waffle","Prayer Wheel","Oddly Smooth Stone","Happy Flower","Matryoshka","Anchor","Lantern","Velvet Choker","Centennial Puzzle","MawBank","Dodecahedron","Regal Pillow","Boot","Incense Burner","Calipers","TwistedFunnel"],"potions_floor_usage":[],"damage_taken":[{"damage":1.0,"enemies":"2 Louse","floor":1.0,"turns":4.0},{"damage":0.0,"enemies":"Small Slimes","floor":5.0,"turns":5.0},{"damage":0.0,"enemies":"Jaw Worm","floor":7.0,"turns":4.0},{"damage":31.0,"enemies":"Gremlin Nob","floor":8.0,"turns":5.0},{"damage":22.0,"enemies":"3 Sentries","floor":10.0,"turns":15.0},{"damage":0.0,"enemies":"Exordium Wildlife","floor":11.0,"turns":4.0},{"damage":1.0,"enemies":"Looter","floor":14.0,"turns":3.0},{"damage":4.0,"enemies":"Hexaghost","floor":16.0,"turns":10.0},{"damage":0.0,"enemies":"Chosen","floor":18.0,"turns":3.0},{"damage":0.0,"enemies":"Spheric Guardian","floor":19.0,"turns":4.0},{"damage":1.0,"enemies":"Snake Plant","floor":21.0,"turns":3.0},{"damage":4.0,"enemies":"Cultist and Chosen","floor":23.0,"turns":7.0},{"damage":8.0,"enemies":"Book of Stabbing","floor":25.0,"turns":5.0},{"damage":3.0,"enemies":"Slavers","floor":27.0,"turns":12.0},{"damage":0.0,"enemies":"3 Cultists","floor":29.0,"turns":6.0},{"damage":0.0,"enemies":"Centurion and Healer","floor":31.0,"turns":5.0},{"damage":0.0,"enemies":"Champ","floor":33.0,"turns":7.0},{"damage":0.0,"enemies":"3 Shapes","floor":35.0,"turns":4.0},{"damage":0.0,"enemies":"Orb Walker","floor":37.0,"turns":3.0},{"damage":0.0,"enemies":"Maw","floor":39.0,"turns":4.0},{"damage":0.0,"enemies":"Maw","floor":40.0,"turns":2.0},{"damage":0.0,"enemies":"Reptomancer","floor":42.0,"turns":2.0},{"damage":0.0,"enemies":"Reptomancer","floor":44.0,"turns":5.0},{"damage":0.0,"enemies":"3 Darklings","floor":45.0,"turns":3.0},{"damage":0.0,"enemies":"Giant Head","floor":46.0,"turns":4.0},{"damage":0.0,"enemies":"Transient","floor":47.0,"turns":5.0},{"damage":0.0,"enemies":"Donu and Deca","floor":50.0,"turns":9.0},{"damage":0.0,"enemies":"Small Slimes","floor":52.0,"turns":2.0}],"seed_played":"3441142253864140417","potions_obtained":[{"floor":5.0,"key":"Regen Potion"},{"floor":11.0,"key":"Strength Potion"},{"floor":16.0,"key":"SkillPotion"},{"floor":23.0,"key":"Swift Potion"},{"floor":29.0,"key":"AttackPotion"},{"floor":31.0,"key":"Poison Potion"},{"floor":42.0,"key":"infinitespire:BlackPotion"},{"floor":45.0,"key":"EssenceOfSteel"}],"is_trial":false,"path_per_floor":["M","?","$","?","M","R","M","E","T","E","M","$","R","M","R","B",null,"M","M","?","M","$","M","R","E","T","E","?","M","R","M","R","B",null,"M","?","M","$","M","NM","R","E","T","NM","M","E","M","?","R","B",null,"M","$"],"character_chosen":"THE_SILENT","items_purchased":["Membership Card","infinitespire:Neurotoxin","Well Laid Plans","Footwork","PiercingWail","Lee\u0027s Waffle","Corpse Explosion","Centennial Puzzle","Incense Burner","Calipers","TwistedFunnel"],"campfire_rested":0,"item_purchase_floors":[3,3,3,12,12,22,38,38,53,53,53],"current_hp_per_floor":[69,69,69,74,74,74,74,64,64,54,54,54,54,53,53,49,79,79,79,79,78,96,92,92,84,84,81,81,81,81,81,81,81,92,92,92,92,92,92,92,92,92,92,92,92,92,92,92,92,92,95,95,95,95],"gold":194,"neow_bonus":"TEN_PERCENT_HP_BONUS","is_prod":false,"is_daily":false,"chose_seed":false,"campfire_upgraded":8,"win_rate":0,"timestamp":1540633418,"path_taken":["M","?","$","?","M","R","M","E","T","E","M","$","R","M","R","BOSS","M","M","?","M","$","M","R","E","T","E","?","M","R","M","R","BOSS","M","?","M","$","?","NM","R","E","T","NM","M","E","M","?","R","BOSS","M","$","?"],"build_version":"2018-10-25v2","purchased_purges":5,"victory":false,"max_hp_per_floor":[77,77,77,82,82,82,82,89,89,89,89,89,89,89,89,89,89,89,89,89,89,96,96,96,96,96,96,96,96,96,96,96,96,96,96,96,96,96,96,96,96,96,96,96,96,96,96,96,96,96,96,96,96,96],"card_choices":[{"not_picked":["Skewer","Prepared"],"picked":"Deadly Poison","floor":1.0},{"not_picked":["Dagger Spray","Poisoned Stab"],"picked":"Crippling Poison","floor":5.0},{"not_picked":["Slice","Outmaneuver"],"picked":"Blur","floor":7.0},{"not_picked":["Slice","Underhanded Strike"],"picked":"Blur","floor":8.0},{"not_picked":["Sucker Punch","Terror"],"picked":"Crippling Poison","floor":10.0},{"not_picked":["Prepared","Calculated Gamble"],"picked":"Venomology","floor":14.0},{"not_picked":["Die Die Die","Endless Agony"],"picked":"Acrobatics","floor":25.0},{"not_picked":["Slice","Backstab","Sucker Punch+1"],"picked":"SKIP","floor":27.0},{"not_picked":["Terror","Bane"],"picked":"Leg Sweep","floor":29.0},{"not_picked":["Accuracy","Deflect"],"picked":"Noxious Fumes","floor":29.0},{"not_picked":["Acrobatics+1","Unload"],"picked":"Catalyst","floor":31.0},{"not_picked":["Phantasmal Killer","Grand Finale"],"picked":"Doppelganger","floor":33.0},{"not_picked":["Setup","Deadly Poison+1"],"picked":"PiercingWail","floor":37.0},{"not_picked":["Choke","Blur"],"picked":"Crippling Poison+1","floor":40.0},{"not_picked":["Endless Agony","Underhanded Strike"],"picked":"After Image","floor":44.0},{"not_picked":["Quick Slash","Dagger Throw"],"picked":"Dodge and Roll","floor":45.0},{"not_picked":["Dodge and Roll+1","Setup"],"picked":"Blur","floor":46.0},{"not_picked":["Quick Slash","Dagger Spray+1"],"picked":"PiercingWail+1","floor":47.0},{"not_picked":["Tools of the Trade","Burst"],"picked":"Malaise","floor":50.0}],"player_experience":1301996,"relics_obtained":[{"floor":8.0,"key":"Strawberry"},{"floor":9.0,"key":"Meat on the Bone"},{"floor":10.0,"key":"Tiny Chest"},{"floor":25.0,"key":"Prayer Wheel"},{"floor":26.0,"key":"Oddly Smooth Stone"},{"floor":27.0,"key":"Happy Flower"},{"floor":40.0,"key":"MawBank"},{"floor":42.0,"key":"Dodecahedron"},{"floor":43.0,"key":"Regal Pillow"},{"floor":43.0,"key":"infinitespire:WardingShard"},{"floor":44.0,"key":"Boot"},{"floor":46.0,"key":"infinitespire:Lucky Rock"}],"event_choices":[{"damage_healed":0.0,"max_hp_gain":0.0,"max_hp_loss":0.0,"gold_gain":175.0,"event_name":"Liars Game","player_choice":"AGREE","floor":2.0,"gold_loss":0.0,"damage_taken":0.0,"cards_obtained":["Doubt"]},{"damage_healed":0.0,"max_hp_gain":5.0,"max_hp_loss":0.0,"gold_gain":0.0,"event_name":"Big Fish","player_choice":"Donut","floor":4.0,"gold_loss":0.0,"damage_taken":0.0},{"damage_healed":0.0,"max_hp_gain":0.0,"max_hp_loss":0.0,"gold_gain":0.0,"event_name":"WeMeetAgain","player_choice":"Gave Potion","floor":20.0,"gold_loss":0.0,"damage_taken":0.0,"relics_obtained":["infinitespire:Beetle Shell"]},{"damage_healed":0.0,"max_hp_gain":0.0,"max_hp_loss":0.0,"gold_gain":0.0,"event_name":"The Mausoleum","player_choice":"Opened","floor":28.0,"gold_loss":0.0,"damage_taken":0.0,"relics_obtained":["Lantern"],"cards_obtained":["Writhe"]},{"cards_removed":["Strike_G"],"damage_healed":0.0,"max_hp_gain":0.0,"max_hp_loss":0.0,"gold_gain":0.0,"event_name":"Falling","player_choice":"Removed Attack","floor":36.0,"gold_loss":0.0,"damage_taken":0.0},{"damage_healed":0.0,"max_hp_gain":0.0,"max_hp_loss":0.0,"gold_gain":0.0,"event_name":"SensoryStone","player_choice":"Memory 1","floor":48.0,"gold_loss":0.0,"damage_taken":0.0},{"damage_healed":0,"gold_gain":0,"player_choice":"Ignored","damage_taken":0,"max_hp_gain":0,"max_hp_loss":0,"event_name":"Golden Wing","floor":54,"gold_loss":0}],"is_beta":false,"boss_relics":[{"not_picked":["infinitespire:Cupcake","Sozu"],"picked":"Coffee Dripper"},{"not_picked":["Lizard Tail","Fusion Hammer"],"picked":"Velvet Choker"},{"not_picked":["Orrery","Philosopher\u0027s Stone"],"picked":"Ring of the Serpent"}],"items_purged_floors":[3,12,22,38,53],"is_endless":true,"potions_floor_spawned":[5,11,16,18,23,29,31,37,42,45,50],"ascension_level":9}