{"gold_per_floor":[115,290,290,310,326,306,316,341,341,341,369,16,16,36,36,137,137,150,150,150,162,177,204,204,268,268,293,293,14,14,24,24,120,120,134,134,152,152,167,200,210,239,291,323,338,338,338,367,367,367],"floor_reached":51,"playtime":5419,"items_purged":["Doubt"],"score":1280,"play_id":"927a0643-8cbc-4636-a809-77a59930cae5","local_time":"20190506234309","is_ascension_mode":true,"campfire_choices":[{"floor":13,"key":"REST"},{"floor":15,"key":"REST"},{"data":"Footwork","floor":24,"key":"SMITH"},{"floor":28,"key":"REST"},{"floor":32,"key":"REST"},{"data":"Noxious Fumes","floor":46,"key":"SMITH"},{"floor":49,"key":"REST"}],"neow_cost":"NONE","seed_source_timestamp":4176242009393371,"circlet_count":0,"master_deck":["Defend_G","Defend_G","Defend_G","Defend_G","Defend_G","Strike_G","Strike_G","Strike_G","Strike_G","Survivor","Neutralize","Leg Sweep","Blur+1","Night Terror","Backflip","Flying Knee","Cloak And Dagger","Well Laid Plans","Deadly Poison","Blur","Burst+1","Leg Sweep+1","Footwork","Madness+1","Backstab","Expertise+1","Backflip+1","Adrenaline+1","Outmaneuver+1","Ghostly+1","Ghostly+1","Ghostly+1","Ghostly+1","Ghostly+1","Caltrops+1","Terror+1","Footwork+1","Calculated Gamble+1","Envenom","Deadly Poison+1","Catalyst+1","Corpse Explosion+1","Backflip+1","Burst+1","Backflip+1","Backflip+1","Dash+1","Outmaneuver+1","Noxious Fumes+1","Apotheosis+1","Mayhem","Enlightenment+1","Outmaneuver+1"],"relics":["Orrery","Question Card","Letter Opener","Toxic Egg 2","Singing Bowl","Lizard Tail","Calipers","War Paint","Tiny Chest","Snake Skull","Mummified Hand","Bottled Tornado","Philosopher\u0027s Stone","Dead Branch","Dream Catcher","Potion Belt","Centennial Puzzle","Bottled Lightning"],"potions_floor_usage":[7,8,16,33,50],"damage_taken":[{"damage":7,"enemies":"Jaw Worm","floor":1,"turns":6},{"damage":0,"enemies":"Small Slimes","floor":4,"turns":4},{"damage":5,"enemies":"Cultist","floor":5,"turns":6},{"damage":12,"enemies":"Exordium Wildlife","floor":7,"turns":4},{"damage":12,"enemies":"Lagavulin","floor":8,"turns":12},{"damage":26,"enemies":"3 Sentries","floor":11,"turns":14},{"damage":0,"enemies":"Looter","floor":14,"turns":4},{"damage":16,"enemies":"Slime Boss","floor":16,"turns":14},{"damage":9,"enemies":"Chosen","floor":18,"turns":8},{"damage":4,"enemies":"Shell Parasite","floor":21,"turns":16},{"damage":1,"enemies":"Snecko","floor":22,"turns":10},{"damage":4,"enemies":"Book of Stabbing","floor":23,"turns":7},{"damage":5,"enemies":"Slavers","floor":25,"turns":8},{"damage":3,"enemies":"Book of Stabbing","floor":27,"turns":13},{"damage":19,"enemies":"Colosseum Slavers","floor":30,"turns":4},{"damage":2,"enemies":"Centurion and Healer","floor":31,"turns":11},{"damage":4,"enemies":"Champ","floor":33,"turns":14},{"damage":2,"enemies":"3 Darklings","floor":35,"turns":4},{"damage":1,"enemies":"3 Shapes","floor":37,"turns":6},{"damage":0,"enemies":"Spire Growth","floor":39,"turns":7},{"damage":0,"enemies":"Nemesis","floor":40,"turns":9},{"damage":0,"enemies":"Sphere and 2 Shapes","floor":41,"turns":4},{"damage":0,"enemies":"Reptomancer","floor":42,"turns":5},{"damage":0,"enemies":"Giant Head","floor":44,"turns":6},{"damage":0,"enemies":"Transient","floor":45,"turns":5},{"damage":0,"enemies":"Nemesis","floor":48,"turns":8},{"damage":5,"enemies":"Donu and Deca","floor":50,"turns":10}],"seed_played":"5406037023937766680","potions_obtained":[{"floor":1,"key":"FairyPotion"},{"floor":4,"key":"SkillPotion"},{"floor":6,"key":"Explosive Potion"},{"floor":11,"key":"PowerPotion"},{"floor":21,"key":"SteroidPotion"},{"floor":22,"key":"SteroidPotion"},{"floor":31,"key":"Regen Potion"},{"floor":39,"key":"SteroidPotion"},{"floor":40,"key":"GamblersBrew"},{"floor":42,"key":"AttackPotion"},{"floor":44,"key":"EssenceOfSteel"}],"is_trial":false,"path_per_floor":["?","?","?","M","?","?","?","?","?","M","?","M","?"],"character_chosen":"THE_SILENT","items_purchased":["Footwork","Madness+1","Backstab","Expertise+1","Bottled Tornado","Deadly Poison+1"],"campfire_rested":5,"item_purchase_floors":[12,12,12,12,29,29],"current_hp_per_floor":[56,56,38,38,33,33,21,9,9,32,6,6,27,27,48,32,61,52,52,35,31,30,26,26,21,21,18,28,28,9,7,17,28,33,31,31,30,30,30,30,30,32,32,34,36,36,26,28,40,35],"gold":367,"neow_bonus":"BOSS_RELIC","is_prod":false,"is_daily":false,"chose_seed":false,"campfire_upgraded":2,"win_rate":0,"timestamp":1557200589,"path_taken":["M","?","?","M","M","?","?","E","T","?","E","$","R","M","R","BOSS","M","?","?","M","M","E","R","E","T","E","R","$","?","M","R","BOSS","M","?","?","?","M","E","M","E","T","E","?","R","?","E","R","BOSS"],"build_version":"2019-01-23","purchased_purges":1,"victory":true,"max_hp_per_floor":[70,70,70,70,70,70,70,70,70,70,70,70,70,70,70,70,70,70,70,35,35,35,35,35,35,35,35,35,35,35,35,35,35,35,35,35,35,35,35,35,35,37,37,39,41,41,41,43,43,43],"card_choices":[{"not_picked":["Reflex","Calculated Gamble"],"picked":"Leg Sweep","floor":0},{"not_picked":["Dodge and Roll","Finisher"],"picked":"Blur","floor":0},{"not_picked":["Setup","Distraction"],"picked":"Night Terror","floor":0},{"not_picked":["Catalyst","Bane"],"picked":"Backflip","floor":0},{"not_picked":["Riddle With Holes","Deflect"],"picked":"Flying Knee","floor":0},{"not_picked":["Flying Knee","Choke"],"picked":"Cloak And Dagger","floor":1},{"not_picked":["Poisoned Stab","Backflip","Riddle With Holes"],"picked":"Well Laid Plans","floor":4},{"not_picked":["Dagger Throw","Poisoned Stab","Flying Knee"],"picked":"Deadly Poison","floor":5},{"not_picked":["Well Laid Plans","Underhanded Strike","Deadly Poison"],"picked":"Blur","floor":7},{"not_picked":["Dodge and Roll","Heel Hook","Prepared"],"picked":"Burst","floor":8},{"not_picked":["Quick Slash","Expertise+1","Dagger Spray"],"picked":"Leg Sweep+1","floor":11},{"not_picked":["Choke","Quick Slash","Backstab"],"picked":"Backflip+1","floor":14},{"not_picked":["Glass Knife","Night Terror+1","Malaise+1"],"picked":"Adrenaline+1","floor":16},{"not_picked":["Blade Dance+1","Sucker Punch","Flying Knee"],"picked":"Outmaneuver+1","floor":18},{"not_picked":["Well Laid Plans+1","Sucker Punch+1","Expertise+1"],"picked":"Caltrops+1","floor":21},{"not_picked":["Bane+1","Sucker Punch+1","Blade Dance+1"],"picked":"Terror+1","floor":22},{"not_picked":["Predator+1","Flying Knee+1","Cloak And Dagger+1"],"picked":"Footwork","floor":23},{"not_picked":["Dagger Spray","Flying Knee","Deadly Poison+1"],"picked":"Calculated Gamble+1","floor":25},{"not_picked":["Quick Slash+1","Masterful Stab","Escape Plan+1"],"picked":"Envenom","floor":27},{"not_picked":["Riddle With Holes","Bane+1","Endless Agony"],"picked":"Catalyst+1","floor":31},{"not_picked":["Tools of the Trade","Storm of Steel+1","Envenom"],"picked":"Corpse Explosion+1","floor":33},{"not_picked":["Prepared+1","Outmaneuver+1","Finisher"],"picked":"Backflip+1","floor":35},{"not_picked":["Blade Dance+1","Bane","Dodge and Roll+1"],"picked":"Backflip+1","floor":37},{"not_picked":["Prepared+1","Backflip+1","Flying Knee+1"],"picked":"Dash+1","floor":39},{"not_picked":["Deadly Poison+1","Dodge and Roll+1","Dagger Throw+1"],"picked":"Outmaneuver+1","floor":40},{"not_picked":["Endless Agony","All Out Attack+1","Concentrate+1"],"picked":"Noxious Fumes","floor":41},{"not_picked":["Bouncing Flask+1","Grand Finale","All Out Attack","Prepared+1"],"picked":"Singing Bowl","floor":42},{"not_picked":["Quick Slash","Sucker Punch+1","Prepared+1","Setup+1"],"picked":"Singing Bowl","floor":44},{"not_picked":["Quick Slash","Leg Sweep+1","Dagger Spray+1","Bane+1"],"picked":"Singing Bowl","floor":45},{"not_picked":["Secret Technique+1","Madness+1","Master of Strategy+1"],"picked":"Apotheosis+1","floor":47},{"not_picked":["HandOfGreed","Metamorphosis+1","Swift Strike"],"picked":"Mayhem","floor":47},{"not_picked":["Mind Blast","Dark Shackles+1","Swift Strike"],"picked":"Enlightenment+1","floor":47},{"not_picked":["Masterful Stab+1","Blade Dance+1","Distraction+1","Bane"],"picked":"Singing Bowl","floor":48},{"not_picked":["Backflip+1","Dodge and Roll+1","Deflect+1"],"picked":"Outmaneuver+1","floor":49}],"player_experience":292029,"relics_obtained":[{"floor":8,"key":"Letter Opener"},{"floor":9,"key":"Toxic Egg 2"},{"floor":11,"key":"Singing Bowl"},{"floor":23,"key":"War Paint"},{"floor":25,"key":"Tiny Chest"},{"floor":26,"key":"Snake Skull"},{"floor":27,"key":"Mummified Hand"},{"floor":40,"key":"Dead Branch"},{"floor":42,"key":"Dream Catcher"},{"floor":43,"key":"Potion Belt"},{"floor":44,"key":"Centennial Puzzle"},{"floor":48,"key":"Bottled Lightning"}],"event_choices":[{"damage_healed":0,"gold_gain":175,"player_choice":"AGREE","damage_taken":0,"max_hp_gain":0,"max_hp_loss":0,"event_name":"Liars Game","floor":2,"gold_loss":0,"cards_obtained":["Doubt"]},{"damage_healed":0,"gold_gain":0,"player_choice":"Success","damage_taken":18,"relics_obtained":["Question Card"],"max_hp_gain":0,"max_hp_loss":0,"event_name":"Scrap Ooze","floor":3,"gold_loss":0},{"damage_healed":0,"gold_gain":0,"player_choice":"Bought 1 Potion","damage_taken":0,"max_hp_gain":0,"max_hp_loss":0,"event_name":"The Woman in Blue","floor":6,"gold_loss":0},{"damage_healed":23,"gold_gain":0,"player_choice":"Banana","damage_taken":0,"max_hp_gain":0,"max_hp_loss":0,"event_name":"Big Fish","floor":10,"gold_loss":0},{"damage_healed":0,"gold_gain":0,"player_choice":"Opened","damage_taken":0,"relics_obtained":["Calipers"],"max_hp_gain":0,"max_hp_loss":0,"event_name":"The Mausoleum","floor":19,"gold_loss":0},{"damage_healed":0,"gold_gain":0,"player_choice":"Became a Ghost","damage_taken":0,"max_hp_gain":0,"max_hp_loss":35,"event_name":"Ghosts","floor":20,"gold_loss":0,"cards_obtained":["Ghostly","Ghostly","Ghostly","Ghostly","Ghostly"]},{"damage_healed":0,"gold_gain":0,"player_choice":"Fight","damage_taken":0,"max_hp_gain":0,"max_hp_loss":0,"event_name":"Colosseum","floor":30,"gold_loss":0},{"damage_healed":0,"gold_gain":0,"player_choice":"Fled From Nobs","damage_taken":0,"max_hp_gain":0,"max_hp_loss":0,"event_name":"Colosseum","floor":30,"gold_loss":0},{"damage_healed":0,"gold_gain":0,"player_choice":"Copied","damage_taken":0,"max_hp_gain":0,"max_hp_loss":0,"event_name":"Duplicator","floor":36,"gold_loss":0,"cards_obtained":["Burst"]},{"damage_healed":0,"gold_gain":0,"cards_transformed":["Strike_G"],"player_choice":"Transformed","damage_taken":0,"max_hp_gain":0,"max_hp_loss":0,"event_name":"Transmorgrifier","floor":38,"gold_loss":0,"cards_obtained":["Backflip"]},{"damage_healed":0,"gold_gain":0,"player_choice":"Memory 3","damage_taken":10,"max_hp_gain":0,"max_hp_loss":0,"event_name":"SensoryStone","floor":47,"gold_loss":0}],"is_beta":false,"boss_relics":[{"not_picked":["Calling Bell","Empty Cage"],"picked":"Lizard Tail"},{"not_picked":["HoveringKite","Cursed Key"],"picked":"Philosopher\u0027s Stone"}],"items_purged_floors":[12],"is_endless":false,"potions_floor_spawned":[1,4,11,21,22,30,31,39,40,42,44],"ascension_level":6}