{"gold_per_floor":[116,116,116,135,148,148,165,179,179,179,195,195,213,18,18,113,113,127,227,227,55,68,68,68,81,81,2,16,16,36,36,36,135,135,146,159,0,20,33,33,33,44,44,44,56,56,5,17,17,17],"floor_reached":50,"playtime":7781,"items_purged":["Strike_G","Strike_G"],"score":463,"play_id":"cfb1224a-8d9f-4a81-94e7-f917591a095f","local_time":"20190528191802","is_ascension_mode":false,"campfire_choices":[{"data":"Neutralize","floor":6,"key":"SMITH"},{"data":"Bane","floor":10,"key":"SMITH"},{"data":"Footwork","floor":15,"key":"SMITH"},{"floor":23,"key":"REST"},{"floor":32,"key":"REST"},{"floor":40,"key":"REST"},{"data":"Bouncing Flask","floor":46,"key":"SMITH"},{"floor":49,"key":"REST"}],"neow_cost":"NONE","seed_source_timestamp":3925866109900,"circlet_count":0,"master_deck":["Defend_G","Defend_G","Defend_G","Defend_G","Defend_G","Strike_G","Strike_G","Survivor","Neutralize+1","Noxious Fumes+1","Backflip","Bane+1","Quick Slash","Blur","Bane","Caltrops+1","Heel Hook","Footwork+1","Dodge and Roll","Malaise+1","Dodge and Roll","Bouncing Flask+1","Skewer+1","Well Laid Plans","Backstab","Blur+1","Parasite","Escape Plan+1","Doubt","Dodge and Roll+1"],"relics":["Ring of the Snake","Kunai","WristBlade","Ginger","Mummified Hand","MutagenicStrength","Bottled Tornado","Lizard Tail","Red Mask","Bottled Lightning"],"potions_floor_usage":[16,19,33,42,45,50,50],"damage_taken":[{"damage":0,"enemies":"2 Louse","floor":1,"turns":3},{"damage":5,"enemies":"Small Slimes","floor":4,"turns":5},{"damage":0,"enemies":"Cultist","floor":5,"turns":6},{"damage":0,"enemies":"Blue Slaver","floor":7,"turns":5},{"damage":0,"enemies":"Exordium Wildlife","floor":8,"turns":5},{"damage":3,"enemies":"Red Slaver","floor":11,"turns":5},{"damage":0,"enemies":"Blue Slaver","floor":13,"turns":5},{"damage":5,"enemies":"Slime Boss","floor":16,"turns":10},{"damage":4,"enemies":"3 Byrds","floor":18,"turns":6},{"damage":18,"enemies":"Colosseum Slavers","floor":19,"turns":6},{"damage":29,"enemies":"Colosseum Nobs","floor":19,"turns":6},{"damage":0,"enemies":"Chosen","floor":22,"turns":5},{"damage":8,"enemies":"Centurion and Healer","floor":25,"turns":8},{"damage":0,"enemies":"Snecko","floor":28,"turns":5},{"damage":9,"enemies":"Sentry and Sphere","floor":30,"turns":7},{"damage":8,"enemies":"Champ","floor":33,"turns":16},{"damage":3,"enemies":"3 Shapes","floor":35,"turns":5},{"damage":36,"enemies":"3 Darklings","floor":36,"turns":6},{"damage":37,"enemies":"Transient","floor":38,"turns":5},{"damage":7,"enemies":"Writhing Mass","floor":39,"turns":7},{"damage":15,"enemies":"Jaw Worm Horde","floor":42,"turns":5},{"damage":24,"enemies":"Maw","floor":45,"turns":10},{"damage":10,"enemies":"Spire Growth","floor":48,"turns":6},{"damage":86,"enemies":"Donu and Deca","floor":50,"turns":10}],"seed_played":"1065202617294194602","potions_obtained":[{"floor":5,"key":"Fire Potion"},{"floor":8,"key":"LiquidBronze"},{"floor":13,"key":"Poison Potion"},{"floor":22,"key":"AttackPotion"},{"floor":25,"key":"Ancient Potion"},{"floor":42,"key":"Regen Potion"},{"floor":45,"key":"SmokeBomb"}],"is_trial":false,"path_per_floor":["M","?","?","M","M","R","M","M","T","R","M","?","M","$","R","B",null,"M","?","?","$","M","R","?","M","T","$","M","?","M","?","R","B",null,"M","M","?","M","M","R","?","M","T","?","M","R","$","M","R","B"],"character_chosen":"THE_SILENT","items_purchased":["Footwork","Dodge and Roll","Bouncing Flask","Well Laid Plans","Block Potion"],"campfire_rested":4,"item_purchase_floors":[14,14,21,27,47],"current_hp_per_floor":[70,70,70,65,65,65,65,65,65,65,62,62,62,62,62,57,70,66,19,42,42,42,63,63,55,55,55,55,55,46,46,67,59,70,67,31,31,35,28,49,49,34,34,70,61,61,61,51,70,0],"gold":17,"neow_bonus":"REMOVE_CARD","is_prod":false,"is_daily":false,"chose_seed":false,"campfire_upgraded":4,"win_rate":0.0,"timestamp":1559085482,"path_taken":["M","?","?","M","M","R","M","M","T","R","M","?","M","$","R","BOSS","M","?","?","?","?","R","?","M","T","$","M","?","?","?","R","BOSS","M","M","?","M","M","R","?","?","T","?","M","R","$","M","R","BOSS"],"build_version":"2019-01-23","purchased_purges":2,"victory":false,"max_hp_per_floor":[70,70,70,70,70,70,70,70,70,70,70,70,70,70,70,70,70,70,70,70,70,70,70,70,70,70,70,70,70,70,70,70,70,70,70,70,70,70,70,70,70,70,70,70,70,70,70,70,70,70],"card_choices":[{"not_picked":["Flying Knee","Acrobatics"],"picked":"Noxious Fumes","floor":1},{"not_picked":["Flying Knee","Eviscerate"],"picked":"Backflip","floor":4},{"not_picked":["Endless Agony","Underhanded Strike","Masterful Stab"],"picked":"SKIP","floor":5},{"not_picked":["Sucker Punch","Flechettes"],"picked":"Bane","floor":7},{"not_picked":["Dagger Throw","Prepared"],"picked":"Quick Slash","floor":8},{"not_picked":["Slice","Outmaneuver"],"picked":"Blur","floor":11},{"not_picked":["Dodge and Roll","Underhanded Strike"],"picked":"Heel Hook","floor":13},{"not_picked":["A Thousand Cuts","After Image"],"picked":"Malaise","floor":16},{"not_picked":["Predator","Crippling Poison+1"],"picked":"Dodge and Roll","floor":18},{"not_picked":["Underhanded Strike","Deflect","All Out Attack+1"],"picked":"SKIP","floor":22},{"not_picked":["Finisher","Acrobatics"],"picked":"Skewer+1","floor":25},{"not_picked":["Sucker Punch+1","Expertise"],"picked":"Backstab","floor":28},{"not_picked":["Blade Dance","Dagger Throw","Bane"],"picked":"SKIP","floor":30},{"not_picked":["Underhanded Strike+1","Poisoned Stab","Skewer"],"picked":"SKIP","floor":35},{"not_picked":["Quick Slash","Well Laid Plans","Reflex+1"],"picked":"SKIP","floor":36},{"not_picked":["Poisoned Stab","Flechettes"],"picked":"Blur+1","floor":38},{"not_picked":["Flying Knee","Poisoned Stab+1","Slice+1"],"picked":"SKIP","floor":39},{"not_picked":["Dagger Throw+1","Blade Dance"],"picked":"Escape Plan+1","floor":42},{"not_picked":["Sucker Punch+1","Deadly Poison","Riddle With Holes"],"picked":"SKIP","floor":45},{"not_picked":["Blade Dance","Prepared"],"picked":"Dodge and Roll+1","floor":48}],"player_experience":31273,"relics_obtained":[{"floor":9,"key":"Kunai"},{"floor":19,"key":"Ginger"},{"floor":19,"key":"Mummified Hand"},{"floor":26,"key":"Bottled Tornado"},{"floor":43,"key":"Bottled Lightning"}],"event_choices":[{"damage_healed":0,"gold_gain":0,"player_choice":"Grow","damage_taken":0,"max_hp_gain":0,"max_hp_loss":0,"event_name":"Living Wall","floor":2,"gold_loss":0,"cards_upgraded":["Noxious Fumes"]},{"damage_healed":0,"gold_gain":0,"player_choice":"Ignored","damage_taken":0,"max_hp_gain":0,"max_hp_loss":0,"event_name":"Liars Game","floor":3,"gold_loss":0},{"damage_healed":0,"gold_gain":0,"player_choice":"2 cards matched","damage_taken":0,"max_hp_gain":0,"max_hp_loss":0,"event_name":"Match and Keep!","floor":12,"gold_loss":0,"cards_obtained":["Bane","Caltrops"]},{"damage_healed":0,"gold_gain":0,"player_choice":"Fight","damage_taken":0,"max_hp_gain":0,"max_hp_loss":0,"event_name":"Colosseum","floor":19,"gold_loss":0},{"damage_healed":0,"gold_gain":0,"player_choice":"Fought Nobs","damage_taken":0,"max_hp_gain":0,"max_hp_loss":0,"event_name":"Colosseum","floor":19,"gold_loss":0},{"damage_healed":23,"gold_gain":0,"player_choice":"Heal","damage_taken":0,"max_hp_gain":0,"max_hp_loss":0,"event_name":"The Library","floor":20,"gold_loss":0},{"damage_healed":0,"gold_gain":0,"player_choice":"Inject Mutagens","damage_taken":0,"relics_obtained":["MutagenicStrength"],"max_hp_gain":0,"max_hp_loss":0,"event_name":"Drug Dealer","floor":24,"gold_loss":0},{"damage_healed":0,"gold_gain":0,"player_choice":"Upgraded","damage_taken":0,"max_hp_gain":0,"max_hp_loss":0,"event_name":"Upgrade Shrine","floor":29,"gold_loss":0,"cards_upgraded":["Malaise"]},{"damage_healed":0,"gold_gain":0,"player_choice":"Ignored","damage_taken":0,"max_hp_gain":0,"max_hp_loss":0,"event_name":"Ghosts","floor":31,"gold_loss":0},{"damage_healed":0,"gold_gain":0,"player_choice":"Paid","damage_taken":0,"relics_obtained":["Red Mask"],"max_hp_gain":0,"max_hp_loss":0,"event_name":"Tomb of Lord Red Mask","floor":37,"gold_loss":159},{"damage_healed":0,"gold_gain":0,"player_choice":"Upgraded","damage_taken":0,"max_hp_gain":0,"max_hp_loss":0,"event_name":"Upgrade Shrine","floor":41,"gold_loss":0,"cards_upgraded":["Caltrops"]},{"damage_healed":36,"gold_gain":0,"player_choice":"Heal","damage_taken":0,"max_hp_gain":0,"max_hp_loss":0,"event_name":"MindBloom","floor":44,"gold_loss":0,"cards_obtained":["Doubt"]}],"is_beta":false,"boss_relics":[{"not_picked":["Ring of the Serpent","Astrolabe"],"picked":"WristBlade"},{"not_picked":["Runic Pyramid","HoveringKite"],"picked":"Lizard Tail"}],"items_purged_floors":[14,21],"is_endless":false,"potions_floor_spawned":[5,8,13,22,25,30,42,45],"killed_by":"Donu and Deca","ascension_level":0}