{"gold_per_floor":[118,138,138,63,63,138,138,151,151,175,175,75,88,123,123,226,276,288,363,374,393,268,268,367,567,567,587,587,604,620,655,655,655],"floor_reached":33,"playtime":700,"items_purged":["Strike_R","Defend_R","Defend_R"],"score":265,"play_id":"bc50020f-cad8-463c-bd62-b7d6b99baaa8","local_time":"20190416121210","is_ascension_mode":false,"campfire_choices":[{"data":"Rampage","floor":7,"key":"SMITH"},{"data":"Defend_R","floor":11,"key":"SMITH"},{"data":"Flame Barrier","floor":15,"key":"SMITH"},{"data":"Bash","floor":23,"key":"SMITH"},{"data":"Defend_R","floor":28,"key":"SMITH"},{"floor":32,"key":"REST"}],"neow_cost":"NONE","seed_source_timestamp":487769026974640,"circlet_count":0,"master_deck":["Strike_R+1","Strike_R","Defend_R+1","Defend_R+1","Bash+1","Rampage+1","Flame Barrier+1"],"relics":["Burning Blood","Darkstone Periapt","Omamori","Strawberry","Tiny House","Dream Catcher","Pen Nib"],"potions_floor_usage":[14,16,16,21,30,31,33,33],"damage_taken":[{"damage":1,"enemies":"Cultist","floor":1,"turns":3},{"damage":1,"enemies":"Jaw Worm","floor":2,"turns":3},{"damage":0,"enemies":"Small Slimes","floor":8,"turns":3},{"damage":4,"enemies":"Looter","floor":13,"turns":3},{"damage":31,"enemies":"Gremlin Nob","floor":14,"turns":5},{"damage":26,"enemies":"Hexaghost","floor":16,"turns":9},{"damage":0,"enemies":"Chosen","floor":18,"turns":4},{"damage":0,"enemies":"3 Byrds","floor":20,"turns":3},{"damage":27,"enemies":"3 Cultists","floor":21,"turns":7},{"damage":4,"enemies":"Centurion and Healer","floor":27,"turns":5},{"damage":21,"enemies":"Sentry and Sphere","floor":29,"turns":8},{"damage":1,"enemies":"Snake Plant","floor":30,"turns":3},{"damage":23,"enemies":"Book of Stabbing","floor":31,"turns":5},{"damage":71,"enemies":"Collector","floor":33,"turns":10}],"seed_played":"-7451840984829437353","potions_obtained":[{"floor":2,"key":"Poison Potion"},{"floor":13,"key":"Explosive Potion"},{"floor":14,"key":"Block Potion"},{"floor":16,"key":"Energy Potion"},{"floor":17,"key":"SkillPotion"},{"floor":27,"key":"EssenceOfSteel"},{"floor":30,"key":"SkillPotion"},{"floor":31,"key":"Strength Potion"}],"is_trial":false,"path_per_floor":["M","M","?","$","?","?","R","M","T","T","R","$","M","E","R","B",null,"M","?","M","M","$","R","?","?","T","M","R","M","M","E","R","B"],"character_chosen":"IRONCLAD","items_purchased":[],"campfire_rested":1,"item_purchase_floors":[],"current_hp_per_floor":[80,80,80,80,73,62,62,68,68,68,68,68,70,52,52,32,92,92,83,89,68,68,68,68,68,68,70,70,55,60,43,70,0],"gold":655,"neow_bonus":"REMOVE_CARD","is_prod":false,"is_daily":false,"chose_seed":false,"campfire_upgraded":5,"win_rate":0,"timestamp":1555409530,"path_taken":["M","?","?","$","?","?","R","?","T","?","R","?","?","E","R","BOSS","M","?","?","?","$","R","?","?","T","?","R","M","M","E","R","BOSS"],"build_version":"2019-01-23","purchased_purges":3,"victory":false,"max_hp_per_floor":[80,80,80,80,80,80,80,80,80,80,80,80,80,87,87,87,92,92,92,92,92,92,92,92,92,92,92,92,92,92,92,92,92],"card_choices":[{"not_picked":["True Grit","Anger"],"picked":"Rampage","floor":1},{"not_picked":["Warcry","Sword Boomerang","Cleave"],"picked":"SKIP","floor":2},{"not_picked":["Fiend Fire","Seeing Red","Flex"],"picked":"SKIP","floor":8},{"not_picked":["Pommel Strike","Reckless Charge"],"picked":"Flame Barrier","floor":13},{"not_picked":["Headbutt","Seeing Red","Anger"],"picked":"SKIP","floor":14},{"not_picked":["Sword Boomerang","Flame Barrier","Headbutt+1"],"picked":"SKIP","floor":18},{"not_picked":["Heavy Blade","Clothesline+1","Searing Blow"],"picked":"SKIP","floor":20},{"not_picked":["Sword Boomerang+1","Warcry","Anger"],"picked":"SKIP","floor":21},{"not_picked":["Sever Soul","Flex","Cleave"],"picked":"SKIP","floor":27},{"not_picked":["Brutality","Sword Boomerang","Flex"],"picked":"SKIP","floor":29},{"not_picked":["Headbutt","Sword Boomerang+1","Dropkick+1"],"picked":"SKIP","floor":30},{"not_picked":["Sword Boomerang","Heavy Blade","Rage"],"picked":"SKIP","floor":31}],"player_experience":178687,"relics_obtained":[{"floor":9,"key":"Darkstone Periapt"},{"floor":10,"key":"Omamori"},{"floor":14,"key":"Strawberry"},{"floor":26,"key":"Dream Catcher"},{"floor":31,"key":"Pen Nib"}],"event_choices":[{"damage_healed":0,"gold_gain":0,"player_choice":"Ignored","damage_taken":0,"max_hp_gain":0,"max_hp_loss":0,"event_name":"Liars Game","floor":3,"gold_loss":0},{"cards_removed":["Strike_R"],"damage_healed":0,"gold_gain":0,"player_choice":"Card Removal","damage_taken":7,"max_hp_gain":0,"max_hp_loss":0,"event_name":"Golden Wing","floor":5,"gold_loss":0},{"damage_healed":0,"gold_gain":75,"player_choice":"Gather Gold","damage_taken":11,"max_hp_gain":0,"max_hp_loss":0,"event_name":"World of Goop","floor":6,"gold_loss":0},{"damage_healed":0,"gold_gain":75,"player_choice":"Touch","damage_taken":9,"max_hp_gain":0,"max_hp_loss":0,"event_name":"FaceTrader","floor":19,"gold_loss":0},{"damage_healed":0,"gold_gain":99,"player_choice":"Stole From Cult","damage_taken":0,"max_hp_gain":0,"max_hp_loss":0,"event_name":"Nest","floor":24,"gold_loss":0},{"damage_healed":0,"gold_gain":250,"player_choice":"Bet on Owner","damage_taken":0,"max_hp_gain":0,"max_hp_loss":0,"event_name":"The Joust","floor":25,"gold_loss":50}],"is_beta":false,"boss_relics":[{"not_picked":["Runic Cube","Snecko Eye"],"picked":"Tiny House"}],"items_purged_floors":[4,12,22],"is_endless":false,"potions_floor_spawned":[2,13,14,16,27,30,31],"killed_by":"Collector","ascension_level":0}