{"gold_per_floor":[116,191,211,226,226,256,256,276,276,306,326,338,354,384,384,384],"floor_reached":16,"playtime":2501,"items_purged":[],"score":124,"play_id":"7a74d512-d471-486f-90cc-f015aab5fe31","local_time":"20190105002518","is_ascension_mode":false,"campfire_choices":[{"floor":15,"key":"REST"}],"neow_cost":"NONE","seed_source_timestamp":17535396815490,"circlet_count":0,"master_deck":["Strike_B","Strike_B","Strike_B","Defend_B","Defend_B","Defend_B","Zap","Dualcast","Self Repair","Go for the Eyes","Auto Shields","Gash","Streamline","Conserve Battery"],"relics":["Cracked Core","Happy Flower","Nunchaku","Toxic Egg 2"],"potions_floor_usage":[6,6,14,16],"damage_taken":[{"damage":6,"enemies":"Jaw Worm","floor":1,"turns":3},{"damage":0,"enemies":"2 Louse","floor":3,"turns":2},{"damage":4,"enemies":"Cultist","floor":4,"turns":3},{"damage":34,"enemies":"Lagavulin","floor":6,"turns":11},{"damage":9,"enemies":"3 Louse","floor":8,"turns":3},{"damage":33,"enemies":"3 Sentries","floor":10,"turns":11},{"damage":2,"enemies":"Blue Slaver","floor":11,"turns":4},{"damage":1,"enemies":"Red Slaver","floor":12,"turns":3},{"damage":0,"enemies":"Looter","floor":13,"turns":3},{"damage":7,"enemies":"Gremlin Nob","floor":14,"turns":5},{"damage":59,"enemies":"The Guardian","floor":16,"turns":11}],"seed_played":"561745759660021216","potions_obtained":[{"floor":3,"key":"SpeedPotion"},{"floor":4,"key":"FearPotion"},{"floor":11,"key":"PowerPotion"},{"floor":12,"key":"LiquidBronze"},{"floor":14,"key":"FocusPotion"}],"is_trial":false,"path_per_floor":["M","?","M","M","?","E","?","M","T","E","M","M","M","E","R","B"],"character_chosen":"DEFECT","items_purchased":[],"campfire_rested":1,"item_purchase_floors":[],"current_hp_per_floor":[76,65,72,75,68,41,41,39,39,13,18,24,31,31,55,0],"gold":384,"neow_bonus":"TEN_PERCENT_HP_BONUS","is_prod":false,"is_daily":false,"chose_seed":false,"campfire_upgraded":0,"win_rate":0,"timestamp":1546644318,"path_taken":["M","?","M","M","?","E","?","M","T","E","M","M","?","E","R","BOSS"],"build_version":"2019-01-03v4","purchased_purges":0,"victory":false,"max_hp_per_floor":[82,82,82,82,82,82,82,82,82,82,82,82,82,82,82,82],"card_choices":[{"not_picked":["Hologram","Chill"],"picked":"Self Repair","floor":1},{"not_picked":["Gash","Redo"],"picked":"Go for the Eyes","floor":3},{"not_picked":["Gash","Steam Power"],"picked":"Auto Shields","floor":4},{"not_picked":["Darkness","Static Discharge"],"picked":"Gash","floor":6},{"not_picked":["Glacier","Amplify","Coolheaded"],"picked":"SKIP","floor":8},{"not_picked":["Beam Cell","Redo","Storm"],"picked":"SKIP","floor":10},{"not_picked":["Beam Cell","Loop","BootSequence"],"picked":"SKIP","floor":11},{"not_picked":["Steam","Fusion"],"picked":"Streamline","floor":12},{"not_picked":["Lockon","Turbo"],"picked":"Conserve Battery","floor":13},{"not_picked":["Melter","Capacitor","Steam"],"picked":"SKIP","floor":14}],"player_experience":71488,"relics_obtained":[{"floor":6,"key":"Happy Flower"},{"floor":10,"key":"Nunchaku"},{"floor":14,"key":"Toxic Egg 2"}],"event_choices":[{"damage_healed":0,"gold_gain":75,"player_choice":"Gather Gold","damage_taken":11,"max_hp_gain":0,"max_hp_loss":0,"event_name":"World of Goop","floor":2,"gold_loss":0},{"cards_removed":["Defend_B"],"damage_healed":0,"gold_gain":0,"player_choice":"Card Removal","damage_taken":7,"max_hp_gain":0,"max_hp_loss":0,"event_name":"Golden Wing","floor":5,"gold_loss":0},{"cards_removed":["Strike_B"],"damage_healed":0,"gold_gain":0,"player_choice":"Purged","damage_taken":0,"max_hp_gain":0,"max_hp_loss":0,"event_name":"Purifier","floor":7,"gold_loss":0}],"is_beta":false,"boss_relics":[],"items_purged_floors":[],"is_endless":false,"potions_floor_spawned":[3,4,11,12,14],"killed_by":"The Guardian","ascension_level":0}