{"gold_per_floor":[111,127,147,72,72,72,105,124,177,177,127,145,159,173,173,277,277],"floor_reached":17,"playtime":707,"items_purged":["Strike_R"],"score":167,"play_id":"7a1cd1d6-6cb7-44d5-bf60-7b9e94926438","local_time":"20190130122950","is_ascension_mode":true,"campfire_choices":[{"data":"Limit Break","floor":6,"key":"SMITH"},{"data":"Armaments","floor":10,"key":"SMITH"},{"floor":15,"key":"REST"}],"neow_cost":"NONE","seed_source_timestamp":129226920604378,"circlet_count":0,"master_deck":["Bash","Limit Break+1","Shrug It Off+1","Headbutt+1","Berserk+1","Armaments+1","Double Tap","Limit Break","Thunderclap","Brutality","Flex","Exhume","Whirlwind","Fiend Fire"],"relics":["Burning Blood","War Paint","Tiny Chest","Pandora\u0027s Box"],"potions_floor_usage":[7,8,13],"damage_taken":[{"damage":5,"enemies":"Small Slimes","floor":1,"turns":3},{"damage":0,"enemies":"2 Louse","floor":2,"turns":4},{"damage":0,"enemies":"Cultist","floor":3,"turns":3},{"damage":29,"enemies":"Lagavulin","floor":7,"turns":8},{"damage":0,"enemies":"Looter","floor":8,"turns":4},{"damage":17,"enemies":"Lots of Slimes","floor":12,"turns":6},{"damage":13,"enemies":"Large Slime","floor":13,"turns":5},{"damage":0,"enemies":"2 Fungi Beasts","floor":14,"turns":4},{"damage":56,"enemies":"Slime Boss","floor":16,"turns":22}],"seed_played":"5107811856758933171","potions_obtained":[{"floor":1,"key":"Fire Potion"},{"floor":7,"key":"SteroidPotion"},{"floor":12,"key":"Fire Potion"},{"floor":16,"key":"Poison Potion"}],"is_trial":false,"path_per_floor":["M","M","M","$","?","R","E","M","T","R","?","M","M","M","R","B",null],"character_chosen":"IRONCLAD","items_purchased":[],"campfire_rested":1,"item_purchase_floors":[],"current_hp_per_floor":[80,80,80,80,64,64,41,47,47,47,47,36,29,35,59,9,80],"gold":277,"neow_bonus":"ONE_RANDOM_RARE_CARD","is_prod":false,"is_daily":false,"chose_seed":false,"campfire_upgraded":2,"win_rate":0,"timestamp":1548847790,"path_taken":["M","M","M","$","?","R","E","M","T","R","?","M","M","M","R","BOSS"],"build_version":"2019-01-23","purchased_purges":1,"victory":false,"max_hp_per_floor":[80,80,80,80,80,80,80,80,80,80,80,80,80,80,80,80,80],"card_choices":[{"not_picked":["Combust","Corruption"],"picked":"Shrug It Off","floor":1},{"not_picked":["Sword Boomerang","Iron Wave"],"picked":"Headbutt","floor":2},{"not_picked":["Fire Breathing","True Grit"],"picked":"Berserk","floor":3},{"not_picked":["Seeing Red","Infernal Blade","Clothesline"],"picked":"SKIP","floor":7},{"not_picked":["True Grit","Entrench"],"picked":"Armaments","floor":8},{"not_picked":["Infernal Blade","Dropkick","Dual Wield"],"picked":"SKIP","floor":12},{"not_picked":["Perfected Strike","Clothesline","Clash"],"picked":"SKIP","floor":13},{"not_picked":["Clash","Corruption","Second Wind"],"picked":"SKIP","floor":14},{"not_picked":["Immolate","Offering"],"picked":"Double Tap","floor":16}],"player_experience":39081,"relics_obtained":[{"floor":7,"key":"War Paint"},{"floor":9,"key":"Tiny Chest"}],"event_choices":[{"damage_healed":0,"gold_gain":0,"player_choice":"Entered Light","damage_taken":16,"max_hp_gain":0,"max_hp_loss":0,"event_name":"Shining Light","floor":5,"gold_loss":0,"cards_upgraded":["Headbutt","Berserk"]},{"cards_removed":["Strike_R"],"damage_healed":0,"gold_gain":0,"player_choice":"Card Removal","damage_taken":0,"max_hp_gain":0,"max_hp_loss":0,"event_name":"The Cleric","floor":11,"gold_loss":50}],"is_beta":false,"boss_relics":[{"not_picked":["Runic Cube","Eternal Feather"],"picked":"Pandora\u0027s Box"}],"items_purged_floors":[4],"is_endless":false,"potions_floor_spawned":[1,7,12,16],"ascension_level":1}