{"gold_per_floor":[114,114,139,158,24,39,57,70,70,85,121,121,144,185,185,185],"floor_reached":16,"playtime":1252,"items_purged":[],"score":155,"play_id":"71512f97-32d1-47cc-b8df-35602c8af0d8","local_time":"20181007210251","is_ascension_mode":true,"campfire_choices":[{"data":"Finisher","floor":15,"key":"SMITH"}],"neow_cost":"NONE","seed_source_timestamp":371388956773994,"circlet_count":0,"master_deck":["Defend_G","Defend_G","Defend_G","Defend_G","Defend_G","Strike_G","Strike_G","Strike_G","Strike_G","Strike_G","Survivor","Neutralize","Dagger Throw","Injury","Deflect","Dagger Throw","Burst","Flying Knee","Dagger Spray","Cloak And Dagger","PiercingWail","Leg Sweep","Flechettes","Parasite","Escape Plan","Finisher+1"],"relics":["Ring of the Snake","Golden Idol","Snake Skull","Dodecahedron","Orichalcum"],"potions_floor_usage":[10,11,14,14,16],"damage_taken":[{"damage":1,"enemies":"Small Slimes","floor":1,"turns":6},{"damage":3,"enemies":"Cultist","floor":3,"turns":4},{"damage":1,"enemies":"Jaw Worm","floor":4,"turns":3},{"damage":6,"enemies":"Blue Slaver","floor":6,"turns":5},{"damage":0,"enemies":"3 Louse","floor":7,"turns":4},{"damage":0,"enemies":"Looter","floor":8,"turns":4},{"damage":2,"enemies":"Exordium Thugs","floor":10,"turns":5},{"damage":29,"enemies":"Lagavulin","floor":11,"turns":9},{"damage":6,"enemies":"Red Slaver","floor":13,"turns":4},{"damage":0,"enemies":"3 Sentries","floor":14,"turns":4},{"damage":51,"enemies":"Hexaghost","floor":16,"turns":16}],"seed_played":"262300546236818648","potions_obtained":[{"floor":4,"key":"AttackPotion"},{"floor":7,"key":"SteroidPotion"},{"floor":10,"key":"Weak Potion"},{"floor":13,"key":"AttackPotion"},{"floor":14,"key":"Block Potion"}],"is_trial":false,"path_per_floor":["M","?","M","M","$","M","M","M","T","M","E","?","M","E","R"],"character_chosen":"THE_SILENT","items_purchased":["Burst","Flying Knee"],"campfire_rested":0,"item_purchase_floors":[5,5],"current_hp_per_floor":[76,76,73,72,72,66,66,66,66,64,35,54,48,48,48,0],"gold":185,"neow_bonus":"TEN_PERCENT_HP_BONUS","is_prod":false,"is_daily":false,"chose_seed":false,"campfire_upgraded":1,"win_rate":0,"timestamp":1538960571,"path_taken":["M","?","M","M","$","M","?","M","T","?","E","?","M","E","R","BOSS"],"build_version":"2018-09-06","purchased_purges":0,"victory":false,"max_hp_per_floor":[77,77,77,77,77,77,77,77,77,77,77,77,77,77,77,77],"card_choices":[{"not_picked":["Prepared","Cloak And Dagger"],"picked":"Dagger Throw","floor":1},{"not_picked":["Infinite Blades","Blade Dance"],"picked":"Deflect","floor":3},{"not_picked":["Slice","Skewer"],"picked":"Dagger Throw","floor":4},{"not_picked":["Underhanded Strike","Bane"],"picked":"Dagger Spray","floor":6},{"not_picked":["Infinite Blades","Expertise"],"picked":"Cloak And Dagger","floor":7},{"not_picked":["Malaise","Sucker Punch"],"picked":"PiercingWail","floor":8},{"not_picked":["Bane","Acrobatics"],"picked":"Leg Sweep","floor":10},{"not_picked":["Acrobatics","PiercingWail"],"picked":"Flechettes","floor":11},{"not_picked":["Tactician","Dagger Spray"],"picked":"Escape Plan","floor":13},{"not_picked":["Masterful Stab","Backflip"],"picked":"Finisher","floor":14}],"player_experience":58413,"relics_obtained":[{"floor":9,"key":"Snake Skull"},{"floor":11,"key":"Dodecahedron"},{"floor":14,"key":"Orichalcum"}],"event_choices":[{"event_name":"Golden Idol","player_choice":"Take Wound","floor":2,"damage_taken":0},{"event_name":"Mushrooms","player_choice":"Healed and dodged fight","floor":12,"damage_taken":0}],"is_beta":false,"boss_relics":[],"items_purged_floors":[],"is_endless":false,"potions_floor_spawned":[4,7,10,13,14],"killed_by":"Hexaghost","ascension_level":2}