{"gold_per_floor":[11,21,38,54,66,91,109,122,122,142,154,154,164,177,177,277,277,263,188,1,20,33,33],"floor_reached":23,"playtime":2347,"items_purged":["Strike_R"],"score":253,"play_id":"f5b4f099-03ca-48d6-93a8-01510273e571","local_time":"20180918211336","is_ascension_mode":false,"campfire_choices":[{"data":"Feed","floor":12,"key":"SMITH"},{"data":"Uppercut","floor":15,"key":"SMITH"}],"neow_cost":"NO_GOLD","seed_source_timestamp":314883541379095,"circlet_count":0,"master_deck":["Strike_R","Strike_R","Strike_R","Strike_R","Defend_R","Defend_R","Defend_R","Bash","Feed+1","Sword Boomerang","Armaments","Pommel Strike","Heavy Blade","Shrug It Off","Headbutt","Sword Boomerang","Rampage","Flex","Uppercut+1","Blood for Blood","Anger","Barricade","Body Slam+1","Inflame","Infernal Blade","Armaments+1","Rage+1"],"relics":["Burning Blood","Matryoshka","Mummified Hand","Torii","Eternal Feather"],"potions_floor_usage":[7,16,22,23],"damage_taken":[{"damage":8,"enemies":"Small Slimes","floor":1,"turns":6},{"damage":7,"enemies":"2 Louse","floor":2,"turns":3},{"damage":6,"enemies":"Jaw Worm","floor":3,"turns":3},{"damage":28,"enemies":"Exordium Thugs","floor":4,"turns":6},{"damage":15,"enemies":"2 Fungi Beasts","floor":5,"turns":4},{"damage":15,"enemies":"Gremlin Nob","floor":6,"turns":4},{"damage":15,"enemies":"Large Slime","floor":7,"turns":8},{"damage":10,"enemies":"Looter","floor":8,"turns":4},{"damage":1,"enemies":"3 Louse","floor":10,"turns":4},{"damage":7,"enemies":"Blue Slaver","floor":11,"turns":4},{"damage":0,"enemies":"2 Fungi Beasts","floor":13,"turns":3},{"damage":13,"enemies":"Exordium Thugs","floor":14,"turns":6},{"damage":27,"enemies":"Hexaghost","floor":16,"turns":8},{"damage":31,"enemies":"2 Thieves","floor":18,"turns":4},{"damage":35,"enemies":"3 Byrds","floor":21,"turns":6},{"damage":51,"enemies":"Sentry and Sphere","floor":22,"turns":8},{"damage":44,"enemies":"Gremlin Leader","floor":23,"turns":4}],"seed_played":"-6870747003882527267","potions_obtained":[{"floor":2,"key":"LiquidBronze"},{"floor":5,"key":"Regen Potion"},{"floor":6,"key":"Regen Potion"},{"floor":11,"key":"BloodPotion"},{"floor":18,"key":"Block Potion"},{"floor":21,"key":"Swift Potion"}],"is_trial":false,"path_per_floor":["M","M","M","M","M","E","M","M","T","M","M","R","M","M","R","B",null,"M","?","$","M","M"],"character_chosen":"IRONCLAD","items_purchased":["Inflame","Infernal Blade"],"campfire_rested":0,"item_purchase_floors":[20,20],"current_hp_per_floor":[81,83,86,68,62,53,63,62,62,70,72,72,82,79,79,77,121,100,100,100,75,30,0],"gold":33,"neow_bonus":"THREE_RARE_CARDS","is_prod":false,"is_daily":false,"chose_seed":false,"campfire_upgraded":2,"win_rate":0.0,"timestamp":1537319616,"path_taken":["M","M","M","M","M","E","M","M","T","M","M","R","M","M","R","BOSS","M","?","$","M","M","E"],"build_version":"2018-09-06","purchased_purges":1,"victory":false,"max_hp_per_floor":[83,86,89,93,96,96,100,103,103,106,109,109,113,117,117,121,121,125,125,125,129,129,129],"card_choices":[{"not_picked":["Barricade","Juggernaut"],"picked":"Feed","floor":0},{"not_picked":["Iron Wave","Shrug It Off"],"picked":"Sword Boomerang","floor":1},{"not_picked":["Entrench","Corruption"],"picked":"Armaments","floor":2},{"not_picked":["Flame Barrier","Warcry"],"picked":"Pommel Strike","floor":3},{"not_picked":["Twin Strike","Clash"],"picked":"Heavy Blade","floor":4},{"not_picked":["Clash","Dual Wield"],"picked":"Shrug It Off","floor":5},{"not_picked":["Ghostly Armor","Shrug It Off"],"picked":"Headbutt","floor":6},{"not_picked":["Perfected Strike","Warcry"],"picked":"Sword Boomerang","floor":7},{"not_picked":["Dual Wield","Dark Embrace"],"picked":"Rampage","floor":8},{"not_picked":["Armaments","Warcry"],"picked":"Flex","floor":10},{"not_picked":["Spot Weakness","Searing Blow"],"picked":"Uppercut","floor":11},{"not_picked":["Limit Break","Clothesline"],"picked":"Blood for Blood","floor":13},{"not_picked":["Uppercut","Shrug It Off"],"picked":"Anger","floor":14},{"not_picked":["Berserk","Bludgeon"],"picked":"Barricade","floor":16},{"not_picked":["Dual Wield","Anger"],"picked":"Body Slam+1","floor":18},{"not_picked":["Bloodletting+1","Pommel Strike"],"picked":"Armaments+1","floor":21},{"not_picked":["Dual Wield","Clash"],"picked":"Rage+1","floor":22}],"player_experience":19747,"relics_obtained":[{"floor":6,"key":"Matryoshka"},{"floor":9,"key":"Mummified Hand"},{"floor":9,"key":"Torii"}],"event_choices":[{"event_name":"Beggar","player_choice":"Gave Gold","floor":19,"damage_taken":0}],"is_beta":false,"boss_relics":[{"not_picked":["Calling Bell","Runic Pyramid"],"picked":"Eternal Feather"}],"items_purged_floors":[20],"is_endless":false,"potions_floor_spawned":[2,5,6,11,14,18,21],"killed_by":"Gremlin Leader","ascension_level":0}