{"gold_per_floor":[117,135,151,170,184,210,210,227,280,31,31,181,196,26,26,105,105,125,145,159,84,98,125,136,136,136,153,163,77,94,113,113,184,184,196,209,209,219,229,254,254,270,270,270,283,8,8,40,40,40],"floor_reached":51,"playtime":6267,"items_purged":["Doubt"],"score":1382,"play_id":"a30b683d-4733-4046-8b8c-ad353b36056a","local_time":"20190530151221","is_ascension_mode":true,"campfire_choices":[{"data":"Uppercut","floor":7.0,"key":"SMITH"},{"data":"Apotheosis","floor":11.0,"key":"SMITH"},{"floor":15.0,"key":"REST"},{"floor":32,"key":"RECALL"},{"data":"Corruption","floor":41,"key":"SMITH"},{"data":"Whirlwind","floor":44,"key":"SMITH"},{"data":"Entrench","floor":47,"key":"SMITH"},{"data":"Double Tap","floor":49,"key":"SMITH"}],"neow_cost":"NONE","seed_source_timestamp":0,"circlet_count":0,"master_deck":["AscendersBane","Strike_R","Strike_R","Defend_R","Defend_R","Defend_R","Defend_R","Bash+1","Perfected Strike","Burning Pact","Uppercut+1","Demon Form","Battle Trance","Infernal Blade","Apotheosis+1","Shrug It Off","Body Slam","Finesse","Reaper","Shockwave+1","Dual Wield","Metallicize","Whirlwind+1","Corruption+1","Necronomicurse","Metallicize+1","Flame Barrier+1","Dark Embrace","Double Tap+1","Shrug It Off","Feed","Dual Wield+1","Entrench+1","Flame Barrier+1","True Grit+1","Whirlwind+1","Inflame+1","True Grit+1","Shrug It Off"],"special_seed":0,"relics":["Burning Blood","Thread and Needle","Tiny Chest","Coffee Dripper","Mummified Hand","Necronomicon","Anchor","Empty Cage","Juzu Bracelet","Brimstone","Bag of Preparation"],"potions_floor_usage":[20,23,23,33,39,40,40,50],"damage_taken":[{"damage":11.0,"enemies":"Jaw Worm","floor":1.0,"turns":5.0},{"damage":7.0,"enemies":"Small Slimes","floor":2.0,"turns":3.0},{"damage":0.0,"enemies":"Cultist","floor":3.0,"turns":2.0},{"damage":14.0,"enemies":"Blue Slaver","floor":4.0,"turns":5.0},{"damage":9.0,"enemies":"3 Louse","floor":5.0,"turns":4.0},{"damage":26.0,"enemies":"Gremlin Nob","floor":6.0,"turns":4.0},{"damage":2.0,"enemies":"Looter","floor":8.0,"turns":3.0},{"damage":0.0,"enemies":"Lots of Slimes","floor":13.0,"turns":3.0},{"damage":21.0,"enemies":"The Guardian","floor":16.0,"turns":7.0},{"damage":14,"enemies":"Chosen","floor":18,"turns":6},{"damage":14,"enemies":"3 Byrds","floor":19,"turns":5},{"damage":24,"enemies":"Shelled Parasite and Fungi","floor":20,"turns":5},{"damage":34,"enemies":"Snake Plant","floor":22,"turns":5},{"damage":27,"enemies":"Gremlin Leader","floor":23,"turns":7},{"damage":20,"enemies":"Centurion and Healer","floor":24,"turns":6},{"damage":22,"enemies":"Snecko","floor":27,"turns":5},{"damage":3,"enemies":"Sentry and Sphere","floor":28,"turns":3},{"damage":11,"enemies":"Centurion and Healer","floor":30,"turns":4},{"damage":0,"enemies":"3 Cultists","floor":31,"turns":4},{"damage":7,"enemies":"Champ","floor":33,"turns":9},{"damage":0,"enemies":"Orb Walker","floor":35,"turns":2},{"damage":22,"enemies":"3 Shapes","floor":36,"turns":5},{"damage":21,"enemies":"3 Darklings","floor":38,"turns":5},{"damage":14,"enemies":"Jaw Worm Horde","floor":39,"turns":6},{"damage":76,"enemies":"Reptomancer","floor":40,"turns":7},{"damage":24,"enemies":"Writhing Mass","floor":42,"turns":6},{"damage":10,"enemies":"3 Darklings","floor":45,"turns":3},{"damage":22,"enemies":"Giant Head","floor":48,"turns":6},{"damage":42,"enemies":"Time Eater","floor":50,"turns":6}],"seed_played":"1759587855533506876","potions_obtained":[{"floor":2.0,"key":"Dexterity Potion"},{"floor":6.0,"key":"Explosive Potion"},{"floor":13.0,"key":"SpeedPotion"},{"floor":19,"key":"Block Potion"},{"floor":20,"key":"FearPotion"},{"floor":22,"key":"Block Potion"},{"floor":27,"key":"SkillPotion"},{"floor":30,"key":"BloodPotion"},{"floor":35,"key":"Swift Potion"},{"floor":39,"key":"Block Potion"},{"floor":48,"key":"Poison Potion"}],"is_trial":false,"path_per_floor":["?","?","?","$","?","M"],"character_chosen":"IRONCLAD","items_purchased":["Apotheosis","Shrug It Off","Finesse","Dark Embrace","Brimstone","PowerPotion"],"campfire_rested":1,"item_purchase_floors":[10,10,14,29,46,46],"current_hp_per_floor":[63,62,68,60,57,37,37,41,41,41,41,41,47,47,69,54,70,66,75,64,64,42,66,61,40,40,31,34,34,45,63,63,75,75,75,63,63,56,60,50,50,59,59,59,55,55,55,64,64,82],"gold":40,"neow_bonus":"UPGRADE_CARD","is_prod":false,"is_daily":false,"chose_seed":false,"campfire_upgraded":6,"win_rate":0,"timestamp":1559243541,"path_taken":["M","M","M","M","M","E","R","M","T","$","R","?","M","$","R","BOSS","BOSS","M","M","M","?","M","E","M","?","T","M","M","?","M","M","R","BOSS","M","M","?","M","?","E","R","M","T","R","M","$","R","E","R","BOSS"],"build_version":"2019-01-23","purchased_purges":1,"victory":true,"max_hp_per_floor":[75,75,75,75,75,75,75,75,75,75,75,75,75,75,75,75,75,75,75,75,75,75,75,75,75,75,75,75,75,75,75,75,75,75,75,79,79,79,82,82,82,82,82,82,82,82,82,82,82,82],"card_choices":[{"not_picked":["Clash","Iron Wave"],"picked":"Perfected Strike","floor":1.0},{"not_picked":["Blood for Blood","Iron Wave"],"picked":"Burning Pact","floor":2.0},{"not_picked":["Sword Boomerang","Warcry","Hemokinesis"],"picked":"SKIP","floor":3.0},{"not_picked":["Sword Boomerang","Spot Weakness"],"picked":"Uppercut","floor":4.0},{"not_picked":["Body Slam","Shrug It Off"],"picked":"Demon Form","floor":5.0},{"not_picked":["True Grit","Fire Breathing"],"picked":"Battle Trance","floor":6.0},{"not_picked":["Reckless Charge","Iron Wave"],"picked":"Infernal Blade","floor":8.0},{"not_picked":["Armaments","Warcry"],"picked":"Body Slam","floor":13.0},{"not_picked":["Dark Embrace","Demon Form"],"picked":"Reaper","floor":16},{"not_picked":["Combust","Clash"],"picked":"Shockwave+1","floor":18},{"not_picked":["Perfected Strike","Pommel Strike","Cleave"],"picked":"SKIP","floor":19},{"not_picked":["Rupture","Armaments+1"],"picked":"Dual Wield","floor":20},{"not_picked":["Seeing Red","Blood for Blood"],"picked":"Metallicize","floor":22},{"not_picked":["Sword Boomerang","Rupture"],"picked":"Whirlwind","floor":23},{"not_picked":["Ghostly Armor","Pommel Strike"],"picked":"Corruption","floor":24},{"not_picked":["Dual Wield","Intimidate"],"picked":"Metallicize+1","floor":27},{"not_picked":["Armaments","Feel No Pain"],"picked":"Flame Barrier+1","floor":28},{"not_picked":["Sword Boomerang","Shrug It Off"],"picked":"Double Tap","floor":30},{"not_picked":["Iron Wave","Thunderclap"],"picked":"Shrug It Off","floor":31},{"not_picked":["Immolate","Demon Form"],"picked":"Feed","floor":33},{"not_picked":["Shrug It Off","Whirlwind"],"picked":"Dual Wield+1","floor":35},{"not_picked":["Armaments+1","Thunderclap"],"picked":"Entrench","floor":36},{"not_picked":["Sever Soul+1","Searing Blow+1"],"picked":"True Grit+1","floor":38},{"not_picked":["Iron Wave","Rampage+1"],"picked":"Whirlwind+1","floor":39},{"not_picked":["Pummel","Rage"],"picked":"Inflame+1","floor":40},{"not_picked":["Burning Pact","Spot Weakness"],"picked":"True Grit+1","floor":42},{"not_picked":["Intimidate","Clash+1"],"picked":"Shrug It Off","floor":45},{"not_picked":["Intimidate","Sword Boomerang+1","Blood for Blood"],"picked":"SKIP","floor":48}],"player_experience":738126,"relics_obtained":[{"floor":6.0,"key":"Thread and Needle"},{"floor":9.0,"key":"Tiny Chest"},{"floor":23,"key":"Mummified Hand"},{"floor":25,"key":"Necronomicon"},{"floor":26,"key":"Anchor"},{"floor":40,"key":"Juzu Bracelet"},{"floor":48,"key":"Bag of Preparation"}],"event_choices":[{"damage_healed":0.0,"max_hp_gain":0.0,"max_hp_loss":0.0,"gold_gain":150.0,"event_name":"Liars Game","player_choice":"AGREE","floor":12.0,"gold_loss":0.0,"damage_taken":0.0,"cards_obtained":["Doubt"]},{"cards_removed":["Strike_R"],"damage_healed":0,"gold_gain":0,"player_choice":"Gave Gold","damage_taken":0,"max_hp_gain":0,"max_hp_loss":0,"event_name":"Beggar","floor":21,"gold_loss":75},{"damage_healed":0,"gold_gain":0,"player_choice":"Obtained Book","damage_taken":21,"max_hp_gain":0,"max_hp_loss":0,"event_name":"Cursed Tome","floor":25,"gold_loss":0},{"damage_healed":0,"gold_gain":0,"player_choice":"Copied","damage_taken":0,"max_hp_gain":0,"max_hp_loss":0,"event_name":"Duplicator","floor":37,"gold_loss":0,"cards_obtained":["Flame Barrier"]}],"is_beta":false,"boss_relics":[{"not_picked":["Calling Bell","Sozu"],"picked":"Coffee Dripper"},{"not_picked":["Runic Dome","Black Star"],"picked":"Empty Cage"}],"items_purged_floors":[14],"is_endless":false,"potions_floor_spawned":[2,6,13,19,20,22,27,30,35,36,39,48],"ascension_level":18}