{"gold_per_floor":[12,287,299,310,235,235,235,235,258,4,16,16,33,50,50,152,152,169,44,44,44,61,61,61],"floor_reached":24,"playtime":1760,"items_purged":["Regret","Strike_R","Strike_R"],"score":211,"play_id":"fdd23086-0ef6-4786-b454-be484683f8c9","local_time":"20190216175054","is_ascension_mode":false,"campfire_choices":[{"data":"Fiend Fire","floor":6,"key":"SMITH"},{"data":"Rampage","floor":8,"key":"SMITH"},{"data":"Feed","floor":12,"key":"SMITH"},{"floor":15,"key":"REST"},{"data":"Inflame","floor":23,"key":"SMITH"}],"neow_cost":"NO_GOLD","seed_source_timestamp":172269650105107,"circlet_count":0,"master_deck":["Strike_R+1","Strike_R+1","Defend_R+1","Defend_R+1","Defend_R+1","Defend_R+1","Bash","Fiend Fire+1","Warcry","Rampage+1","Feed+1","Pommel Strike","Headbutt","Inflame+1","Demon Form"],"relics":["Burning Blood","Strawberry","Nloth\u0027s Gift"],"potions_floor_usage":[16,16,24],"damage_taken":[{"damage":8,"enemies":"Jaw Worm","floor":1,"turns":4},{"damage":6,"enemies":"Cultist","floor":3,"turns":3},{"damage":8,"enemies":"Small Slimes","floor":4,"turns":3},{"damage":14,"enemies":"Blue Slaver","floor":11,"turns":3},{"damage":11,"enemies":"Red Slaver","floor":13,"turns":3},{"damage":20,"enemies":"Exordium Thugs","floor":14,"turns":4},{"damage":56,"enemies":"The Guardian","floor":16,"turns":9},{"damage":29,"enemies":"2 Thieves","floor":18,"turns":4},{"damage":26,"enemies":"Shell Parasite","floor":22,"turns":8},{"damage":59,"enemies":"Slavers","floor":24,"turns":4}],"seed_played":"8004368446748681650","potions_obtained":[{"floor":3,"key":"Regen Potion"},{"floor":11,"key":"Swift Potion"},{"floor":13,"key":"Block Potion"},{"floor":18,"key":"Dexterity Potion"},{"floor":22,"key":"SmokeBomb"}],"is_trial":false,"path_per_floor":["M","?","M","M","$","R","?","R","T","$","M","R","M","M","R","B",null,"M","$","?","?","M","R","E"],"character_chosen":"IRONCLAD","items_purchased":["Feed"],"campfire_rested":1,"item_purchase_floors":[10],"current_hp_per_floor":[78,78,78,76,76,76,76,76,83,83,78,78,77,63,91,55,94,75,75,75,75,55,55,0],"gold":61,"neow_bonus":"THREE_RARE_CARDS","is_prod":false,"is_daily":false,"chose_seed":false,"campfire_upgraded":4,"win_rate":0.0,"timestamp":1550368254,"path_taken":["M","?","M","?","$","R","?","R","T","$","M","R","M","M","R","BOSS","M","$","?","?","?","R","E"],"build_version":"2019-01-23","purchased_purges":3,"victory":false,"max_hp_per_floor":[80,80,80,80,80,80,80,80,87,87,90,90,94,94,94,94,94,98,98,98,98,98,98,98],"card_choices":[{"not_picked":["Dark Embrace","Reaper"],"picked":"Fiend Fire","floor":0},{"not_picked":["Perfected Strike","Clash","Bloodletting"],"picked":"SKIP","floor":1},{"not_picked":["Thunderclap","Burning Pact"],"picked":"Warcry","floor":3},{"not_picked":["Heavy Blade","Reckless Charge","Dropkick"],"picked":"SKIP","floor":4},{"not_picked":["Combust","Iron Wave"],"picked":"Pommel Strike","floor":11},{"not_picked":["Power Through","Rupture"],"picked":"Headbutt","floor":13},{"not_picked":["Iron Wave","Whirlwind"],"picked":"Inflame","floor":14},{"not_picked":["Bludgeon","Limit Break"],"picked":"Demon Form","floor":16},{"not_picked":["Infernal Blade+1","Body Slam+1","Power Through"],"picked":"SKIP","floor":18},{"not_picked":["Pummel+1","Perfected Strike+1","Thunderclap"],"picked":"SKIP","floor":22}],"player_experience":32405,"relics_obtained":[{"floor":9,"key":"Strawberry"}],"event_choices":[{"damage_healed":0,"gold_gain":275,"player_choice":"Desecrate","damage_taken":0,"max_hp_gain":0,"max_hp_loss":0,"event_name":"Golden Shrine","floor":2,"gold_loss":0,"cards_obtained":["Regret"]},{"damage_healed":0,"gold_gain":0,"cards_transformed":["Strike_R"],"player_choice":"Change","damage_taken":0,"max_hp_gain":0,"max_hp_loss":0,"event_name":"Living Wall","floor":7,"gold_loss":0,"cards_obtained":["Rampage"]},{"damage_healed":0,"gold_gain":0,"player_choice":"Simplicity","damage_taken":0,"max_hp_gain":0,"max_hp_loss":0,"event_name":"Back to Basics","floor":20,"gold_loss":0,"cards_upgraded":["Strike_R","Strike_R","Defend_R","Defend_R","Defend_R","Defend_R"]},{"damage_healed":0,"gold_gain":0,"player_choice":"Traded Relic","damage_taken":0,"relics_obtained":["Nloth\u0027s Gift"],"max_hp_gain":0,"max_hp_loss":0,"event_name":"N\u0027loth","floor":21,"relics_lost":["Philosopher\u0027s Stone"],"gold_loss":0}],"is_beta":false,"boss_relics":[{"not_picked":["Ectoplasm","Orrery"],"picked":"Philosopher\u0027s Stone"}],"items_purged_floors":[5,10,19],"is_endless":false,"potions_floor_spawned":[3,11,13,14,18,22],"killed_by":"Slavers","ascension_level":0}