{"gold_per_floor":[117,131,131,306,319,338,338,358,358,372,406,406,416,427,427,523,523,542,542,119,130,130,130,157,167,193,64,64,79,105,6,6,105,105,120,130,149,159,172,172,172],"floor_reached":41,"playtime":5780,"items_purged":["Doubt"],"score":539,"play_id":"c99235ee-c070-4637-8d32-5b706e6974d3","local_time":"20190514025052","is_ascension_mode":false,"campfire_choices":[{"data":"Bloodletting","floor":7,"key":"SMITH"},{"data":"Uppercut","floor":12,"key":"SMITH"},{"floor":15,"key":"REST"},{"data":"Secret Technique","floor":23,"key":"SMITH"},{"floor":28,"key":"REST"},{"floor":32,"key":"REST"},{"floor":40,"key":"REST"}],"neow_cost":"NONE","seed_source_timestamp":34374096706352,"circlet_count":0,"master_deck":["Strike_R","Strike_R","Strike_R","Strike_R","Strike_R","Defend_R","Defend_R","Defend_R","Defend_R","Bash","Feed+1","Pommel Strike","Uppercut+1","Spot Weakness","Bloodletting+1","Rampage","Iron Wave","Spot Weakness","Brutality","Dual Wield","Berserk","Uppercut","J.A.X.","Secret Technique+1","Mind Blast","Pommel Strike","Spot Weakness","Perfected Strike+1","Flex","Headbutt+1","Warcry","Combust","Headbutt+1","Shockwave","Feed","Headbutt+1","Heavy Blade","Second Wind+1","Warcry+1","Spot Weakness+1"],"relics":["Burning Blood","Mummified Hand","Mango","Lizard Tail","Bottled Lightning","Gremlin Horn","Vajra","Meat on the Bone","Black Star"],"potions_floor_usage":[11,11,11,16,16,24,25,33,33,33,36,36,37,41],"damage_taken":[{"damage":0,"enemies":"2 Louse","floor":1,"turns":3},{"damage":3,"enemies":"Small Slimes","floor":2,"turns":3},{"damage":11,"enemies":"Jaw Worm","floor":5,"turns":4},{"damage":22,"enemies":"Exordium Wildlife","floor":6,"turns":6},{"damage":9,"enemies":"Blue Slaver","floor":8,"turns":3},{"damage":18,"enemies":"Lots of Slimes","floor":10,"turns":3},{"damage":15,"enemies":"Gremlin Nob","floor":11,"turns":4},{"damage":11,"enemies":"Exordium Wildlife","floor":13,"turns":4},{"damage":20,"enemies":"2 Fungi Beasts","floor":14,"turns":4},{"damage":59,"enemies":"Hexaghost","floor":16,"turns":9},{"damage":30,"enemies":"Spheric Guardian","floor":18,"turns":4},{"damage":31,"enemies":"Shell Parasite","floor":21,"turns":4},{"damage":34,"enemies":"Book of Stabbing","floor":24,"turns":4},{"damage":8,"enemies":"3 Cultists","floor":25,"turns":4},{"damage":26,"enemies":"Centurion and Healer","floor":29,"turns":3},{"damage":44,"enemies":"Gremlin Leader","floor":30,"turns":5},{"damage":100,"enemies":"Collector","floor":33,"turns":10},{"damage":31,"enemies":"Orb Walker","floor":35,"turns":3},{"damage":44,"enemies":"3 Darklings","floor":36,"turns":4},{"damage":62,"enemies":"Writhing Mass","floor":37,"turns":4},{"damage":13,"enemies":"4 Shapes","floor":38,"turns":2},{"damage":10,"enemies":"Jaw Worm Horde","floor":39,"turns":4},{"damage":120,"enemies":"Nemesis","floor":41,"turns":5}],"seed_played":"-5873298390837206253","potions_obtained":[{"floor":2,"key":"Swift Potion"},{"floor":8,"key":"SkillPotion"},{"floor":10,"key":"SpeedPotion"},{"floor":13,"key":"SkillPotion"},{"floor":14,"key":"Fire Potion"},{"floor":18,"key":"Explosive Potion"},{"floor":21,"key":"Weak Potion"},{"floor":30,"key":"GamblersBrew"},{"floor":33,"key":"Strength Potion"},{"floor":35,"key":"SkillPotion"},{"floor":36,"key":"Swift Potion"},{"floor":37,"key":"GamblersBrew"}],"is_trial":false,"path_per_floor":["M","M","?","?","M","M","R","M","T","M","E","R","M","M","R","B",null,"M","?","$","M","T","R","E","M","T","$","R","M","E","$","R","B",null,"M","M","M","M","M","R","E"],"character_chosen":"IRONCLAD","items_purchased":["Secret Technique","Mind Blast","Pommel Strike","Spot Weakness","Warcry","Combust","FearPotion","Block Potion"],"campfire_rested":4,"item_purchase_floors":[20,20,20,20,27,27,31,31],"current_hp_per_floor":[80,83,83,83,82,70,70,71,71,63,68,68,67,57,93,40,121,101,101,101,76,76,76,48,46,46,46,83,63,25,25,62,46,125,100,74,30,35,47,85,0],"gold":172,"neow_bonus":"ONE_RANDOM_RARE_CARD","is_prod":false,"is_daily":false,"chose_seed":false,"campfire_upgraded":3,"win_rate":0.0,"timestamp":1557813052,"path_taken":["M","M","?","?","M","M","R","M","T","M","E","R","M","M","R","BOSS","M","?","?","M","?","R","E","M","T","$","R","?","E","?","R","BOSS","M","M","M","M","M","R","E"],"build_version":"2019-01-23","purchased_purges":1,"victory":false,"max_hp_per_floor":[80,83,83,83,87,91,91,95,95,99,113,113,117,121,121,121,121,125,125,125,125,125,125,125,125,125,125,125,125,125,125,125,125,125,125,125,125,125,129,129,129],"card_choices":[{"not_picked":["Corruption","Anger"],"picked":"Pommel Strike","floor":1},{"not_picked":["Flex","Shrug It Off"],"picked":"Uppercut","floor":2},{"not_picked":["Dropkick","Cleave"],"picked":"Spot Weakness","floor":5},{"not_picked":["Sword Boomerang","Armaments"],"picked":"Bloodletting","floor":6},{"not_picked":["Rage","Clash"],"picked":"Rampage","floor":8},{"not_picked":["Second Wind","Metallicize"],"picked":"Iron Wave","floor":10},{"not_picked":["Thunderclap","Feel No Pain"],"picked":"Spot Weakness","floor":11},{"not_picked":["Twin Strike","Sever Soul"],"picked":"Brutality","floor":13},{"not_picked":["Anger","Sever Soul"],"picked":"Dual Wield","floor":14},{"not_picked":["Impervious","Reaper"],"picked":"Berserk","floor":16},{"not_picked":["Clash","Iron Wave+1"],"picked":"Uppercut","floor":18},{"not_picked":["Bloodletting","Thunderclap+1"],"picked":"Perfected Strike+1","floor":21},{"not_picked":["Clash","Second Wind"],"picked":"Flex","floor":24},{"not_picked":["Armaments+1","Power Through+1"],"picked":"Headbutt+1","floor":25},{"not_picked":["Disarm","Iron Wave"],"picked":"Headbutt+1","floor":29},{"not_picked":["Body Slam","Power Through"],"picked":"Shockwave","floor":30},{"not_picked":["Double Tap","Impervious"],"picked":"Feed","floor":33},{"not_picked":["Twin Strike+1","Dual Wield"],"picked":"Headbutt+1","floor":35},{"not_picked":["Shrug It Off","Thunderclap"],"picked":"Heavy Blade","floor":36},{"not_picked":["Clash","Shrug It Off+1"],"picked":"Second Wind+1","floor":37},{"not_picked":["Body Slam","Juggernaut"],"picked":"Warcry+1","floor":38},{"not_picked":["Ghostly Armor","Anger"],"picked":"Spot Weakness+1","floor":39}],"player_experience":24899,"relics_obtained":[{"floor":9,"key":"Mummified Hand"},{"floor":11,"key":"Mango"},{"floor":22,"key":"Bottled Lightning"},{"floor":24,"key":"Gremlin Horn"},{"floor":26,"key":"Vajra"},{"floor":30,"key":"Meat on the Bone"}],"event_choices":[{"damage_healed":0,"gold_gain":0,"player_choice":"Grow","damage_taken":0,"max_hp_gain":0,"max_hp_loss":0,"event_name":"Living Wall","floor":3,"gold_loss":0,"cards_upgraded":["Feed"]},{"damage_healed":0,"gold_gain":175,"player_choice":"AGREE","damage_taken":0,"max_hp_gain":0,"max_hp_loss":0,"event_name":"Liars Game","floor":4,"gold_loss":0,"cards_obtained":["Doubt"]},{"damage_healed":0,"gold_gain":0,"player_choice":"Obtain J.A.X.","damage_taken":0,"max_hp_gain":0,"max_hp_loss":0,"event_name":"Drug Dealer","floor":19,"gold_loss":0,"cards_obtained":["J.A.X."]}],"is_beta":false,"boss_relics":[{"not_picked":["Mark of Pain","Fusion Hammer"],"picked":"Lizard Tail"},{"not_picked":["Tiny House","Runic Dome"],"picked":"Black Star"}],"items_purged_floors":[20],"is_endless":false,"potions_floor_spawned":[2,8,10,13,14,18,21,30,33,35,36,37],"killed_by":"Nemesis","ascension_level":0}