{"gold_per_floor":[114,129,129,147,163,174,174,200,200,211,211,225,67,82,82,157,157,172,192,209,226,226,259,259,292,342,355,12,31,58,73,73,145,145,159,173,187,66,86,86,99,119,145,145,173,173,183,183,183,183,183,183,33,33],"floor_reached":54,"playtime":11499,"items_purged":["Strike_G","Strike_G"],"score":1406,"play_id":"d551aad3-da13-4e4f-8388-9b8b53a7474f","local_time":"20190530232119","is_ascension_mode":true,"campfire_choices":[{"data":"Neutralize","floor":7,"key":"SMITH"},{"floor":15,"key":"REST"},{"floor":24,"key":"REST"},{"floor":32,"key":"REST"},{"floor":40,"key":"RECALL"},{"floor":49,"key":"REST"},{"floor":52,"key":"REST"}],"neow_cost":"TEN_PERCENT_HP_LOSS","seed_source_timestamp":1004938768970089,"circlet_count":0,"master_deck":["AscendersBane","Defend_G","Defend_G","Defend_G","Defend_G","Defend_G","Strike_G","Strike_G","Strike_G","Survivor","Neutralize+1","Sadistic Nature","Apotheosis+1","Poisoned Stab","Blur","Backflip","Predator","Dash","Footwork","Corpse Explosion","Catalyst","Footwork","PiercingWail","Malaise","Blade Dance+1","Blur+1","Terror","Dash","Bullet Time","Choke","Leg Sweep","Chrysalis","Eviscerate+1","Riddle With Holes","Catalyst+1","Infinite Blades","Predator","Well Laid Plans","Backflip+1","Eviscerate","Calculated Gamble+1","Footwork","Skewer","Acrobatics+1"],"relics":["Ring of the Snake","Bag of Marbles","Singing Bowl","Snecko Eye","Dream Catcher","Du-Vu Doll","Omamori","Toxic Egg 2","Fusion Hammer","Vajra","Bronze Scales"],"potions_floor_usage":[16,33,50],"damage_taken":[{"damage":2,"enemies":"Cultist","floor":1,"turns":5},{"damage":1,"enemies":"Jaw Worm","floor":2,"turns":4},{"damage":0,"enemies":"2 Louse","floor":4,"turns":3},{"damage":0,"enemies":"Looter","floor":5,"turns":3},{"damage":13,"enemies":"Exordium Thugs","floor":6,"turns":5},{"damage":5,"enemies":"Lagavulin","floor":8,"turns":7},{"damage":6,"enemies":"Exordium Wildlife","floor":10,"turns":6},{"damage":1,"enemies":"2 Fungi Beasts","floor":12,"turns":3},{"damage":3,"enemies":"Lots of Slimes","floor":14,"turns":4},{"damage":1,"enemies":"Slime Boss","floor":16,"turns":15},{"damage":0,"enemies":"2 Thieves","floor":18,"turns":3},{"damage":0,"enemies":"Shell Parasite","floor":19,"turns":5},{"damage":2,"enemies":"Chosen and Byrds","floor":20,"turns":8},{"damage":0,"enemies":"Snecko","floor":21,"turns":6},{"damage":8,"enemies":"Book of Stabbing","floor":23,"turns":7},{"damage":0,"enemies":"Gremlin Leader","floor":25,"turns":5},{"damage":9,"enemies":"Snake Plant","floor":27,"turns":5},{"damage":5,"enemies":"Shelled Parasite and Fungi","floor":29,"turns":5},{"damage":0,"enemies":"Slavers","floor":30,"turns":5},{"damage":8,"enemies":"Snecko","floor":31,"turns":5},{"damage":16,"enemies":"Champ","floor":33,"turns":11},{"damage":5,"enemies":"Orb Walker","floor":35,"turns":6},{"damage":0,"enemies":"3 Darklings","floor":36,"turns":5},{"damage":0,"enemies":"Transient","floor":37,"turns":5},{"damage":0,"enemies":"4 Shapes","floor":39,"turns":6},{"damage":24,"enemies":"Jaw Worm Horde","floor":41,"turns":5},{"damage":5,"enemies":"Transient","floor":42,"turns":5},{"damage":24,"enemies":"Reptomancer","floor":45,"turns":7},{"damage":26,"enemies":"Maw","floor":47,"turns":8},{"damage":27,"enemies":"Donu and Deca","floor":50,"turns":6},{"damage":78,"enemies":"Shield and Spear","floor":54,"turns":3}],"seed_played":"1293019391123296977","potions_obtained":[{"floor":2,"key":"PowerPotion"},{"floor":4,"key":"Weak Potion"},{"floor":5,"key":"Swift Potion"},{"floor":6,"key":"SpeedPotion"},{"floor":11,"key":"SmokeBomb"},{"floor":16,"key":"Block Potion"},{"floor":31,"key":"Dexterity Potion"},{"floor":33,"key":"AttackPotion"},{"floor":37,"key":"Swift Potion"}],"is_trial":false,"path_per_floor":["?","?","M","M","?","M","?","?","M","?"],"character_chosen":"THE_SILENT","items_purchased":["Footwork","PiercingWail","Leg Sweep","Chrysalis","Well Laid Plans","Backflip+1","Bronze Scales"],"campfire_rested":5,"item_purchase_floors":[13,13,28,28,38,38,53],"current_hp_per_floor":[57,56,56,56,56,43,43,38,38,32,32,31,31,30,48,47,58,58,58,56,56,56,50,64,66,66,57,57,54,54,46,66,50,64,61,61,61,61,63,63,39,34,34,59,35,69,43,43,63,36,61,71,71,0],"gold":33,"neow_bonus":"RANDOM_COLORLESS_2","is_prod":false,"is_daily":false,"chose_seed":false,"campfire_upgraded":1,"win_rate":0,"timestamp":1559272879,"path_taken":["M","M","?","M","M","M","R","E","T","M","?","M","$","?","R","BOSS","M","M","?","M","?","E","R","E","T","M","$","M","E","M","R","BOSS","M","M","M","$","M","R","M","?","T","?","E","?","?","?","R","BOSS","R","$","E"],"build_version":"2019-01-23","purchased_purges":2,"victory":false,"max_hp_per_floor":[60,60,60,60,60,60,60,60,60,60,60,60,60,62,62,62,62,62,62,62,62,62,64,64,66,66,66,66,68,68,68,68,68,68,70,70,70,70,72,72,72,72,72,59,59,69,69,69,69,69,69,71,71,71],"card_choices":[{"not_picked":["Underhanded Strike","Flying Knee"],"picked":"Poisoned Stab","floor":1},{"not_picked":["Infinite Blades","Prepared"],"picked":"Blur","floor":2},{"not_picked":["Terror","Riddle With Holes"],"picked":"Backflip","floor":4},{"not_picked":["Quick Slash","Calculated Gamble"],"picked":"Predator","floor":5},{"not_picked":["Backstab","Prepared"],"picked":"Dash","floor":6},{"not_picked":["Blade Dance","Accuracy"],"picked":"Footwork","floor":8},{"not_picked":["Slice","Underhanded Strike"],"picked":"Corpse Explosion","floor":10},{"not_picked":["Blade Dance","Sucker Punch"],"picked":"Catalyst","floor":12},{"not_picked":["Flying Knee","Outmaneuver","Dagger Spray"],"picked":"Singing Bowl","floor":14},{"not_picked":["Phantasmal Killer","Doppelganger"],"picked":"Malaise","floor":16},{"not_picked":["Prepared","Cloak And Dagger"],"picked":"Blade Dance+1","floor":18},{"not_picked":["Bane+1","Dagger Throw"],"picked":"Blur+1","floor":19},{"not_picked":["Concentrate","Masterful Stab"],"picked":"Terror","floor":20},{"not_picked":["Choke","Prepared"],"picked":"Dash","floor":21},{"not_picked":["Sucker Punch","Bane","All Out Attack+1"],"picked":"Singing Bowl","floor":23},{"not_picked":["Endless Agony","Infinite Blades"],"picked":"Bullet Time","floor":24},{"not_picked":["Dagger Throw","Finisher","Reflex"],"picked":"Singing Bowl","floor":25},{"not_picked":["Prepared","Finisher"],"picked":"Choke","floor":27},{"not_picked":["Flying Knee","Flechettes","All Out Attack+1"],"picked":"Singing Bowl","floor":29},{"not_picked":["Underhanded Strike","Dodge and Roll"],"picked":"Eviscerate+1","floor":30},{"not_picked":["Deflect+1","All Out Attack"],"picked":"Riddle With Holes","floor":31},{"not_picked":["Leg Sweep+1","Outmaneuver+1"],"picked":"Catalyst+1","floor":32},{"not_picked":["Bullet Time+1","Venomology+1"],"picked":"Tools of the Trade","floor":33},{"not_picked":["Backflip+1","Choke","Outmaneuver+1"],"picked":"Singing Bowl","floor":35},{"not_picked":["Leg Sweep+1","Cloak And Dagger+1"],"picked":"Infinite Blades","floor":36},{"not_picked":["Storm of Steel+1","Choke"],"picked":"Predator","floor":37},{"not_picked":["Deadly Poison+1","Cloak And Dagger+1","Masterful Stab"],"picked":"Singing Bowl","floor":39},{"not_picked":["Deflect+1","Acrobatics+1"],"picked":"Eviscerate","floor":41},{"not_picked":["Deadly Poison+1","Blade Dance+1"],"picked":"Calculated Gamble+1","floor":42},{"not_picked":["Outmaneuver+1","All Out Attack"],"picked":"Footwork","floor":45},{"not_picked":["Blade Dance+1","Deflect+1"],"picked":"Skewer","floor":47},{"not_picked":["Blade Dance+1","Backflip+1"],"picked":"Acrobatics+1","floor":49},{"not_picked":["Outmaneuver+1","Prepared+1","Blade Dance+1"],"picked":"Singing Bowl","floor":52}],"player_experience":746558,"relics_obtained":[{"floor":8,"key":"Bag of Marbles"},{"floor":9,"key":"Singing Bowl"},{"floor":23,"key":"Dream Catcher"},{"floor":25,"key":"Du-Vu Doll"},{"floor":26,"key":"Omamori"},{"floor":30,"key":"Toxic Egg 2"},{"floor":45,"key":"Vajra"}],"event_choices":[{"damage_healed":0,"gold_gain":0,"player_choice":"Grow","damage_taken":0,"max_hp_gain":0,"max_hp_loss":0,"event_name":"Living Wall","floor":3,"gold_loss":0,"cards_upgraded":["Apotheosis"]},{"damage_healed":0,"gold_gain":0,"player_choice":"Got Potions","damage_taken":0,"max_hp_gain":0,"max_hp_loss":0,"event_name":"Lab","floor":11,"gold_loss":0},{"damage_healed":0,"gold_gain":0,"player_choice":"Ignored","damage_taken":0,"max_hp_gain":0,"max_hp_loss":0,"event_name":"N\u0027loth","floor":22,"gold_loss":0},{"damage_healed":59,"gold_gain":0,"player_choice":"Heal","damage_taken":0,"max_hp_gain":0,"max_hp_loss":13,"event_name":"The Moai Head","floor":44,"gold_loss":0},{"cards_removed":["Tools of the Trade"],"damage_healed":24,"gold_gain":0,"player_choice":"Offered Rare","damage_taken":0,"max_hp_gain":10,"max_hp_loss":0,"event_name":"Bonfire Elementals","floor":46,"gold_loss":0},{"damage_healed":0,"gold_gain":0,"player_choice":"Ignored","damage_taken":0,"max_hp_gain":0,"max_hp_loss":0,"event_name":"Tomb of Lord Red Mask","floor":48,"gold_loss":0}],"is_beta":false,"boss_relics":[{"not_picked":["Eternal Feather","Sozu"],"picked":"Snecko Eye"},{"not_picked":["Black Star","Coffee Dripper"],"picked":"Fusion Hammer"}],"items_purged_floors":[13,28],"is_endless":false,"potions_floor_spawned":[2,4,5,6,16,19,21,30,31,33,36,37,47],"killed_by":"Shield and Spear","ascension_level":15}