{"gold_per_floor":[119,138,138,152,170,170,170,170,217,236,236,236,251,22,22,100,100,111,87,1,1,1,1,13,30,76,91,91,110,129,143,143,143],"floor_reached":33,"playtime":1413,"items_purged":["Pain"],"score":462,"play_id":"199072a9-47cb-4d25-8286-2fdf74e7ac72","local_time":"20190526014031","is_ascension_mode":true,"campfire_choices":[{"data":"Shockwave","floor":6,"key":"SMITH"},{"data":"Bash","floor":8,"key":"SMITH"},{"data":"Heavy Blade","floor":11,"key":"SMITH"},{"floor":15,"key":"REST"},{"data":"Flame Barrier","floor":23,"key":"SMITH"},{"data":"Barricade","floor":32,"key":"SMITH"}],"neow_cost":"NONE","seed_source_timestamp":591382133498574,"circlet_count":0,"master_deck":["AscendersBane","Strike_R+1","Strike_R+1","Strike_R+1","Strike_R+1","Strike_R+1","Defend_R+1","Defend_R+1","Defend_R+1","Defend_R+1","Bash+1","Shrug It Off","Heavy Blade+1","Cleave","Shockwave+1","Headbutt","True Grit","Immolate","Barricade+1","Shrug It Off","Intimidate","Fiend Fire","Flame Barrier+1","Body Slam","Inflame","Sentinel","Whirlwind+1"],"relics":["Burning Blood","WarpedTongs","Omamori","Art of War","Coffee Dripper","War Paint"],"potions_floor_usage":[16,25,29],"damage_taken":[{"damage":6,"enemies":"Cultist","floor":1,"turns":3},{"damage":15,"enemies":"Jaw Worm","floor":2,"turns":5},{"damage":3,"enemies":"2 Louse","floor":4,"turns":4},{"damage":23,"enemies":"Large Slime","floor":5,"turns":7},{"damage":9,"enemies":"Blue Slaver","floor":10,"turns":4},{"damage":14,"enemies":"Gremlin Gang","floor":13,"turns":5},{"damage":49,"enemies":"Hexaghost","floor":16,"turns":9},{"damage":32,"enemies":"Shell Parasite","floor":18,"turns":6},{"damage":17,"enemies":"2 Thieves","floor":19,"turns":4},{"damage":0,"enemies":"Chosen and Byrds","floor":24,"turns":9},{"damage":11,"enemies":"Shelled Parasite and Fungi","floor":25,"turns":4},{"damage":0,"enemies":"Cultist and Chosen","floor":27,"turns":3},{"damage":16,"enemies":"Centurion and Healer","floor":29,"turns":4},{"damage":4,"enemies":"Chosen and Byrds","floor":30,"turns":5},{"damage":24,"enemies":"Snake Plant","floor":31,"turns":4},{"damage":26,"enemies":"Collector","floor":33,"turns":6}],"seed_played":"-3869361065812884086","potions_obtained":[{"floor":1,"key":"Strength Potion"},{"floor":5,"key":"Weak Potion"},{"floor":19,"key":"Swift Potion"},{"floor":27,"key":"SneckoOil"},{"floor":31,"key":"Fire Potion"}],"is_trial":false,"path_per_floor":["?","M","M","?","?","M","$","?","?","M","M","?"],"character_chosen":"IRONCLAD","items_purchased":["Immolate","Fiend Fire"],"campfire_rested":1,"item_purchase_floors":[14,20],"current_hp_per_floor":[75,66,66,69,52,52,57,57,57,54,54,54,46,46,72,29,73,47,36,36,36,36,36,42,37,37,43,43,33,35,17,17,0],"gold":143,"neow_bonus":"TEN_PERCENT_HP_BONUS","is_prod":false,"is_daily":false,"chose_seed":false,"campfire_upgraded":5,"win_rate":0,"timestamp":1558849231,"path_taken":["M","M","?","?","?","R","?","R","T","M","R","?","M","$","R","BOSS","M","?","?","?","?","R","M","?","T","?","?","M","M","M","R","BOSS"],"build_version":"2019-01-23","purchased_purges":1,"victory":false,"max_hp_per_floor":[82,82,82,82,82,82,87,87,87,87,87,87,87,87,87,87,87,87,87,87,87,87,87,87,87,87,87,87,87,87,87,87,87],"card_choices":[{"not_picked":["Body Slam","Headbutt"],"picked":"Shrug It Off","floor":1},{"not_picked":["Wild Strike","True Grit"],"picked":"Heavy Blade","floor":2},{"not_picked":["Iron Wave","Twin Strike"],"picked":"Cleave","floor":4},{"not_picked":["True Grit","Flex"],"picked":"Shockwave","floor":5},{"not_picked":["True Grit","Blood for Blood"],"picked":"Headbutt","floor":10},{"not_picked":["Reckless Charge","Havoc"],"picked":"True Grit","floor":13},{"not_picked":["Bludgeon","Impervious"],"picked":"Barricade","floor":16},{"not_picked":["Searing Blow","Heavy Blade"],"picked":"Shrug It Off","floor":18},{"not_picked":["Sword Boomerang","Reckless Charge"],"picked":"Intimidate","floor":19},{"not_picked":["Sword Boomerang","Second Wind"],"picked":"Body Slam","floor":24},{"not_picked":["Power Through","Clothesline","Anger"],"picked":"SKIP","floor":25},{"not_picked":["Sever Soul+1","Shockwave"],"picked":"Inflame","floor":27},{"not_picked":["Reckless Charge","Pummel"],"picked":"Sentinel","floor":29},{"not_picked":["Pommel Strike","Flex"],"picked":"Whirlwind+1","floor":30},{"not_picked":["Wild Strike","Pommel Strike","Combust"],"picked":"SKIP","floor":31}],"player_experience":706528,"relics_obtained":[{"floor":9,"key":"Omamori"},{"floor":26,"key":"War Paint"}],"event_choices":[{"damage_healed":0,"gold_gain":0,"player_choice":"Rummage","damage_taken":0,"relics_obtained":["WarpedTongs"],"max_hp_gain":0,"max_hp_loss":0,"event_name":"Accursed Blacksmith","floor":3,"gold_loss":0,"cards_obtained":["Pain"]},{"damage_healed":0,"gold_gain":0,"player_choice":"Donut","damage_taken":0,"max_hp_gain":5,"max_hp_loss":0,"event_name":"Big Fish","floor":7,"gold_loss":0},{"damage_healed":0,"gold_gain":0,"player_choice":"Gave Potion","damage_taken":0,"relics_obtained":["Art of War"],"max_hp_gain":0,"max_hp_loss":0,"event_name":"WeMeetAgain","floor":12,"gold_loss":0},{"damage_healed":0,"gold_gain":0,"player_choice":"Read","damage_taken":0,"max_hp_gain":0,"max_hp_loss":0,"event_name":"The Library","floor":21,"gold_loss":0,"cards_obtained":["Flame Barrier"]},{"damage_healed":0,"gold_gain":0,"player_choice":"Ignored","damage_taken":0,"max_hp_gain":0,"max_hp_loss":0,"event_name":"Cursed Tome","floor":22,"gold_loss":0},{"damage_healed":0,"gold_gain":0,"player_choice":"Simplicity","damage_taken":0,"max_hp_gain":0,"max_hp_loss":0,"event_name":"Back to Basics","floor":28,"gold_loss":0,"cards_upgraded":["Strike_R","Strike_R","Strike_R","Strike_R","Strike_R","Defend_R","Defend_R"]}],"is_beta":false,"boss_relics":[{"not_picked":["Runic Dome","Lizard Tail"],"picked":"Coffee Dripper"}],"items_purged_floors":[14],"is_endless":false,"potions_floor_spawned":[1,5,19,27,31],"killed_by":"Collector","ascension_level":18}