{"gold_per_floor":[117,117,117,137,6,41,41,70,96,111,143,108,125,173,173,245,245,265,265,265,284,34,66,78,107,133,133,151,151,151,36,36,115,115,134,134,37,50,50,50,62,62,88,103,128,143,177,188,188,188,188,188,3,35,35],"floor_reached":56,"playtime":4708,"items_purged":["Strike_R"],"score":2103,"play_id":"30335633-042c-4e2a-91a0-9f00e050b372","local_time":"20190522031539","is_ascension_mode":true,"campfire_choices":[{"data":"Uppercut","floor":7,"key":"SMITH"},{"floor":15,"key":"REST"},{"data":"Armaments","floor":27,"key":"SMITH"},{"data":"Corruption","floor":29,"key":"SMITH"},{"data":"Shockwave","floor":32,"key":"SMITH"},{"data":"Heavy Blade","floor":40,"key":"SMITH"},{"floor":42,"key":"RECALL"},{"data":"Limit Break","floor":49,"key":"SMITH"},{"data":"Disarm","floor":52,"key":"SMITH"}],"neow_cost":"NONE","seed_source_timestamp":248180714253996,"circlet_count":0,"master_deck":["AscendersBane","Strike_R","Strike_R","Strike_R","Defend_R","Defend_R","Defend_R","Defend_R","Bash+1","Shrug It Off","Uppercut+1","Limit Break+1","Heavy Blade+1","Battle Trance","Infernal Blade","Inflame","Disarm+1","Feed","Shockwave+1","Corruption+1","Headbutt","Inflame","Shockwave","Armaments+1","Metallicize","True Grit+1","Metallicize","Reaper","Evolve","Madness","Body Slam","Entrench","Reaper","Limit Break","Infernal Blade","Ghostly Armor+1","Clash+1","Apotheosis","Heavy Blade"],"relics":["Burning Blood","Strawberry","Pen Nib","Lantern","Orichalcum","Bag of Preparation","Champion Belt","Vajra","Mark of Pain","ClockworkSouvenir","Bottled Flame","Bottled Tornado","Bag of Marbles","Snecko Eye","Red Skull","Mummified Hand","Ginger"],"potions_floor_usage":[21,23,45,50,55],"damage_taken":[{"damage":3,"enemies":"2 Louse","floor":1,"turns":3},{"damage":0,"enemies":"Jaw Worm","floor":4,"turns":3},{"damage":25,"enemies":"Lagavulin","floor":6,"turns":7},{"damage":20,"enemies":"Gremlin Nob","floor":8,"turns":4},{"damage":0,"enemies":"Cultist","floor":10,"turns":2},{"damage":30,"enemies":"Lagavulin","floor":11,"turns":6},{"damage":0,"enemies":"Exordium Wildlife","floor":13,"turns":2},{"damage":15,"enemies":"Hexaghost","floor":16,"turns":8},{"damage":1,"enemies":"Shell Parasite","floor":18,"turns":2},{"damage":12,"enemies":"3 Byrds","floor":21,"turns":4},{"damage":37,"enemies":"Slavers","floor":23,"turns":8},{"damage":4,"enemies":"Centurion and Healer","floor":24,"turns":3},{"damage":0,"enemies":"Gremlin Leader","floor":25,"turns":7},{"damage":5,"enemies":"Shelled Parasite and Fungi","floor":28,"turns":7},{"damage":53,"enemies":"Collector","floor":33,"turns":8},{"damage":10,"enemies":"3 Darklings","floor":35,"turns":6},{"damage":0,"enemies":"Orb Walker","floor":38,"turns":5},{"damage":17,"enemies":"3 Darklings","floor":41,"turns":6},{"damage":29,"enemies":"Spire Growth","floor":44,"turns":7},{"damage":45,"enemies":"Nemesis","floor":45,"turns":5},{"damage":3,"enemies":"Jaw Worm Horde","floor":46,"turns":3},{"damage":27,"enemies":"Reptomancer","floor":47,"turns":3},{"damage":4,"enemies":"Transient","floor":48,"turns":5},{"damage":47,"enemies":"Donu and Deca","floor":50,"turns":6},{"damage":25,"enemies":"Shield and Spear","floor":54,"turns":4},{"damage":85,"enemies":"The Heart","floor":55,"turns":8}],"seed_played":"-9019919823558802739","potions_obtained":[{"floor":4,"key":"LiquidBronze"},{"floor":6,"key":"Poison Potion"},{"floor":16,"key":"Dexterity Potion"},{"floor":21,"key":"FairyPotion"},{"floor":28,"key":"Weak Potion"},{"floor":35,"key":"SkillPotion"},{"floor":45,"key":"Explosive Potion"},{"floor":47,"key":"Strength Potion"},{"floor":54,"key":"Swift Potion"}],"is_trial":false,"path_per_floor":["?","?","M","?","T","?","?","?","?","?","M"],"character_chosen":"IRONCLAD","items_purchased":["Limit Break","Heavy Blade","ClockworkSouvenir","Inflame","Metallicize","Madness","Apotheosis"],"campfire_rested":1,"item_purchase_floors":[5,5,22,22,31,37,53],"current_hp_per_floor":[78,67,67,73,73,54,54,40,40,46,22,42,48,48,72,63,77,82,82,82,76,76,48,53,59,59,59,63,63,63,63,63,16,72,91,91,91,95,95,95,98,98,98,91,57,106,85,109,109,103,108,108,108,113,86],"gold":35,"neow_bonus":"RANDOM_COMMON_RELIC","is_prod":false,"is_daily":false,"chose_seed":false,"campfire_upgraded":7,"win_rate":0,"timestamp":1558509339,"path_taken":["M","?","?","M","$","E","R","E","T","?","E","?","M","?","R","BOSS","M","?","?","M","$","E","M","E","T","R","M","R","?","$","R","BOSS","M","?","$","M","?","R","?","R","T","M","E","M","E","M","R","BOSS","R","$","E","BOSS"],"build_version":"2019-01-23","purchased_purges":1,"victory":true,"max_hp_per_floor":[82,82,82,82,82,82,82,82,82,82,82,82,82,82,82,82,82,82,82,82,82,82,85,88,88,88,88,91,91,91,91,91,91,91,95,95,95,95,95,95,98,98,98,101,105,109,109,109,109,109,109,109,109,113,113],"card_choices":[{"not_picked":["Cleave","True Grit"],"picked":"Shrug It Off","floor":1},{"not_picked":["Clothesline","Headbutt"],"picked":"Uppercut","floor":4},{"not_picked":["Metallicize","Flex"],"picked":"Battle Trance","floor":6},{"not_picked":["Wild Strike","Rupture"],"picked":"Infernal Blade","floor":8},{"not_picked":["Blood for Blood","Body Slam"],"picked":"Inflame","floor":10},{"not_picked":["Sentinel","Shrug It Off"],"picked":"Disarm","floor":11},{"not_picked":["Flex","Wild Strike","Thunderclap"],"picked":"SKIP","floor":13},{"not_picked":["Dark Embrace","Barricade"],"picked":"Feed","floor":16},{"not_picked":["True Grit","Shrug It Off"],"picked":"Shockwave","floor":18},{"not_picked":["Wild Strike","Fire Breathing"],"picked":"Headbutt","floor":21},{"not_picked":["Uppercut","Feel No Pain"],"picked":"Shockwave","floor":23},{"not_picked":["Hemokinesis","Intimidate"],"picked":"Armaments","floor":24},{"not_picked":["Shrug It Off","Brutality"],"picked":"Metallicize","floor":25},{"not_picked":["Clothesline","Perfected Strike+1"],"picked":"True Grit+1","floor":28},{"not_picked":["Immolate","Bludgeon"],"picked":"Reaper","floor":33},{"not_picked":["Rupture+1","Sever Soul+1"],"picked":"Evolve","floor":35},{"not_picked":["Combust","Sword Boomerang"],"picked":"Body Slam","floor":38},{"not_picked":["Shrug It Off","Flex"],"picked":"Entrench","floor":41},{"not_picked":["Wild Strike","Flex+1"],"picked":"Reaper","floor":44},{"not_picked":["Heavy Blade","Metallicize+1"],"picked":"Limit Break","floor":45},{"not_picked":["Armaments","Wild Strike"],"picked":"Infernal Blade","floor":46},{"not_picked":["Pummel","Armaments"],"picked":"Ghostly Armor+1","floor":47},{"not_picked":["Bloodletting","Cleave"],"picked":"Clash+1","floor":48},{"not_picked":["Sword Boomerang","Iron Wave"],"picked":"Heavy Blade","floor":54}],"player_experience":620129,"relics_obtained":[{"floor":6,"key":"Lantern"},{"floor":8,"key":"Orichalcum"},{"floor":9,"key":"Bag of Preparation"},{"floor":11,"key":"Champion Belt"},{"floor":14,"key":"Vajra"},{"floor":23,"key":"Bottled Flame"},{"floor":25,"key":"Bottled Tornado"},{"floor":26,"key":"Bag of Marbles"},{"floor":45,"key":"Red Skull"},{"floor":47,"key":"Mummified Hand"},{"floor":54,"key":"Ginger"}],"event_choices":[{"damage_healed":0,"gold_gain":0,"player_choice":"Success","damage_taken":11,"relics_obtained":["Pen Nib"],"max_hp_gain":0,"max_hp_loss":0,"event_name":"Scrap Ooze","floor":2,"gold_loss":0},{"damage_healed":0,"gold_gain":0,"player_choice":"Grow","damage_taken":0,"max_hp_gain":0,"max_hp_loss":0,"event_name":"Living Wall","floor":3,"gold_loss":0,"cards_upgraded":["Bash"]},{"damage_healed":20,"gold_gain":0,"player_choice":"Healed","damage_taken":0,"max_hp_gain":0,"max_hp_loss":0,"event_name":"The Cleric","floor":12,"gold_loss":35},{"damage_healed":0,"gold_gain":0,"player_choice":"Read","damage_taken":0,"max_hp_gain":0,"max_hp_loss":0,"event_name":"The Library","floor":19,"gold_loss":0,"cards_obtained":["Corruption"]},{"damage_healed":0,"gold_gain":0,"player_choice":"Ignored","damage_taken":0,"max_hp_gain":0,"max_hp_loss":0,"event_name":"Vampires","floor":20,"gold_loss":0},{"damage_healed":0,"gold_gain":0,"player_choice":"Ignored","damage_taken":0,"max_hp_gain":0,"max_hp_loss":0,"event_name":"Ghosts","floor":30,"gold_loss":0},{"damage_healed":0,"gold_gain":0,"player_choice":"Ignored","damage_taken":0,"max_hp_gain":0,"max_hp_loss":0,"event_name":"Tomb of Lord Red Mask","floor":36,"gold_loss":0},{"cards_removed":["Strike_R"],"damage_healed":0,"gold_gain":0,"player_choice":"Offered Basic","damage_taken":0,"max_hp_gain":0,"max_hp_loss":0,"event_name":"Bonfire Elementals","floor":39,"gold_loss":0}],"is_beta":false,"boss_relics":[{"not_picked":["Calling Bell","Lizard Tail"],"picked":"Mark of Pain"},{"not_picked":["Pandora\u0027s Box","Velvet Choker"],"picked":"Snecko Eye"}],"items_purged_floors":[31],"is_endless":false,"potions_floor_spawned":[4,6,16,21,28,35,41,45,47,54],"ascension_level":16}