{"gold_per_floor":[109,109,59,71,71,71,104,104,128,128,197,215,215,226,226,324,324,324,239,209,209,209,209,209,209,209,209,209,84,84,84,84,84,84,84,0,0,0,0,0,0,0,0,0,0,0,0,0,0,0,0,0,0,0,0],"floor_reached":55,"playtime":5231,"items_purged":[],"score":893,"play_id":"7339d325-13d7-4d97-8742-eaed8e60b34f","local_time":"20190531011203","is_ascension_mode":false,"campfire_choices":[{"data":"Zap","floor":6.0,"key":"SMITH"},{"floor":8.0,"key":"REST"},{"data":"Reprogram","floor":13.0,"key":"SMITH"},{"data":"Dualcast","floor":15.0,"key":"SMITH"},{"data":"Biased Cognition","floor":24.0,"key":"SMITH"},{"floor":32.0,"key":"REST"},{"floor":45,"key":"RECALL"},{"floor":49,"key":"REST"},{"data":"Hologram","floor":52,"key":"SMITH"}],"neow_cost":"PERCENT_DAMAGE","seed_source_timestamp":0,"circlet_count":0,"master_deck":["Strike_B","Strike_B+1","Strike_B","Strike_B+1","Defend_B","Defend_B","Defend_B","Defend_B","Zap+1","Dualcast+1","All For One","Go for the Eyes+1","Ball Lightning+1","Reprogram+1","Beam Cell+1","Biased Cognition+1","Go for the Eyes+1","Ball Lightning+1","Ball Lightning+1","Steam Power+1","Go for the Eyes+1","Ghostly","Ghostly","Ghostly","Ghostly","Ghostly","All For One+1","Turbo","Chill","Hologram+1","Streamline+1","Conserve Battery","Gash+1","Reboot"],"special_seed":0,"relics":["Cracked Core","Molten Egg 2","Ice Cream","Happy Flower","Oddly Smooth Stone","Ectoplasm","Centennial Puzzle","Ornamental Fan","Matryoshka","Bag of Marbles","Boot","Regal Pillow","Runic Pyramid","Red Mask","Nunchaku","Question Card","Omamori","Bottled Flame","Gremlin Horn","Darkstone Periapt","Whetstone"],"potions_floor_usage":[46,50,50,55,55,55,55],"damage_taken":[{"damage":8.0,"enemies":"Jaw Worm","floor":1.0,"turns":3.0},{"damage":3.0,"enemies":"Small Slimes","floor":4.0,"turns":4.0},{"damage":16.0,"enemies":"Lagavulin","floor":7.0,"turns":6.0},{"damage":0.0,"enemies":"2 Louse","floor":12.0,"turns":2.0},{"damage":6.0,"enemies":"Exordium Wildlife","floor":14.0,"turns":4.0},{"damage":0.0,"enemies":"Slime Boss","floor":16.0,"turns":4.0},{"damage":0.0,"enemies":"Spheric Guardian","floor":18.0,"turns":1.0},{"damage":11.0,"enemies":"2 Thieves","floor":20.0,"turns":2.0},{"damage":20.0,"enemies":"3 Cultists","floor":22.0,"turns":5.0},{"damage":0.0,"enemies":"Book of Stabbing","floor":23.0,"turns":3.0},{"damage":13.0,"enemies":"Shelled Parasite and Fungi","floor":25.0,"turns":4.0},{"damage":5.0,"enemies":"Snecko","floor":27.0,"turns":3.0},{"damage":17.0,"enemies":"Slavers","floor":28.0,"turns":4.0},{"damage":1.0,"enemies":"Champ","floor":33.0,"turns":6.0},{"damage":7.0,"enemies":"3 Shapes","floor":35.0,"turns":5.0},{"damage":0.0,"enemies":"2 Orb Walkers","floor":37.0,"turns":4.0},{"damage":0.0,"enemies":"3 Darklings","floor":38.0,"turns":4.0},{"damage":2.0,"enemies":"4 Shapes","floor":40.0,"turns":4.0},{"damage":1.0,"enemies":"Giant Head","floor":42.0,"turns":6.0},{"damage":2,"enemies":"Reptomancer","floor":44,"turns":3},{"damage":4,"enemies":"Spire Growth","floor":46,"turns":3},{"damage":2,"enemies":"Giant Head","floor":47,"turns":7},{"damage":1,"enemies":"Jaw Worm Horde","floor":48,"turns":2},{"damage":4,"enemies":"Time Eater","floor":50,"turns":9},{"damage":0,"enemies":"Shield and Spear","floor":54,"turns":5},{"damage":37,"enemies":"The Heart","floor":55,"turns":6}],"seed_played":"-1429928234078621496","potions_obtained":[{"floor":4.0,"key":"Strength Potion"},{"floor":7.0,"key":"FocusPotion"},{"floor":16.0,"key":"PowerPotion"},{"floor":18.0,"key":"EssenceOfSteel"},{"floor":22.0,"key":"Weak Potion"},{"floor":27.0,"key":"PowerPotion"},{"floor":28.0,"key":"EssenceOfSteel"},{"floor":38.0,"key":"FocusPotion"},{"floor":40.0,"key":"EntropicBrew"},{"floor":46,"key":"Energy Potion"},{"floor":47,"key":"PowerPotion"}],"is_trial":false,"path_per_floor":["M","?","?","M","$","R","E","R","T","?","T","M","R","M","R","B",null,"M","?","M","?","M","E","R","M","T","M","E","$","?","?","R","B",null,"M","?","?","M","?","M","$","E","T","E","R","M","E","M","R","B",null,"R","$","E","B"],"character_chosen":"DEFECT","items_purchased":["Block Potion","FocusPotion"],"campfire_rested":3,"item_purchase_floors":[29,29],"current_hp_per_floor":[46,46,46,43,43,43,27,49,49,37,37,37,37,31,31,31,75,75,75,64,64,44,44,44,31,31,26,9,9,9,9,35,34,37,30,30,30,30,30,28,28,27,27,25,25,21,19,18,37,33,37,37,37,37,0],"gold":0,"neow_bonus":"THREE_RARE_CARDS","is_prod":false,"is_daily":false,"chose_seed":false,"campfire_upgraded":5,"win_rate":0,"timestamp":1559275923,"path_taken":["M","?","?","M","?","R","E","R","T","?","?","M","R","?","R","BOSS","M","?","M","?","M","E","R","M","T","?","E","$","?","?","R","BOSS","M","?","?","M","?","?","$","E","T","E","R","?","E","M","R","BOSS","R","$","E","BOSS"],"build_version":"2019-01-23","purchased_purges":0,"victory":false,"max_hp_per_floor":[75,75,75,75,75,75,75,75,75,75,75,75,75,75,75,75,75,75,75,75,75,75,75,75,75,75,75,75,75,75,37,37,37,37,37,37,37,37,37,37,37,37,37,37,37,37,37,37,37,37,37,37,37,37,37],"card_choices":[{"not_picked":["Multi-Cast","Thunder Strike"],"picked":"All For One","floor":0.0},{"not_picked":["Hologram","Compile Driver","Reinforced Body"],"picked":"SKIP","floor":1.0},{"not_picked":["Steam","Stack"],"picked":"Go for the Eyes+1","floor":4.0},{"not_picked":["Sweeping Beam+1","Thunder Strike+1"],"picked":"Ball Lightning+1","floor":7.0},{"not_picked":["Glacier","Rebound+1"],"picked":"Reprogram","floor":12.0},{"not_picked":["Doom and Gloom+1","Conserve Battery"],"picked":"Beam Cell+1","floor":14.0},{"not_picked":["Buffer","Creative AI"],"picked":"Biased Cognition","floor":16.0},{"not_picked":["Conserve Battery+1","Sweeping Beam+1"],"picked":"Go for the Eyes+1","floor":18.0},{"not_picked":["Hologram","Coolheaded"],"picked":"Ball Lightning+1","floor":20.0},{"not_picked":["Meteor Strike+1","Doom and Gloom+1","Force Field+1"],"picked":"SKIP","floor":22.0},{"not_picked":["Reprogram+1","Storm"],"picked":"Ball Lightning+1","floor":23.0},{"not_picked":["Storm","Barrage+1","Cold Snap+1"],"picked":"SKIP","floor":25.0},{"not_picked":["Aggregate","Lockon+1"],"picked":"Steam Power+1","floor":27.0},{"not_picked":["Buffer","Genetic Algorithm+1"],"picked":"Go for the Eyes+1","floor":28.0},{"not_picked":["Thunder Strike+1","Buffer"],"picked":"All For One+1","floor":33.0},{"not_picked":["Genetic Algorithm+1","Tempest"],"picked":"Turbo","floor":35.0},{"not_picked":["Ball Lightning+1","Coolheaded+1"],"picked":"Chill","floor":37.0},{"not_picked":["Conserve Battery","Consume"],"picked":"Hologram","floor":38.0},{"not_picked":["Fusion","Undo","Streamline+1"],"picked":"SKIP","floor":40.0},{"not_picked":["Fusion","BootSequence","Coolheaded"],"picked":"SKIP","floor":42.0},{"not_picked":["Fusion","BootSequence","Coolheaded"],"picked":"SKIP","floor":42.0},{"not_picked":["Barrage+1","Self Repair+1","Redo+1"],"picked":"Streamline+1","floor":44},{"not_picked":["Steam","Coolheaded","Rebound+1","Barrage+1"],"picked":"SKIP","floor":46},{"not_picked":["Sweeping Beam+1","Go for the Eyes+1","Core Surge+1"],"picked":"Conserve Battery","floor":47},{"not_picked":["Redo+1","Conserve Battery","Coolheaded"],"picked":"Gash+1","floor":48},{"not_picked":["Melter+1","Reprogram+1","Sweeping Beam+1"],"picked":"Reboot","floor":54}],"player_experience":175590,"relics_obtained":[{"floor":7.0,"key":"Ice Cream"},{"floor":9.0,"key":"Happy Flower"},{"floor":21.0,"key":"Ornamental Fan"},{"floor":23.0,"key":"Matryoshka"},{"floor":26.0,"key":"Bag of Marbles"},{"floor":26.0,"key":"Boot"},{"floor":28.0,"key":"Regal Pillow"},{"floor":37.0,"key":"Nunchaku"},{"floor":42.0,"key":"Question Card"},{"floor":43,"key":"Omamori"},{"floor":43,"key":"Bottled Flame"},{"floor":44,"key":"Gremlin Horn"},{"floor":47,"key":"Darkstone Periapt"},{"floor":54,"key":"Whetstone"}],"event_choices":[{"damage_healed":0.0,"max_hp_gain":0.0,"max_hp_loss":0.0,"gold_gain":0.0,"event_name":"Big Fish","player_choice":"Box","floor":2.0,"gold_loss":0.0,"damage_taken":0.0,"relics_obtained":["Molten Egg 2"],"cards_obtained":["Regret"]},{"cards_removed":["Regret"],"damage_healed":0.0,"max_hp_gain":0.0,"max_hp_loss":0.0,"gold_gain":0.0,"event_name":"The Cleric","player_choice":"Card Removal","floor":3.0,"gold_loss":50.0,"damage_taken":0.0},{"damage_healed":0.0,"max_hp_gain":0.0,"max_hp_loss":0.0,"gold_gain":0.0,"event_name":"Scrap Ooze","player_choice":"Success","floor":10.0,"gold_loss":0.0,"damage_taken":12.0,"relics_obtained":["Oddly Smooth Stone"]},{"damage_healed":0.0,"max_hp_gain":0.0,"max_hp_loss":0.0,"gold_gain":0.0,"event_name":"Addict","player_choice":"Obtained Relic","floor":19.0,"gold_loss":85.0,"damage_taken":0.0,"relics_obtained":["Centennial Puzzle"]},{"damage_healed":0.0,"max_hp_gain":0.0,"max_hp_loss":0.0,"gold_gain":0.0,"event_name":"Wheel of Change","player_choice":"Relic","floor":21.0,"gold_loss":0.0,"damage_taken":0.0},{"damage_healed":0.0,"max_hp_gain":0.0,"max_hp_loss":0.0,"gold_gain":99.0,"event_name":"Nest","player_choice":"Stole From Cult","floor":30.0,"gold_loss":0.0,"damage_taken":0.0},{"damage_healed":0.0,"max_hp_gain":0.0,"max_hp_loss":38.0,"gold_gain":0.0,"event_name":"Ghosts","player_choice":"Became a Ghost","floor":31.0,"gold_loss":0.0,"damage_taken":0.0,"cards_obtained":["Ghostly","Ghostly","Ghostly","Ghostly","Ghostly"]},{"damage_healed":0.0,"max_hp_gain":0.0,"max_hp_loss":0.0,"gold_gain":0.0,"event_name":"Tomb of Lord Red Mask","player_choice":"Paid","floor":36.0,"gold_loss":84.0,"damage_taken":0.0,"relics_obtained":["Red Mask"]},{"damage_healed":0.0,"max_hp_gain":0.0,"max_hp_loss":0.0,"gold_gain":0.0,"event_name":"Mysterious Sphere","player_choice":"Fight","floor":37.0,"gold_loss":0.0,"damage_taken":0.0},{"damage_healed":0.0,"max_hp_gain":0.0,"max_hp_loss":0.0,"gold_gain":0.0,"event_name":"NoteForYourself","player_choice":"Ignored","floor":39.0,"gold_loss":0.0,"damage_taken":0.0}],"is_beta":false,"boss_relics":[{"not_picked":["Coffee Dripper","Philosopher\u0027s Stone"],"picked":"Ectoplasm"},{"not_picked":["Fusion Hammer","Sozu"],"picked":"Runic Pyramid"}],"items_purged_floors":[],"is_endless":false,"potions_floor_spawned":[4,7,16,18,22,27,28,38,40,46,47],"killed_by":"The Heart","ascension_level":0}