{"gold_per_floor":[114,114,132,57,68,97,113,127,153,153,153,153,179,79,79,175,175,190,190,65,84,96,96,114,114,168,202,212,212,62,73,73,73],"floor_reached":33,"playtime":2432,"items_purged":["Defend_B","Defend_B","Strike_B","Doom and Gloom"],"score":277,"play_id":"91552984-8a69-4580-8175-981c5abcddcb","local_time":"20190217221143","is_ascension_mode":false,"campfire_choices":[{"data":"Steam","floor":10,"key":"SMITH"},{"floor":15,"key":"REST"},{"data":"Gash","floor":23,"key":"SMITH"},{"data":"Streamline","floor":25,"key":"SMITH"},{"floor":32,"key":"REST"}],"neow_cost":"NONE","seed_source_timestamp":212810247864662,"circlet_count":0,"master_deck":["Strike_B+1","Strike_B+1","Zap","Dualcast","Streamline+1","Steam+1","BootSequence","Leap+1","Zap+1","Gash+1","Electrodynamics","Leap+1","Streamline+1","Hologram+1","FTL+1","Rebound"],"relics":["Cracked Core","NeowsBlessing","Toxic Egg 2","Strawberry","Whetstone","Sozu","Dream Catcher","Bag of Marbles"],"potions_floor_usage":[6,13,16,16,16,16],"damage_taken":[{"damage":0,"enemies":"Small Slimes","floor":1,"turns":1},{"damage":0,"enemies":"Cultist","floor":3,"turns":1},{"damage":0,"enemies":"2 Louse","floor":5,"turns":1},{"damage":10,"enemies":"Lagavulin","floor":6,"turns":7},{"damage":0,"enemies":"Looter","floor":7,"turns":3},{"damage":0,"enemies":"Exordium Thugs","floor":8,"turns":4},{"damage":9,"enemies":"3 Sentries","floor":13,"turns":4},{"damage":7,"enemies":"Slime Boss","floor":16,"turns":7},{"damage":0,"enemies":"Chosen","floor":18,"turns":3},{"damage":0,"enemies":"Spheric Guardian","floor":21,"turns":3},{"damage":0,"enemies":"Centurion and Healer","floor":22,"turns":6},{"damage":10,"enemies":"3 Cultists","floor":24,"turns":4},{"damage":32,"enemies":"Gremlin Leader","floor":27,"turns":5},{"damage":9,"enemies":"Snake Plant","floor":28,"turns":3},{"damage":0,"enemies":"Snecko","floor":31,"turns":3},{"damage":68,"enemies":"Collector","floor":33,"turns":6}],"seed_played":"-1446457581737912382","potions_obtained":[{"floor":3,"key":"FocusPotion"},{"floor":6,"key":"SkillPotion"},{"floor":8,"key":"SteroidPotion"},{"floor":13,"key":"EntropicBrew"}],"is_trial":false,"path_per_floor":["M","?","M","$","M","E","M","M","T","R","?","?","E","$","R","B",null,"M","?","$","M","M","R","M","R","T","E","M","?","$","M","R","B"],"character_chosen":"DEFECT","items_purchased":[],"campfire_rested":2,"item_purchase_floors":[],"current_hp_per_floor":[75,75,75,75,75,65,65,65,72,72,65,65,56,56,80,73,82,82,82,82,82,82,82,72,72,72,40,31,31,31,31,55,0],"gold":73,"neow_bonus":"THREE_ENEMY_KILL","is_prod":false,"is_daily":false,"chose_seed":false,"campfire_upgraded":3,"win_rate":0.0,"timestamp":1550470303,"path_taken":["M","?","?","$","M","E","?","M","T","R","?","?","E","$","R","BOSS","M","?","$","M","M","R","M","R","T","E","M","?","$","?","R","BOSS"],"build_version":"2019-01-23","purchased_purges":4,"victory":false,"max_hp_per_floor":[75,75,75,75,75,75,75,75,82,82,82,82,82,82,82,82,82,82,82,82,82,82,82,82,82,82,82,82,82,82,82,82,82],"card_choices":[{"not_picked":["Redo","Go for the Eyes"],"picked":"Streamline","floor":1},{"not_picked":["Coolheaded","Stack"],"picked":"Steam","floor":3},{"not_picked":["Conserve Battery","Hologram"],"picked":"BootSequence","floor":5},{"not_picked":["Lockon","Loop"],"picked":"Leap","floor":6},{"not_picked":["Redo+1","Sweeping Beam"],"picked":"Doom and Gloom","floor":7},{"not_picked":["Genetic Algorithm+1","Sweeping Beam","Creative AI"],"picked":"SKIP","floor":8},{"not_picked":["Coolheaded+1","Cold Snap"],"picked":"Gash","floor":13},{"not_picked":["Meteor Strike","Buffer"],"picked":"Electrodynamics","floor":16},{"not_picked":["Sweeping Beam","Steam+1"],"picked":"Leap+1","floor":18},{"not_picked":["Beam Cell","Reprogram+1"],"picked":"Streamline","floor":21},{"not_picked":["Undo+1","Turbo+1","Steam+1"],"picked":"SKIP","floor":22},{"not_picked":["Steam Power+1","Force Field+1"],"picked":"Hologram+1","floor":24},{"not_picked":["Double Energy+1","Doom and Gloom"],"picked":"FTL+1","floor":27},{"not_picked":["Turbo+1","Steam Power+1","Thunder Strike"],"picked":"SKIP","floor":28},{"not_picked":["Coolheaded+1","Compile Driver+1","Turbo+1"],"picked":"SKIP","floor":31},{"not_picked":["Steam+1","Turbo+1"],"picked":"Rebound","floor":32}],"player_experience":66828,"relics_obtained":[{"floor":6,"key":"Toxic Egg 2"},{"floor":9,"key":"Strawberry"},{"floor":13,"key":"Whetstone"},{"floor":26,"key":"Dream Catcher"},{"floor":27,"key":"Bag of Marbles"}],"event_choices":[{"damage_healed":0,"gold_gain":0,"player_choice":"Forge","damage_taken":0,"max_hp_gain":0,"max_hp_loss":0,"event_name":"Accursed Blacksmith","floor":2,"gold_loss":0,"cards_upgraded":["Streamline"]},{"cards_removed":["Strike_B"],"damage_healed":0,"gold_gain":0,"player_choice":"Card Removal","damage_taken":7,"max_hp_gain":0,"max_hp_loss":0,"event_name":"Golden Wing","floor":11,"gold_loss":0},{"damage_healed":0,"gold_gain":0,"player_choice":"1 cards matched","damage_taken":0,"max_hp_gain":0,"max_hp_loss":0,"event_name":"Match and Keep!","floor":12,"gold_loss":0,"cards_obtained":["Zap"]},{"cards_removed":["Defend_B"],"damage_healed":0,"gold_gain":0,"player_choice":"Elegance","damage_taken":0,"max_hp_gain":0,"max_hp_loss":0,"event_name":"Back to Basics","floor":19,"gold_loss":0},{"cards_removed":["Defend_B"],"damage_healed":0,"gold_gain":0,"player_choice":"Offered Basic","damage_taken":0,"max_hp_gain":0,"max_hp_loss":0,"event_name":"Bonfire Elementals","floor":29,"gold_loss":0}],"is_beta":false,"boss_relics":[{"not_picked":["Nuclear Battery","Orrery"],"picked":"Sozu"}],"items_purged_floors":[4,14,20,30],"is_endless":false,"potions_floor_spawned":[3,6,8,13,27,28,31],"killed_by":"Collector","ascension_level":0}