{"gold_per_floor":[111,71,71,14,35,69,69,103,103,103,138,156,200,200,200,319,319,343,12,12,12,25,25,66,66,66,66,66,106,106,137,149,287,299,329,359,49,113,137,137,157,457,457,472,472,472],"floor_reached":47,"playtime":6250,"items_purged":["Defend_G"],"score":814,"play_id":"00058b97-9392-4435-9cd3-2ada04a0b243","local_time":"20190530163708","is_ascension_mode":true,"campfire_choices":[{"data":"Noxious Fumes","floor":7,"key":"SMITH"},{"floor":10,"key":"REST"},{"floor":15,"key":"REST"},{"data":"Footwork","floor":23,"key":"SMITH"},{"floor":25,"key":"DIG"},{"floor":27,"key":"DIG"},{"floor":30,"key":"DIG"},{"floor":32,"key":"DIG"},{"floor":40,"key":"REST"},{"floor":42,"key":"DIG"}],"neow_cost":"NONE","seed_source_timestamp":25933220612400,"circlet_count":0,"master_deck":["Defend_G","Defend_G","Defend_G","Defend_G","Survivor","Neutralize","Cloak And Dagger","Noxious Fumes+1","PiercingWail","Flechettes","Venomology","Blur","Die Die Die","Adrenaline","Footwork+1","Footwork+1","Bane+1","Bite","Bite","Bite","Bite","Bite","Backflip+1","Terror","Die Die Die","Blade Dance+1","Apotheosis","Well Laid Plans","Backflip","Noxious Fumes","Tools of the Trade","Parasite","Footwork"],"relics":["Ring of the Snake","Omamori","Golden Idol","WingedGreaves","PreservedInsect","FossilizedHelix","Shovel","Pantograph","Potion Belt","Pen Nib","Black Star","Ginger","Meat on the Bone","The Specimen","Juzu Bracelet","Strawberry","Matryoshka","Kunai","Gremlin Horn","Bronze Scales","Oddly Smooth Stone","MawBank","Smiling Mask","Bag of Preparation","Lizard Tail","Incense Burner","Old Coin","Centennial Puzzle","Shuriken"],"potions_floor_usage":[12,13,13,16,16,18,18,24,24,29,33,33,33,38,38,39,41,41,41,44,46],"damage_taken":[{"damage":0,"enemies":"2 Louse","floor":1,"turns":2},{"damage":5,"enemies":"Small Slimes","floor":5,"turns":5},{"damage":13,"enemies":"Lagavulin","floor":6,"turns":10},{"damage":21,"enemies":"Gremlin Nob","floor":8,"turns":4},{"damage":5,"enemies":"3 Sentries","floor":11,"turns":8},{"damage":0,"enemies":"Cultist","floor":12,"turns":4},{"damage":9,"enemies":"Lagavulin","floor":13,"turns":7},{"damage":13,"enemies":"The Guardian","floor":16,"turns":12},{"damage":16,"enemies":"Spheric Guardian","floor":18,"turns":7},{"damage":19,"enemies":"3 Byrds","floor":22,"turns":5},{"damage":0,"enemies":"Book of Stabbing","floor":24,"turns":8},{"damage":7,"enemies":"Slavers","floor":29,"turns":5},{"damage":18,"enemies":"Gremlin Leader","floor":31,"turns":5},{"damage":18,"enemies":"Collector","floor":33,"turns":9},{"damage":0,"enemies":"Orb Walker","floor":35,"turns":4},{"damage":0,"enemies":"3 Shapes","floor":36,"turns":4},{"damage":41,"enemies":"2 Orb Walkers","floor":38,"turns":5},{"damage":18,"enemies":"Spire Growth","floor":39,"turns":6},{"damage":1,"enemies":"Maw","floor":41,"turns":7},{"damage":23,"enemies":"Writhing Mass","floor":44,"turns":7},{"damage":16,"enemies":"Donu and Deca","floor":46,"turns":12}],"seed_played":"-3580862231828752501","potions_obtained":[{"floor":8,"key":"Dexterity Potion"},{"floor":11,"key":"SkillPotion"},{"floor":13,"key":"AttackPotion"},{"floor":22,"key":"GhostInAJar"},{"floor":31,"key":"GamblersBrew"},{"floor":33,"key":"Strength Potion"},{"floor":35,"key":"Poison Potion"},{"floor":38,"key":"Ancient Potion"},{"floor":39,"key":"EntropicBrew"},{"floor":41,"key":"Block Potion"}],"is_trial":false,"path_per_floor":["M","$","?","?","M","E","R","E","T","R","E","M","E","T","R","B",null,"M","$","?","?","M","R","E","R","T","R","?","E","R","E","R","B",null,"M","M","$","?","M","R","M","R","T","M","?","B",null],"character_chosen":"THE_SILENT","items_purchased":["Noxious Fumes","Footwork","Ginger","Apotheosis","Well Laid Plans"],"campfire_rested":3,"item_purchase_floors":[2,19,19,37,37],"current_hp_per_floor":[70,70,70,70,65,52,52,31,31,52,47,47,38,38,59,57,70,54,54,54,54,47,47,47,54,54,54,53,53,53,43,43,47,53,53,53,53,27,25,40,52,52,52,38,38,46],"gold":472,"neow_bonus":"RANDOM_COMMON_RELIC","is_prod":false,"is_daily":false,"chose_seed":false,"campfire_upgraded":2,"win_rate":0,"timestamp":1559248628,"path_taken":["M","$","?","?","?","E","R","E","T","R","E","M","E","?","R","BOSS","M","$","?","?","M","R","E","R","T","R","?","E","R","E","R","BOSS","M","M","$","?","M","R","M","R","T","M","?","BOSS"],"build_version":"2019-01-23","purchased_purges":1,"victory":true,"max_hp_per_floor":[70,70,70,70,70,70,70,70,70,70,70,70,70,70,70,70,70,70,70,70,70,70,70,70,77,77,77,53,53,53,53,53,53,53,53,53,53,53,53,53,53,53,53,53,53,53],"card_choices":[{"not_picked":["Prepared","Choke"],"picked":"Cloak And Dagger","floor":1},{"not_picked":["Outmaneuver","Slice"],"picked":"PiercingWail","floor":5},{"not_picked":["Heel Hook","Outmaneuver"],"picked":"Flechettes","floor":6},{"not_picked":["Endless Agony","Prepared"],"picked":"Venomology","floor":8},{"not_picked":["PiercingWail","Dodge and Roll"],"picked":"Blur","floor":11},{"not_picked":["Quick Slash","Flying Knee","Deflect"],"picked":"SKIP","floor":12},{"not_picked":["Flying Knee","Blade Dance"],"picked":"Die Die Die","floor":13},{"not_picked":["Phantasmal Killer","Unload"],"picked":"Adrenaline","floor":16},{"not_picked":["Sucker Punch","Backstab"],"picked":"Footwork+1","floor":18},{"not_picked":["Dagger Throw","Outmaneuver+1","Cloak And Dagger"],"picked":"SKIP","floor":22},{"not_picked":["Tactician","Eviscerate"],"picked":"Bane+1","floor":24},{"not_picked":["Malaise","PiercingWail+1"],"picked":"Backflip+1","floor":29},{"not_picked":["Accuracy+1","Dagger Throw+1"],"picked":"Terror","floor":31},{"not_picked":["Night Terror","Wraith Form v2"],"picked":"Die Die Die","floor":33},{"not_picked":["Dagger Spray","Deadly Poison+1","Tactician+1"],"picked":"SKIP","floor":35},{"not_picked":["Accuracy","Cloak And Dagger"],"picked":"Blade Dance+1","floor":36},{"not_picked":["Heel Hook+1","All Out Attack+1"],"picked":"Backflip","floor":38},{"not_picked":["Finisher+1","Accuracy+1"],"picked":"Noxious Fumes","floor":39},{"not_picked":["Poisoned Stab","Flechettes+1"],"picked":"Tools of the Trade","floor":41},{"not_picked":["Blade Dance","Tactician+1"],"picked":"Footwork","floor":44}],"player_experience":56916,"relics_obtained":[{"floor":6,"key":"PreservedInsect"},{"floor":8,"key":"FossilizedHelix"},{"floor":9,"key":"Shovel"},{"floor":11,"key":"Pantograph"},{"floor":13,"key":"Potion Belt"},{"floor":14,"key":"Pen Nib"},{"floor":24,"key":"The Specimen"},{"floor":24,"key":"Juzu Bracelet"},{"floor":25,"key":"Strawberry"},{"floor":26,"key":"Matryoshka"},{"floor":27,"key":"Kunai"},{"floor":29,"key":"Gremlin Horn"},{"floor":29,"key":"Bronze Scales"},{"floor":30,"key":"Oddly Smooth Stone"},{"floor":31,"key":"MawBank"},{"floor":31,"key":"Smiling Mask"},{"floor":32,"key":"Bag of Preparation"},{"floor":38,"key":"Incense Burner"},{"floor":42,"key":"Old Coin"},{"floor":43,"key":"Centennial Puzzle"},{"floor":43,"key":"Shuriken"}],"event_choices":[{"damage_healed":0,"gold_gain":0,"player_choice":"Take Wound","damage_taken":0,"relics_obtained":["Golden Idol"],"max_hp_gain":0,"max_hp_loss":0,"event_name":"Golden Idol","floor":3,"gold_loss":0,"cards_obtained":["Injury"]},{"damage_healed":0,"gold_gain":0,"player_choice":"Paid Gold","damage_taken":0,"relics_obtained":["WingedGreaves"],"max_hp_gain":0,"max_hp_loss":0,"event_name":"WeMeetAgain","floor":4,"gold_loss":57},{"damage_healed":0,"gold_gain":0,"player_choice":"Opened","damage_taken":0,"relics_obtained":["Meat on the Bone"],"max_hp_gain":0,"max_hp_loss":0,"event_name":"The Mausoleum","floor":20,"gold_loss":0,"cards_obtained":["Writhe"]},{"damage_healed":0,"gold_gain":0,"player_choice":"Became a vampire","damage_taken":0,"max_hp_gain":0,"max_hp_loss":24,"event_name":"Vampires","floor":28,"gold_loss":0,"cards_obtained":["Bite","Bite","Bite","Bite","Bite"]},{"damage_healed":0,"gold_gain":0,"player_choice":"Fight","damage_taken":0,"max_hp_gain":0,"max_hp_loss":0,"event_name":"Mysterious Sphere","floor":38,"gold_loss":0},{"damage_healed":0,"gold_gain":0,"player_choice":"Took Portal","damage_taken":0,"max_hp_gain":0,"max_hp_loss":0,"event_name":"SecretPortal","floor":45,"gold_loss":0}],"is_beta":false,"boss_relics":[{"not_picked":["Velvet Choker","HoveringKite"],"picked":"Black Star"},{"not_picked":["Eternal Feather","Tiny House"],"picked":"Lizard Tail"}],"items_purged_floors":[37],"is_endless":false,"potions_floor_spawned":[8,11,13,22,31,33,35,38,39,41],"ascension_level":1}