{"gold_per_floor":[364,9,9,9,23,23,56,77,77,77,90,105,105,125,125,196,196,210,210,210,87,105,105,134,233,233,233],"floor_reached":27,"playtime":592,"items_purged":["Doubt","Strike_G+1"],"score":389,"play_id":"2670cca4-7d4f-4ea1-869a-ab3ce30eb21b","local_time":"20190529035545","is_ascension_mode":true,"campfire_choices":[{"data":"Noxious Fumes","floor":6.0,"key":"SMITH"},{"data":"Footwork","floor":10.0,"key":"SMITH"},{"data":"Sucker Punch","floor":13.0,"key":"SMITH"},{"data":"Poisoned Stab","floor":15.0,"key":"SMITH"},{"data":"Envenom","floor":23.0,"key":"SMITH"}],"neow_cost":"CURSE","seed_source_timestamp":146758829493174,"circlet_count":0,"master_deck":["AscendersBane","Defend_G+1","Defend_G+1","Defend_G+1","Defend_G+1","Strike_G+1","Strike_G+1","Strike_G+1","Strike_G+1","Survivor","Neutralize","Dagger Spray","Footwork+1","Noxious Fumes+1","Glass Knife","Sucker Punch+1","Dagger Spray","Poisoned Stab+1","Dodge and Roll","Envenom+1","Leg Sweep","Catalyst","Deadly Poison","Escape Plan","Pain"],"special_seed":0,"relics":["Ring of the Snake","ClockworkSouvenir","Shuriken","Odd Mushroom","Nunchaku","Cursed Key","Bottled Lightning","Paper Crane"],"potions_floor_usage":[],"damage_taken":[{"damage":10.0,"enemies":"Jaw Worm","floor":1.0,"turns":5.0},{"damage":4.0,"enemies":"2 Louse","floor":5.0,"turns":2.0},{"damage":20.0,"enemies":"Gremlin Nob","floor":7.0,"turns":5.0},{"damage":9.0,"enemies":"The Mushroom Lair","floor":8.0,"turns":4.0},{"damage":0.0,"enemies":"Small Slimes","floor":11.0,"turns":3.0},{"damage":1.0,"enemies":"Blue Slaver","floor":12.0,"turns":3.0},{"damage":0.0,"enemies":"Exordium Wildlife","floor":14.0,"turns":3.0},{"damage":10.0,"enemies":"Hexaghost","floor":16.0,"turns":9.0},{"damage":2.0,"enemies":"Shell Parasite","floor":18.0,"turns":5.0},{"damage":0.0,"enemies":"3 Byrds","floor":22.0,"turns":3.0},{"damage":50.0,"enemies":"Slavers","floor":24.0,"turns":3.0},{"damage":9,"enemies":"Colosseum Slavers","floor":27,"turns":1}],"seed_played":"-1428264964651027852","potions_obtained":[{"floor":5.0,"key":"Regen Potion"},{"floor":7.0,"key":"GhostInAJar"},{"floor":8.0,"key":"Ancient Potion"},{"floor":11.0,"key":"EssenceOfSteel"},{"floor":16.0,"key":"AttackPotion"}],"is_trial":false,"path_per_floor":["M","$","?","?","M","R","E","?","T","R","M","M","R","M","R","B",null,"M","?","?","$","M","R","E","?","T","?"],"character_chosen":"THE_SILENT","items_purchased":["ClockworkSouvenir","Footwork","Deadly Poison"],"campfire_rested":0,"item_purchase_floors":[2,2,21],"current_hp_per_floor":[49,49,42,42,38,38,33,24,24,24,24,23,23,23,23,13,53,51,51,51,51,51,51,1,1,1,0],"gold":233,"neow_bonus":"TWO_FIFTY_GOLD","is_prod":false,"is_daily":false,"chose_seed":false,"campfire_upgraded":5,"win_rate":0,"timestamp":1559094945,"path_taken":["M","$","?","?","M","R","E","?","T","R","M","M","R","M","R","BOSS","M","?","?","?","?","R","E","?","T","?"],"build_version":"2019-01-23","purchased_purges":2,"victory":false,"max_hp_per_floor":[66,66,66,66,66,66,66,66,66,66,66,66,66,66,66,66,66,66,66,66,66,66,66,66,66,66,66],"card_choices":[{"not_picked":["Quick Slash","PiercingWail"],"picked":"Dagger Spray","floor":1.0},{"not_picked":["Setup","Masterful Stab"],"picked":"Noxious Fumes","floor":5.0},{"not_picked":["Concentrate","Quick Slash"],"picked":"Glass Knife","floor":7.0},{"not_picked":["Prepared","PiercingWail"],"picked":"Sucker Punch","floor":8.0},{"not_picked":["Sucker Punch","Calculated Gamble"],"picked":"Dagger Spray","floor":11.0},{"not_picked":["Deflect","Well Laid Plans"],"picked":"Poisoned Stab","floor":12.0},{"not_picked":["Masterful Stab","Backflip"],"picked":"Dodge and Roll","floor":14.0},{"not_picked":["Bullet Time","After Image"],"picked":"Envenom","floor":16.0},{"not_picked":["Cloak And Dagger","Sucker Punch"],"picked":"Leg Sweep","floor":18.0},{"not_picked":["Deflect","Backflip","Acrobatics"],"picked":"SKIP","floor":22.0},{"not_picked":["Acrobatics","Leg Sweep"],"picked":"Escape Plan","floor":24.0}],"player_experience":264959,"relics_obtained":[{"floor":7.0,"key":"Shuriken"},{"floor":8.0,"key":"Odd Mushroom"},{"floor":9.0,"key":"Nunchaku"},{"floor":24.0,"key":"Bottled Lightning"},{"floor":26.0,"key":"Paper Crane"}],"event_choices":[{"cards_removed":["Defend_G"],"damage_healed":0.0,"max_hp_gain":0.0,"max_hp_loss":0.0,"gold_gain":0.0,"event_name":"Golden Wing","player_choice":"Card Removal","floor":3.0,"gold_loss":0.0,"damage_taken":7.0},{"damage_healed":0.0,"max_hp_gain":0.0,"max_hp_loss":0.0,"gold_gain":0.0,"event_name":"The Cleric","player_choice":"Leave","floor":4.0,"gold_loss":0.0,"damage_taken":0.0},{"damage_healed":0.0,"max_hp_gain":0.0,"max_hp_loss":0.0,"gold_gain":0.0,"event_name":"Mushrooms","player_choice":"Fought Mushrooms","floor":8.0,"gold_loss":0.0,"damage_taken":0.0},{"damage_healed":0.0,"max_hp_gain":0.0,"max_hp_loss":0.0,"gold_gain":0.0,"event_name":"Back to Basics","player_choice":"Simplicity","floor":19.0,"gold_loss":0.0,"damage_taken":0.0,"cards_upgraded":["Defend_G","Defend_G","Defend_G","Defend_G","Strike_G","Strike_G","Strike_G","Strike_G","Strike_G"]},{"damage_healed":0.0,"max_hp_gain":0.0,"max_hp_loss":0.0,"gold_gain":0.0,"event_name":"The Library","player_choice":"Read","floor":20.0,"gold_loss":0.0,"damage_taken":0.0,"cards_obtained":["Catalyst"]},{"damage_healed":0.0,"max_hp_gain":0.0,"max_hp_loss":0.0,"gold_gain":99.0,"event_name":"Nest","player_choice":"Stole From Cult","floor":25.0,"gold_loss":0.0,"damage_taken":0.0},{"damage_healed":0,"gold_gain":0,"player_choice":"Fight","damage_taken":0,"max_hp_gain":0,"max_hp_loss":0,"event_name":"Colosseum","floor":27,"gold_loss":0}],"is_beta":false,"boss_relics":[{"not_picked":["Sozu","Pandora\u0027s Box"],"picked":"Cursed Key"}],"items_purged_floors":[2,21],"is_endless":false,"potions_floor_spawned":[5,7,8,11,16,18],"killed_by":"Colosseum Slavers","ascension_level":14}