{"gold_per_floor":[117,117,128,53,71,71,105,105,105,115,115,115,145,145,145,145],"floor_reached":16,"playtime":1260,"items_purged":["Defend_R"],"score":108,"play_id":"3378362f-c8f4-4e1f-b884-61d615cb0d95","local_time":"20190216172112","is_ascension_mode":false,"campfire_choices":[{"data":"Iron Wave","floor":6,"key":"SMITH"},{"data":"Cleave","floor":8,"key":"SMITH"},{"data":"Metallicize","floor":12,"key":"SMITH"},{"data":"Shrug It Off","floor":15,"key":"SMITH"}],"neow_cost":"NONE","seed_source_timestamp":170988142790845,"circlet_count":0,"master_deck":["Strike_R","Strike_R","Strike_R","Strike_R","Defend_R+1","Defend_R","Defend_R","Bash","Shrug It Off+1","Defend_G+1","Iron Wave+1","Cleave+1","Metallicize+1"],"relics":["Burning Blood","Paper Frog","Darkstone Periapt","Juzu Bracelet"],"potions_floor_usage":[13,16,16],"damage_taken":[{"damage":4,"enemies":"Small Slimes","floor":1,"turns":5},{"damage":1,"enemies":"Cultist","floor":3,"turns":4},{"damage":0,"enemies":"2 Louse","floor":5,"turns":3},{"damage":17,"enemies":"3 Sentries","floor":7,"turns":8},{"damage":2,"enemies":"Looter","floor":10,"turns":3},{"damage":12,"enemies":"Lagavulin","floor":13,"turns":8},{"damage":63,"enemies":"Hexaghost","floor":16,"turns":16}],"seed_played":"6728479830655268330","potions_obtained":[{"floor":3,"key":"Weak Potion"},{"floor":10,"key":"Poison Potion"},{"floor":13,"key":"Poison Potion"}],"is_trial":false,"path_per_floor":["M","?","M","$","M","R","E","R","T","M","?","R","E","?","R","B"],"character_chosen":"IRONCLAD","items_purchased":[],"campfire_rested":0,"item_purchase_floors":[],"current_hp_per_floor":[88,88,88,88,88,88,77,77,77,81,86,86,80,61,61,0],"gold":145,"neow_bonus":"TEN_PERCENT_HP_BONUS","is_prod":false,"is_daily":false,"chose_seed":false,"campfire_upgraded":4,"win_rate":0.0,"timestamp":1550366472,"path_taken":["M","?","?","?","?","R","E","R","T","M","?","R","E","?","R","BOSS"],"build_version":"2019-01-23","purchased_purges":1,"victory":false,"max_hp_per_floor":[88,88,88,88,88,88,88,88,88,88,93,93,93,93,93,93],"card_choices":[{"not_picked":["Pommel Strike","Clothesline"],"picked":"Shrug It Off","floor":1},{"not_picked":["Perfected Strike","Flex"],"picked":"Iron Wave","floor":3},{"not_picked":["Anger","Clash"],"picked":"Cleave","floor":5},{"not_picked":["Clash","Cleave","Headbutt"],"picked":"SKIP","floor":7},{"not_picked":["Heavy Blade","Battle Trance"],"picked":"Metallicize","floor":10},{"not_picked":["Reckless Charge","Intimidate","Clash"],"picked":"SKIP","floor":13}],"player_experience":31145,"relics_obtained":[{"floor":7,"key":"Paper Frog"},{"floor":9,"key":"Darkstone Periapt"},{"floor":13,"key":"Juzu Bracelet"}],"event_choices":[{"cards_removed":["Strike_R"],"damage_healed":0,"gold_gain":0,"player_choice":"Took Card","damage_taken":0,"max_hp_gain":0,"max_hp_loss":0,"event_name":"NoteForYourself","floor":2,"gold_loss":0,"cards_obtained":["Defend_G"]},{"damage_healed":0,"gold_gain":0,"player_choice":"Donut","damage_taken":0,"max_hp_gain":5,"max_hp_loss":0,"event_name":"Big Fish","floor":11,"gold_loss":0},{"damage_healed":0,"gold_gain":0,"player_choice":"Entered Light","damage_taken":19,"max_hp_gain":0,"max_hp_loss":0,"event_name":"Shining Light","floor":14,"gold_loss":0,"cards_upgraded":["Defend_G","Defend_R"]}],"is_beta":false,"boss_relics":[],"items_purged_floors":[4],"is_endless":false,"potions_floor_spawned":[3,10,13],"killed_by":"Hexaghost","ascension_level":0}