{"gold_per_floor":[162,162,17,192,192,218,237,237,237,247,279,279,292,292],"floor_reached":14,"playtime":741,"items_purged":[],"score":108,"play_id":"80b42e08-9373-4010-bdf2-b8c55ccf9490","local_time":"20181009025859","is_ascension_mode":true,"campfire_choices":[{"floor":8,"key":"REST"},{"floor":12,"key":"REST"}],"neow_cost":"NONE","seed_source_timestamp":479668952974691,"circlet_count":0,"master_deck":["Defend_G","Defend_G","Defend_G","Defend_G","Strike_G+1","Strike_G","Strike_G","Strike_G","Strike_G","Survivor","Neutralize","Catalyst","Cloak And Dagger","Doubt","Crippling Poison","Backflip","Dodge and Roll","Poisoned Stab","Masterful Stab","Flying Knee"],"relics":["Tiny House","Happy Flower","Paper Crane","Smiling Mask","Bottled Flame"],"potions_floor_usage":[6,11,11,13],"damage_taken":[{"damage":9,"enemies":"Cultist","floor":1,"turns":5},{"damage":60,"enemies":"Gremlin Nob","floor":6,"turns":7},{"damage":2,"enemies":"Jaw Worm","floor":7,"turns":4},{"damage":0,"enemies":"2 Louse","floor":10,"turns":4},{"damage":20,"enemies":"3 Sentries","floor":11,"turns":11},{"damage":16,"enemies":"2 Fungi Beasts","floor":13,"turns":4},{"damage":13,"enemies":"Blue Slaver","floor":14,"turns":1}],"seed_played":"-2286195590251329716","potions_obtained":[{"floor":0,"key":"Weak Potion"},{"floor":2,"key":"Weak Potion"},{"floor":2,"key":"Dexterity Potion"},{"floor":7,"key":"Dexterity Potion"},{"floor":11,"key":"GhostInAJar"},{"floor":13,"key":"Strength Potion"}],"is_trial":false,"path_per_floor":["M","?","$","?","?","E","M","R","T","M","E","R","M"],"character_chosen":"THE_SILENT","items_purchased":["Happy Flower"],"campfire_rested":2,"item_purchase_floors":[3],"current_hp_per_floor":[66,66,66,66,66,6,4,26,26,26,6,28,12,0],"gold":292,"neow_bonus":"BOSS_RELIC","is_prod":false,"is_daily":false,"chose_seed":false,"campfire_upgraded":0,"win_rate":0,"timestamp":1539068339,"path_taken":["M","?","$","?","?","E","M","R","T","M","E","R","M","?"],"build_version":"2018-09-06","purchased_purges":0,"victory":false,"max_hp_per_floor":[75,75,75,75,75,75,75,75,75,75,75,75,75,75],"card_choices":[{"not_picked":["Backflip","Dagger Throw"],"picked":"Catalyst","floor":0},{"not_picked":["Deflect","Underhanded Strike"],"picked":"Cloak And Dagger","floor":1},{"not_picked":["Escape Plan","Noxious Fumes"],"picked":"Backflip","floor":6},{"not_picked":["Slice","Distraction"],"picked":"Dodge and Roll","floor":7},{"not_picked":["Footwork","Glass Knife"],"picked":"Poisoned Stab","floor":10},{"not_picked":["Blade Dance","Catalyst"],"picked":"Masterful Stab","floor":11},{"not_picked":["Terror","Distraction"],"picked":"Flying Knee","floor":13}],"player_experience":75525,"relics_obtained":[{"floor":6,"key":"Paper Crane"},{"floor":9,"key":"Smiling Mask"},{"floor":11,"key":"Bottled Flame"}],"event_choices":[{"event_name":"The Lab","player_choice":"Got Potions","floor":2,"damage_taken":0},{"event_name":"Liars Game","player_choice":"agreed","floor":4,"damage_taken":0},{"event_name":"Living Wall","player_choice":"Change","floor":5,"damage_taken":0}],"is_beta":false,"boss_relics":[],"items_purged_floors":[],"is_endless":false,"potions_floor_spawned":[7,11,13],"killed_by":"Blue Slaver","ascension_level":2}