{"gold_per_floor":[113,128,138,138,138,138,171,171,198,211,231,249,120,133,133,231,231,247,4,4,4,4,4,17,43,118,148,162,175,175,187,187,287,287,306,406,406,2,15,41,41,75,75,25,70,81,81,41,41,41],"floor_reached":51,"playtime":3364,"items_purged":["Strike_B","Strike_B"],"score":889,"play_id":"6e85379b-56a0-4a61-99b8-d149b6746e74","local_time":"20190531191114","is_ascension_mode":true,"campfire_choices":[{"data":"Compile Driver","floor":6,"key":"SMITH"},{"floor":8,"key":"REST"},{"data":"Consume","floor":15,"key":"SMITH"},{"data":"Loop","floor":23,"key":"SMITH"},{"data":"Barrage","floor":30,"key":"SMITH"},{"data":"Blizzard","floor":32,"key":"SMITH"},{"data":"Echo Form","floor":41,"key":"SMITH"},{"floor":47,"key":"REST"},{"floor":49,"key":"DIG"}],"neow_cost":"NONE","seed_source_timestamp":449714935744670,"circlet_count":0,"master_deck":["Strike_B+1","Defend_B","Defend_B","Defend_B","Zap+1","Dualcast+1","Consume+1","Compile Driver+1","Self Repair","Cold Snap+1","Loop+1","Go for the Eyes","Self Repair","Coolheaded","Chill","Hologram","All For One","Barrage+1","Consume+1","Capacitor","Barrage+1","Streamline+1","Conserve Battery","Coolheaded+1","Blizzard+1","Echo Form+1","Beam Cell+1","Madness","Madness","Reboot","Defragment","Glacier","Capacitor","Double Energy+1"],"relics":["Cracked Core","Smiling Mask","Happy Flower","Philosopher\u0027s Stone","Runic Capacitor","Gambling Chip","Pear","Anchor","Sozu","Shovel","ClockworkSouvenir","Whetstone","Mummified Hand","Symbiotic Virus","Peace Pipe","Thread and Needle"],"potions_floor_usage":[16,40,40],"damage_taken":[{"damage":1,"enemies":"Jaw Worm","floor":1,"turns":4},{"damage":8,"enemies":"2 Louse","floor":2,"turns":2},{"damage":7,"enemies":"Small Slimes","floor":3,"turns":3},{"damage":50,"enemies":"3 Sentries","floor":7,"turns":7},{"damage":9,"enemies":"Red Slaver","floor":10,"turns":3},{"damage":10,"enemies":"Blue Slaver","floor":11,"turns":4},{"damage":6,"enemies":"2 Fungi Beasts","floor":12,"turns":3},{"damage":5,"enemies":"Looter","floor":14,"turns":4},{"damage":11,"enemies":"Hexaghost","floor":16,"turns":13},{"damage":23,"enemies":"Chosen","floor":18,"turns":5},{"damage":4,"enemies":"Spheric Guardian","floor":24,"turns":3},{"damage":7,"enemies":"Slavers","floor":25,"turns":7},{"damage":20,"enemies":"Book of Stabbing","floor":27,"turns":6},{"damage":0,"enemies":"Chosen and Byrds","floor":28,"turns":5},{"damage":0,"enemies":"3 Cultists","floor":29,"turns":6},{"damage":7,"enemies":"Centurion and Healer","floor":31,"turns":6},{"damage":12,"enemies":"Automaton","floor":33,"turns":10},{"damage":0,"enemies":"Orb Walker","floor":35,"turns":3},{"damage":0,"enemies":"Mind Bloom Boss Battle","floor":36,"turns":6},{"damage":0,"enemies":"3 Shapes","floor":39,"turns":4},{"damage":7,"enemies":"Reptomancer","floor":40,"turns":7},{"damage":23,"enemies":"Nemesis","floor":42,"turns":9},{"damage":45,"enemies":"2 Orb Walkers","floor":45,"turns":5},{"damage":0,"enemies":"Transient","floor":46,"turns":5},{"damage":72,"enemies":"Awakened One","floor":50,"turns":15}],"seed_played":"814732249345205732","potions_obtained":[{"floor":3,"key":"FairyPotion"},{"floor":7,"key":"Swift Potion"},{"floor":11,"key":"Fire Potion"},{"floor":16,"key":"SkillPotion"}],"is_trial":false,"path_per_floor":["M","M","M","?","?","R","E","R","T","M","M","M","$","M","R","B",null,"M","$","?","$","?","R","M","E","T","E","M","M","R","M","R","B",null,"M","?","?","$","M","E","R","E","T","$","?","M","R","?","R","B",null],"character_chosen":"DEFECT","items_purchased":["Coolheaded","Chill","Runic Capacitor","ClockworkSouvenir","Reboot","Defragment"],"campfire_rested":2,"item_purchase_floors":[13,13,19,38,38,38],"current_hp_per_floor":[74,66,59,59,52,52,9,31,31,22,19,20,20,29,29,32,75,66,66,66,66,66,66,69,75,85,79,85,85,85,85,85,80,85,85,85,74,74,85,85,85,83,83,83,52,66,85,85,85,27],"gold":41,"neow_bonus":"REMOVE_CARD","is_prod":false,"is_daily":false,"chose_seed":false,"campfire_upgraded":6,"win_rate":0,"timestamp":1559344274,"path_taken":["M","M","M","?","?","R","E","R","T","M","M","M","$","M","R","BOSS","M","$","?","$","?","R","M","E","T","E","M","M","R","M","R","BOSS","M","?","?","$","M","E","R","E","T","$","?","M","R","?","R","BOSS"],"build_version":"2019-01-23","purchased_purges":2,"victory":true,"max_hp_per_floor":[75,75,75,75,75,75,75,75,75,75,75,75,75,75,75,75,75,75,75,75,75,75,75,75,75,85,85,85,85,85,85,85,85,85,85,85,85,85,85,85,85,85,85,85,85,85,85,85,85,85],"card_choices":[{"not_picked":["Barrage","Steam"],"picked":"Consume","floor":1},{"not_picked":["Reprogram","Hologram"],"picked":"Compile Driver","floor":2},{"not_picked":["Steam","Sweeping Beam"],"picked":"Self Repair","floor":3},{"not_picked":["Hello World","Beam Cell"],"picked":"Cold Snap","floor":7},{"not_picked":["Streamline","Melter"],"picked":"Loop","floor":10},{"not_picked":["Sunder","Machine Learning"],"picked":"Go for the Eyes","floor":11},{"not_picked":["Go for the Eyes","Barrage"],"picked":"Self Repair","floor":12},{"not_picked":["Hello World","Force Field"],"picked":"Hologram","floor":14},{"not_picked":["Thunder Strike","Fission"],"picked":"All For One","floor":16},{"not_picked":["Streamline","Auto Shields+1"],"picked":"Barrage+1","floor":18},{"not_picked":["Genetic Algorithm","Turbo"],"picked":"Capacitor","floor":24},{"not_picked":["Compile Driver","Skim"],"picked":"Barrage","floor":25},{"not_picked":["Loop","Heatsinks"],"picked":"Streamline+1","floor":27},{"not_picked":["Turbo+1","Barrage+1"],"picked":"Conserve Battery","floor":28},{"not_picked":["Sunder","Multi-Cast"],"picked":"Coolheaded+1","floor":29},{"not_picked":["Steam Power+1","Coolheaded+1"],"picked":"Blizzard","floor":31},{"not_picked":["Machine Learning","Creative AI"],"picked":"Echo Form","floor":33},{"not_picked":["Leap+1","Turbo","Chaos"],"picked":"SKIP","floor":35},{"not_picked":["Leap","Cold Snap+1"],"picked":"Beam Cell+1","floor":36},{"not_picked":["Chaos+1","Coolheaded"],"picked":"Glacier","floor":39},{"not_picked":["Fission","Melter","Skim"],"picked":"SKIP","floor":40},{"not_picked":["Streamline+1","Compile Driver","Redo+1"],"picked":"SKIP","floor":42},{"not_picked":["Beam Cell","Compile Driver"],"picked":"Capacitor","floor":45},{"not_picked":["Gash","Meteor Strike"],"picked":"Double Energy+1","floor":46}],"player_experience":315705,"relics_obtained":[{"floor":7,"key":"Smiling Mask"},{"floor":9,"key":"Happy Flower"},{"floor":25,"key":"Gambling Chip"},{"floor":26,"key":"Pear"},{"floor":27,"key":"Anchor"},{"floor":36,"key":"Shovel"},{"floor":40,"key":"Whetstone"},{"floor":42,"key":"Mummified Hand"},{"floor":43,"key":"Symbiotic Virus"},{"floor":45,"key":"Peace Pipe"},{"floor":49,"key":"Thread and Needle"}],"event_choices":[{"damage_healed":0,"gold_gain":0,"player_choice":"Ignored","damage_taken":0,"max_hp_gain":0,"max_hp_loss":0,"event_name":"Liars Game","floor":4,"gold_loss":0},{"cards_removed":["Defend_B"],"damage_healed":0,"gold_gain":0,"player_choice":"Card Removal","damage_taken":7,"max_hp_gain":0,"max_hp_loss":0,"event_name":"Golden Wing","floor":5,"gold_loss":0},{"damage_healed":0,"gold_gain":0,"player_choice":"Ignored","damage_taken":0,"max_hp_gain":0,"max_hp_loss":0,"event_name":"Beggar","floor":20,"gold_loss":0},{"damage_healed":0,"gold_gain":0,"player_choice":"Copied","damage_taken":0,"max_hp_gain":0,"max_hp_loss":0,"event_name":"Duplicator","floor":22,"gold_loss":0,"cards_obtained":["Consume"]},{"damage_healed":0,"gold_gain":0,"player_choice":"Fight","damage_taken":0,"max_hp_gain":0,"max_hp_loss":0,"event_name":"MindBloom","floor":36,"gold_loss":0},{"damage_healed":0,"gold_gain":0,"player_choice":"Embrace Madness","damage_taken":11,"max_hp_gain":0,"max_hp_loss":0,"event_name":"Winding Halls","floor":37,"gold_loss":0,"cards_obtained":["Madness","Madness"]},{"damage_healed":0,"gold_gain":0,"player_choice":"Fight","damage_taken":0,"max_hp_gain":0,"max_hp_loss":0,"event_name":"Mysterious Sphere","floor":45,"gold_loss":0},{"damage_healed":0,"gold_gain":0,"player_choice":"Upgraded Two","damage_taken":0,"max_hp_gain":0,"max_hp_loss":0,"event_name":"Designer","floor":48,"gold_loss":40,"cards_upgraded":["Zap","Dualcast"]}],"is_beta":false,"boss_relics":[{"not_picked":["Eternal Feather","Runic Dome"],"picked":"Philosopher\u0027s Stone"},{"not_picked":["Black Star","Lizard Tail"],"picked":"Sozu"}],"items_purged_floors":[19,44],"is_endless":false,"potions_floor_spawned":[3,7,11,16,18,25,31,35,36,40,45],"ascension_level":4}