{"gold_per_floor":[369,369,369,381,9,42,55,55,55,55,74,92,13,43,43,148,148,161,180,180,193,193,193,218,218,218,218,228,228,245,262,262,359,359,371,471,522,534,545,545,579,579,579,579,595,190,207,239,239,239,239,239,114,139,139],"floor_reached":56,"playtime":22748,"items_purged":["Defend_G","Strike_G","Strike_G"],"score":1800,"play_id":"8cc040a7-a411-4f66-b006-18f73c0cf988","local_time":"20181103172743","is_ascension_mode":true,"campfire_choices":[{"floor":10.0,"key":"RECALL"},{"data":"Cloak And Dagger","floor":15.0,"key":"SMITH"},{"data":"Cloak And Dagger","floor":23.0,"key":"SMITH"},{"data":"Cloak And Dagger","floor":27.0,"key":"SMITH"},{"data":"A Thousand Cuts","floor":29.0,"key":"SMITH"},{"data":"Accuracy","floor":32.0,"key":"SMITH"},{"data":"Well Laid Plans","floor":40,"key":"SMITH"},{"data":"Leg Sweep","floor":44,"key":"SMITH"},{"data":"Masterful Stab","floor":49,"key":"SMITH"},{"data":"After Image","floor":52,"key":"SMITH"}],"neow_cost":"PERCENT_DAMAGE","seed_source_timestamp":524717587501317,"circlet_count":0,"master_deck":["Defend_G+1","Defend_G","Defend_G","Defend_G","Strike_G","Survivor","Neutralize+1","Backstab","Accuracy+1","Cloak And Dagger+1","Cloak And Dagger+1","Deflect","Leg Sweep+1","Dodge and Roll+1","Cloak And Dagger+1","Terror+1","A Thousand Cuts+1","Cloak And Dagger+1","Masterful Stab+1","Well Laid Plans+1","After Image+1","Endless Agony+1","Finisher+1","Escape Plan+1"],"special_seed":0,"relics":["Ring of the Snake","Mercury Hourglass","Kunai","Blood Vial","Busted Crown","Pear","Question Card","Letter Opener","Philosopher\u0027s Stone","Torii","Bird Faced Urn","War Paint","Dodecahedron","Incense Burner","Strawberry","Bottled Tornado"],"potions_floor_usage":[37,45,50,55,55],"damage_taken":[{"damage":3.0,"enemies":"2 Louse","floor":1.0,"turns":2.0},{"damage":1.0,"enemies":"Small Slimes","floor":4.0,"turns":4.0},{"damage":14.0,"enemies":"3 Sentries","floor":6.0,"turns":10.0},{"damage":0.0,"enemies":"Cultist","floor":7.0,"turns":3.0},{"damage":3.0,"enemies":"Gremlin Gang","floor":11.0,"turns":4.0},{"damage":0.0,"enemies":"Looter","floor":12.0,"turns":3.0},{"damage":3.0,"enemies":"Lagavulin","floor":14.0,"turns":6.0},{"damage":0.0,"enemies":"The Guardian","floor":16.0,"turns":12.0},{"damage":5.0,"enemies":"3 Byrds","floor":18.0,"turns":4.0},{"damage":0.0,"enemies":"Shell Parasite","floor":19.0,"turns":5.0},{"damage":5.0,"enemies":"Snecko","floor":21.0,"turns":5.0},{"damage":25.0,"enemies":"Slavers","floor":24.0,"turns":7.0},{"damage":18.0,"enemies":"Cultist and Chosen","floor":28.0,"turns":5.0},{"damage":0.0,"enemies":"Centurion and Healer","floor":30.0,"turns":5.0},{"damage":0.0,"enemies":"Sentry and Sphere","floor":31.0,"turns":4.0},{"damage":23.0,"enemies":"Champ","floor":33.0,"turns":10.0},{"damage":0.0,"enemies":"3 Darklings","floor":35.0,"turns":3.0},{"damage":0.0,"enemies":"Mind Bloom Boss Battle","floor":36.0,"turns":6.0},{"damage":17,"enemies":"2 Orb Walkers","floor":37,"turns":5},{"damage":0,"enemies":"Orb Walker","floor":38,"turns":3},{"damage":0,"enemies":"Transient","floor":39,"turns":5},{"damage":27,"enemies":"Reptomancer","floor":41,"turns":6},{"damage":6,"enemies":"Jaw Worm Horde","floor":45,"turns":4},{"damage":18,"enemies":"Spire Growth","floor":47,"turns":4},{"damage":0,"enemies":"Giant Head","floor":48,"turns":7},{"damage":29,"enemies":"Awakened One","floor":50,"turns":17},{"damage":44,"enemies":"Shield and Spear","floor":54,"turns":9},{"damage":33,"enemies":"The Heart","floor":55,"turns":13}],"seed_played":"7685390050858645996","potions_obtained":[{"floor":1.0,"key":"Block Potion"},{"floor":12.0,"key":"Ancient Potion"},{"floor":14.0,"key":"SkillPotion"},{"floor":16.0,"key":"EssenceOfSteel"},{"floor":24.0,"key":"Regen Potion"},{"floor":28.0,"key":"PowerPotion"},{"floor":30.0,"key":"Regen Potion"},{"floor":39,"key":"Ancient Potion"},{"floor":41,"key":"FearPotion"},{"floor":47,"key":"PowerPotion"},{"floor":48,"key":"Regen Potion"},{"floor":54,"key":"Explosive Potion"}],"is_trial":false,"path_per_floor":["M","?","?","M","$","E","M","?","T","R","M","M","$","E","R","B",null,"M","M","?","M","T","R","E","?","T","R","M","R","M","M","R","B",null,"M","?","?","M","M","R","E","?","T","R","M","$","M","E","R","B",null,"R","$","E","B",null],"character_chosen":"THE_SILENT","items_purchased":["Cloak And Dagger","Mercury Hourglass","Terror","Incense Burner"],"campfire_rested":0,"item_purchase_floors":[5,5,13,46],"current_hp_per_floor":[42,42,42,41,41,27,27,27,27,27,24,24,24,21,21,23,58,55,57,57,54,64,64,41,41,41,41,39,39,41,43,43,37,69,71,73,58,62,72,72,55,55,55,55,59,59,49,66,66,62,81,81,81,47,26],"gold":139,"neow_bonus":"TWO_FIFTY_GOLD","is_prod":false,"is_daily":false,"chose_seed":false,"campfire_upgraded":9,"win_rate":0,"timestamp":1541262463,"path_taken":["M","?","?","?","$","E","?","?","T","R","M","M","?","E","R","BOSS","M","M","?","?","?","R","E","?","T","R","M","R","M","M","R","BOSS","M","?","?","M","?","R","E","?","T","R","M","$","M","E","R","BOSS","R","$","E","BOSS"],"build_version":"2018-11-01v2","purchased_purges":3,"victory":true,"max_hp_per_floor":[70,70,70,70,70,70,70,70,70,70,70,70,70,70,70,70,70,70,70,70,70,80,80,80,80,80,80,80,80,80,80,80,80,80,80,80,80,80,80,80,80,80,80,80,80,80,80,87,87,87,87,87,87,87,87],"card_choices":[{"not_picked":["Catalyst","Deflect"],"picked":"Backstab","floor":1.0},{"not_picked":["Reflex","Bane"],"picked":"Cloak And Dagger","floor":4.0},{"not_picked":["Crippling Poison","Slice"],"picked":"Deflect","floor":6.0},{"not_picked":["Prepared","Deflect"],"picked":"Leg Sweep","floor":7.0},{"not_picked":["Deadly Poison","Slice"],"picked":"Dodge and Roll","floor":11.0},{"not_picked":["Outmaneuver","Concentrate"],"picked":"Cloak And Dagger","floor":12.0},{"not_picked":["Glass Knife","Adrenaline"],"picked":"A Thousand Cuts","floor":16.0},{"not_picked":[],"picked":"Cloak And Dagger","floor":19.0},{"not_picked":["Dagger Throw+1"],"picked":"Well Laid Plans","floor":31.0},{"not_picked":["Phantasmal Killer"],"picked":"After Image","floor":33.0},{"not_picked":["Terror"],"picked":"Endless Agony+1","floor":35.0},{"not_picked":["Concentrate"],"picked":"Finisher+1","floor":38},{"not_picked":["Dodge and Roll"],"picked":"Escape Plan+1","floor":41},{"not_picked":["Distraction","Dagger Throw+1"],"picked":"SKIP","floor":54}],"player_experience":1165272,"relics_obtained":[{"floor":6.0,"key":"Kunai"},{"floor":14.0,"key":"Blood Vial"},{"floor":22.0,"key":"Pear"},{"floor":24.0,"key":"Question Card"},{"floor":26.0,"key":"Letter Opener"},{"floor":36.0,"key":"Torii"},{"floor":37,"key":"Bird Faced Urn"},{"floor":41,"key":"War Paint"},{"floor":43,"key":"Dodecahedron"},{"floor":48,"key":"Strawberry"},{"floor":54,"key":"Bottled Tornado"}],"event_choices":[{"damage_healed":0.0,"max_hp_gain":0.0,"max_hp_loss":0.0,"gold_gain":0.0,"event_name":"Living Wall","player_choice":"Grow","floor":2.0,"gold_loss":0.0,"damage_taken":0.0,"cards_upgraded":["Neutralize"]},{"damage_healed":0.0,"max_hp_gain":0.0,"max_hp_loss":0.0,"gold_gain":0.0,"cards_transformed":["Strike_G"],"event_name":"Transmorgrifier","player_choice":"Transformed","floor":3.0,"gold_loss":0.0,"damage_taken":0.0,"cards_obtained":["Accuracy"]},{"damage_healed":0.0,"max_hp_gain":0.0,"max_hp_loss":0.0,"gold_gain":0.0,"event_name":"Liars Game","player_choice":"Ignored","floor":8.0,"gold_loss":0.0,"damage_taken":0.0},{"damage_healed":0.0,"max_hp_gain":0.0,"max_hp_loss":0.0,"gold_gain":0.0,"cards_transformed":["Strike_G"],"event_name":"Transmorgrifier","player_choice":"Transformed","floor":20.0,"gold_loss":0.0,"damage_taken":0.0,"cards_obtained":["Masterful Stab"]},{"damage_healed":0.0,"max_hp_gain":0.0,"max_hp_loss":0.0,"gold_gain":0.0,"event_name":"Upgrade Shrine","player_choice":"Upgraded","floor":25.0,"gold_loss":0.0,"damage_taken":0.0,"cards_upgraded":["Cloak And Dagger"]},{"damage_healed":0.0,"max_hp_gain":0.0,"max_hp_loss":0.0,"gold_gain":0.0,"event_name":"MindBloom","player_choice":"Fight","floor":36.0,"gold_loss":0.0,"damage_taken":0.0},{"damage_healed":0,"gold_gain":0,"player_choice":"Fight","damage_taken":0,"max_hp_gain":0,"max_hp_loss":0,"event_name":"Mysterious Sphere","floor":37,"gold_loss":0},{"damage_healed":0,"gold_gain":0,"player_choice":"Upgraded","damage_taken":0,"max_hp_gain":0,"max_hp_loss":0,"event_name":"Upgrade Shrine","floor":42,"gold_loss":0,"cards_upgraded":["Dodge and Roll"]}],"is_beta":true,"boss_relics":[{"not_picked":["Eternal Feather","Tiny House"],"picked":"Busted Crown"},{"not_picked":["Runic Dome","White Beast Statue"],"picked":"Philosopher\u0027s Stone"}],"items_purged_floors":[5,46,53],"is_endless":false,"potions_floor_spawned":[1,12,14,16,24,28,30,39,41,47,48,54],"ascension_level":9}