{"gold_per_floor":[209,219,66,86,86,86,104,104,104,146,58,70,370,370,370,459,459,474,104,117,117,140,140,140],"floor_reached":24,"playtime":592,"items_purged":["Strike_R","Strike_R","Strike_R"],"score":323,"play_id":"8aa572a4-561f-4669-b5ff-f2fec0c82858","local_time":"20190507212929","is_ascension_mode":true,"campfire_choices":[{"data":"Rampage","floor":6,"key":"SMITH"},{"data":"Battle Trance","floor":8,"key":"SMITH"},{"data":"Bash","floor":15,"key":"SMITH"},{"data":"Flame Barrier","floor":23,"key":"SMITH"}],"neow_cost":"NONE","seed_source_timestamp":2335763887286197,"circlet_count":0,"master_deck":["AscendersBane","Strike_R","Defend_R","Defend_R","Defend_R","Defend_R","Bash+1","Rampage+1","Battle Trance+1","Pommel Strike","Barricade","Flame Barrier+1"],"relics":["Burning Blood","MawBank","Meat on the Bone","Old Coin","Golden Idol","Velvet Choker","Paper Frog"],"potions_floor_usage":[10,16,16,22],"damage_taken":[{"damage":7,"enemies":"2 Louse","floor":1,"turns":3},{"damage":5,"enemies":"Small Slimes","floor":2,"turns":4},{"damage":11,"enemies":"Jaw Worm","floor":4,"turns":4},{"damage":0,"enemies":"Exordium Wildlife","floor":7,"turns":4},{"damage":26,"enemies":"Gremlin Nob","floor":10,"turns":4},{"damage":11,"enemies":"Blue Slaver","floor":12,"turns":3},{"damage":34,"enemies":"Hexaghost","floor":16,"turns":6},{"damage":29,"enemies":"2 Thieves","floor":18,"turns":4},{"damage":21,"enemies":"Spheric Guardian","floor":20,"turns":4},{"damage":36,"enemies":"Centurion and Healer","floor":22,"turns":7},{"damage":33,"enemies":"Gremlin Leader","floor":24,"turns":3}],"seed_played":"-8301821916926321295","potions_obtained":[{"floor":1,"key":"Strength Potion"},{"floor":10,"key":"SteroidPotion"},{"floor":12,"key":"SteroidPotion"},{"floor":20,"key":"Swift Potion"}],"is_trial":false,"path_per_floor":["M","M","$","M","?","R","M","R","T","E","$","M","?","?","R","B",null,"M","$","M","?","M","R","E"],"character_chosen":"IRONCLAD","items_purchased":["Battle Trance","Paper Frog"],"campfire_rested":0,"item_purchase_floors":[3,19],"current_hp_per_floor":[71,72,72,67,60,60,66,66,66,46,46,53,41,41,41,25,62,51,51,48,48,30,30,0],"gold":140,"neow_bonus":"HUNDRED_GOLD","is_prod":false,"is_daily":false,"chose_seed":false,"campfire_upgraded":4,"win_rate":0,"timestamp":1557257369,"path_taken":["M","M","$","M","?","R","M","R","T","E","$","M","?","?","R","BOSS","M","$","M","?","M","R","E"],"build_version":"2019-01-23","purchased_purges":3,"victory":false,"max_hp_per_floor":[80,80,80,80,80,80,80,80,80,80,80,80,80,74,74,74,74,74,74,74,74,74,74,74],"card_choices":[{"not_picked":["Uppercut","Spot Weakness"],"picked":"Rampage","floor":1},{"not_picked":["Armaments","Blood for Blood","Anger"],"picked":"SKIP","floor":2},{"not_picked":["Warcry","Thunderclap","Heavy Blade"],"picked":"SKIP","floor":4},{"not_picked":["Twin Strike","Combust","Limit Break"],"picked":"SKIP","floor":7},{"not_picked":["Sword Boomerang","Hemokinesis"],"picked":"Pommel Strike","floor":10},{"not_picked":["Inflame","Perfected Strike","Heavy Blade"],"picked":"SKIP","floor":12},{"not_picked":["Fiend Fire","Berserk"],"picked":"Barricade","floor":16},{"not_picked":["Wild Strike","Pummel"],"picked":"Flame Barrier","floor":18},{"not_picked":["Bloodletting","Twin Strike","Carnage"],"picked":"SKIP","floor":20},{"not_picked":["Body Slam","Battle Trance","Thunderclap"],"picked":"SKIP","floor":22}],"player_experience":197123,"relics_obtained":[{"floor":9,"key":"MawBank"},{"floor":10,"key":"Meat on the Bone"}],"event_choices":[{"cards_removed":["Strike_R"],"damage_healed":0,"gold_gain":0,"player_choice":"Card Removal","damage_taken":7,"max_hp_gain":0,"max_hp_loss":0,"event_name":"Golden Wing","floor":5,"gold_loss":0},{"damage_healed":0,"gold_gain":0,"player_choice":"Success","damage_taken":12,"relics_obtained":["Old Coin"],"max_hp_gain":0,"max_hp_loss":0,"event_name":"Scrap Ooze","floor":13,"gold_loss":0},{"damage_healed":0,"gold_gain":0,"player_choice":"Lose Max HP","damage_taken":0,"relics_obtained":["Golden Idol"],"max_hp_gain":0,"max_hp_loss":6,"event_name":"Golden Idol","floor":14,"gold_loss":0},{"damage_healed":0,"gold_gain":0,"player_choice":"Ignored","damage_taken":0,"max_hp_gain":0,"max_hp_loss":0,"event_name":"Cursed Tome","floor":21,"gold_loss":0}],"is_beta":false,"boss_relics":[{"not_picked":["Black Star","Eternal Feather"],"picked":"Velvet Choker"}],"items_purged_floors":[3,11,19],"is_endless":false,"potions_floor_spawned":[1,10,12,20],"killed_by":"Gremlin Leader","ascension_level":13}