{"gold_per_floor":[117,42,52,52,227,227,239,57,57,57,84,98,98,111,111,111],"floor_reached":16,"playtime":729,"items_purged":["Defend_R"],"score":125,"play_id":"89f07575-60d7-41be-9210-09d6a89bc8ed","local_time":"20181228224847","is_ascension_mode":true,"campfire_choices":[{"data":"Shrug It Off","floor":6,"key":"SMITH"},{"data":"Mayhem","floor":10,"key":"SMITH"},{"data":"Flex","floor":15,"key":"SMITH"}],"neow_cost":"NONE","seed_source_timestamp":712543981772191,"circlet_count":0,"master_deck":["Strike_R","Strike_R","Strike_R","Strike_R","Strike_R","Defend_R","Bash","Cleave","Shrug It Off+1","Doubt","Flex+1","Mayhem+1","Wild Strike","Anger","Flex"],"relics":["Burning Blood","Dodecahedron"],"potions_floor_usage":[16],"damage_taken":[{"damage":2,"enemies":"Jaw Worm","floor":1,"turns":3},{"damage":3,"enemies":"Small Slimes","floor":3,"turns":4},{"damage":0,"enemies":"Cultist","floor":7,"turns":4},{"damage":34,"enemies":"3 Sentries","floor":11,"turns":9},{"damage":11,"enemies":"Looter","floor":12,"turns":3},{"damage":13,"enemies":"Blue Slaver","floor":14,"turns":2},{"damage":47,"enemies":"The Guardian","floor":16,"turns":4}],"seed_played":"13506363378715194","potions_obtained":[{"floor":1,"key":"Swift Potion"},{"floor":12,"key":"SteroidPotion"}],"is_trial":false,"path_per_floor":["M","$","M","?","?","R","M","$","T","R","E","M","?","M","R","B"],"character_chosen":"IRONCLAD","items_purchased":["Mayhem"],"campfire_rested":0,"item_purchase_floors":[8],"current_hp_per_floor":[88,88,88,81,81,81,87,87,87,87,59,54,54,47,47,0],"gold":111,"neow_bonus":"TEN_PERCENT_HP_BONUS","is_prod":false,"is_daily":false,"chose_seed":false,"campfire_upgraded":3,"win_rate":0,"timestamp":1546055327,"path_taken":["M","$","M","?","?","R","M","?","T","R","E","M","?","M","R","BOSS"],"build_version":"2018-12-20","purchased_purges":1,"victory":false,"max_hp_per_floor":[88,88,88,88,88,88,88,88,88,88,88,88,88,88,88,88],"card_choices":[{"not_picked":["Rage","Clash"],"picked":"Cleave","floor":1},{"not_picked":["Sentinel","Cleave"],"picked":"Shrug It Off","floor":3},{"not_picked":["Evolve","Heavy Blade"],"picked":"Flex","floor":7},{"not_picked":["Burning Pact","True Grit"],"picked":"Wild Strike","floor":11},{"not_picked":["Searing Blow","Sentinel"],"picked":"Anger","floor":12},{"not_picked":["Bloodletting","Combust"],"picked":"Flex","floor":14}],"player_experience":260987,"relics_obtained":[{"floor":11,"key":"Dodecahedron"}],"event_choices":[{"cards_removed":["Defend_R"],"damage_healed":0,"gold_gain":0,"player_choice":"Card Removal","damage_taken":7,"max_hp_gain":0,"max_hp_loss":0,"event_name":"Golden Wing","floor":4,"gold_loss":0},{"damage_healed":0,"gold_gain":175,"player_choice":"AGREE","damage_taken":0,"max_hp_gain":0,"max_hp_loss":0,"event_name":"Liars Game","floor":5,"gold_loss":0,"cards_obtained":["Doubt"]},{"cards_removed":["Defend_R"],"damage_healed":0,"gold_gain":0,"player_choice":"Offered Basic","damage_taken":0,"max_hp_gain":0,"max_hp_loss":0,"event_name":"Bonfire Elementals","floor":13,"gold_loss":0}],"is_beta":false,"boss_relics":[],"items_purged_floors":[2],"is_endless":false,"potions_floor_spawned":[1,12],"killed_by":"The Guardian","ascension_level":5}