{"gold_per_floor":[111,126,136,86,4,4,15,15,15,31,31,66,66,79,79,176,176,196,208,11,11,11],"floor_reached":22,"playtime":890,"items_purged":[],"score":298,"play_id":"ffecf302-0fa1-432e-8453-4e2d6501458f","local_time":"20190929203857","is_ascension_mode":true,"campfire_choices":[{"floor":6,"key":"REST"},{"floor":8,"key":"REST"},{"data":"Berserk","floor":11,"key":"SMITH"},{"floor":13,"key":"REST"},{"data":"Metallicize","floor":15,"key":"SMITH"}],"neow_cost":"CURSE","seed_source_timestamp":1045719500884500,"circlet_count":0,"master_deck":["AscendersBane","Strike_R+1","Strike_R+1","Strike_R+1","Strike_R+1","Strike_R+1","Defend_R+1","Defend_R+1","Defend_R+1","Defend_R+1","Bash","Berserk+1","Pummel","Cleave","Headbutt","Metallicize+1","Heavy Blade","Flame Barrier","Corruption","Clash","Feed","Infernal Blade+1","Pummel"],"relics":["Burning Blood","Champion Belt","Ginger","Black Star","MealTicket"],"potions_floor_usage":[2,12,16],"damage_taken":[{"damage":31,"enemies":"Jaw Worm","floor":1,"turns":4},{"damage":10,"enemies":"Small Slimes","floor":2,"turns":3},{"damage":4,"enemies":"Cultist","floor":3,"turns":3},{"damage":18,"enemies":"Exordium Wildlife","floor":7,"turns":4},{"damage":6,"enemies":"2 Fungi Beasts","floor":10,"turns":3},{"damage":44,"enemies":"Lagavulin","floor":12,"turns":9},{"damage":12,"enemies":"3 Louse","floor":14,"turns":3},{"damage":54,"enemies":"Hexaghost","floor":16,"turns":11},{"damage":23,"enemies":"3 Byrds","floor":18,"turns":9},{"damage":42,"enemies":"2 Thieves","floor":19,"turns":5},{"damage":20,"enemies":"Cultist and Chosen","floor":22,"turns":4}],"seed_played":"1027916059259259435","potions_obtained":[{"floor":1,"key":"Strength Potion"},{"floor":2,"key":"EssenceOfSteel"},{"floor":10,"key":"Weak Potion"}],"is_trial":false,"path_per_floor":["M","M","M","?","$","R","M","R","T","M","R","E","R","M","R","B",null,"M","M","$","?","M"],"character_chosen":"IRONCLAD","items_purchased":["Metallicize","MealTicket"],"campfire_rested":3,"item_purchase_floors":[5,20],"current_hp_per_floor":[47,43,45,45,45,68,56,77,77,77,77,39,62,56,56,8,60,46,10,10,10,0],"gold":11,"neow_bonus":"THREE_RARE_CARDS","is_prod":false,"is_daily":false,"chose_seed":false,"campfire_upgraded":2,"win_rate":0,"timestamp":1569803937,"path_taken":["M","M","M","?","$","R","M","R","T","M","R","E","R","M","R","BOSS","M","M","$","?","M"],"build_version":"2019-07-17","purchased_purges":0,"victory":false,"max_hp_per_floor":[80,80,80,77,77,77,77,77,77,77,77,77,77,77,77,77,77,80,80,80,80,80],"card_choices":[{"not_picked":["Brutality","Dark Embrace"],"picked":"Berserk","floor":0},{"not_picked":["Hemokinesis","Iron Wave"],"picked":"Pummel","floor":1},{"not_picked":["Iron Wave","Body Slam"],"picked":"Cleave","floor":2},{"not_picked":["Sword Boomerang","Body Slam"],"picked":"Headbutt","floor":3},{"not_picked":["Sword Boomerang","Anger"],"picked":"Heavy Blade","floor":7},{"not_picked":["Warcry","Rampage"],"picked":"Flame Barrier","floor":10},{"not_picked":["Dark Embrace","Power Through"],"picked":"Corruption","floor":12},{"not_picked":["Armaments","Twin Strike"],"picked":"Clash","floor":14},{"not_picked":["Exhume","Juggernaut"],"picked":"Feed","floor":16},{"not_picked":["Thunderclap","Iron Wave"],"picked":"Infernal Blade+1","floor":18},{"not_picked":["Twin Strike","Second Wind"],"picked":"Pummel","floor":19}],"player_experience":731515,"relics_obtained":[{"floor":9,"key":"Champion Belt"},{"floor":12,"key":"Ginger"}],"event_choices":[{"cards_removed":["Parasite"],"damage_healed":0,"gold_gain":0,"player_choice":"Card Removal","damage_taken":0,"max_hp_gain":0,"max_hp_loss":0,"event_name":"The Cleric","floor":4,"gold_loss":50},{"damage_healed":0,"gold_gain":0,"player_choice":"Simplicity","damage_taken":0,"max_hp_gain":0,"max_hp_loss":0,"event_name":"Back to Basics","floor":21,"gold_loss":0,"cards_upgraded":["Strike_R","Strike_R","Strike_R","Strike_R","Strike_R","Defend_R","Defend_R","Defend_R","Defend_R"]}],"is_beta":false,"boss_relics":[{"not_picked":["Runic Pyramid","Runic Cube"],"picked":"Black Star"}],"items_purged_floors":[],"is_endless":false,"potions_floor_spawned":[1,2,10],"killed_by":"Cultist and Chosen","ascension_level":12}