{"gold_per_floor":[114,114,114,39,214,214,214,114,166,166,181,195,195,195,195,326,326,344,344,344,367,381,416,416,434,488,502,540,540,540,665,665,788,788,803,803,803,816,486,486,486],"floor_reached":41,"playtime":2771,"items_purged":["Strike_B","Doubt","Defend_B"],"score":565,"play_id":"713de022-76b9-40a4-8558-8c995dbfaae7","local_time":"20190922001327","is_ascension_mode":true,"campfire_choices":[{"data":"Zap","floor":6,"key":"SMITH"},{"data":"Defend_B","floor":10,"key":"SMITH"},{"data":"Cold Snap","floor":13,"key":"SMITH"},{"data":"Coolheaded","floor":15,"key":"SMITH"},{"data":"RitualDagger","floor":24,"key":"SMITH"},{"data":"Blizzard","floor":29,"key":"SMITH"},{"data":"Scrape","floor":32,"key":"SMITH"},{"data":"Rainbow","floor":40,"key":"SMITH"}],"neow_cost":"NONE","seed_source_timestamp":214657118703000,"circlet_count":0,"master_deck":["Strike_B","Strike_B+1","Defend_B+1","Defend_B+1","Zap+1","Dualcast+1","Genetic Algorithm+1","Coolheaded+1","Cold Snap+1","Core Surge","Coolheaded","RitualDagger+1","Leap","Go for the Eyes+1","Coolheaded","Conserve Battery+1","Scrape+1","Blizzard+1","Go for the Eyes","Rainbow+1","Blizzard+1","Redo+1","RitualDagger+1"],"relics":["Cracked Core","theSenshi:SailorFukuRelic","Golden Idol","War Paint","Matryoshka","Runic Dome","theSenshi:FeatherClipsRelic","Oddly Smooth Stone","Question Card","Ancient Tea Set","Symbiotic Virus","theSenshi:SpiralHeartMoonRodRelic","Ornamental Fan","Coffee Dripper","DollysMirror"],"potions_floor_usage":[16,16,25,25,27,31,41,41],"damage_taken":[{"damage":3,"enemies":"2 Louse","floor":1,"turns":2},{"damage":0,"enemies":"Jaw Worm","floor":11,"turns":3},{"damage":1,"enemies":"Small Slimes","floor":12,"turns":3},{"damage":24,"enemies":"Hexaghost","floor":16,"turns":11},{"damage":7,"enemies":"2 Thieves","floor":18,"turns":5},{"damage":13,"enemies":"3 Byrds","floor":21,"turns":6},{"damage":14,"enemies":"Snecko","floor":22,"turns":7},{"damage":8,"enemies":"Book of Stabbing","floor":23,"turns":6},{"damage":11,"enemies":"Centurion and Healer","floor":25,"turns":9},{"damage":0,"enemies":"Cultist and Chosen","floor":27,"turns":7},{"damage":21,"enemies":"Slavers","floor":28,"turns":7},{"damage":2,"enemies":"Colosseum Slavers","floor":31,"turns":3},{"damage":0,"enemies":"Colosseum Nobs","floor":31,"turns":3},{"damage":35,"enemies":"Champ","floor":33,"turns":17},{"damage":0,"enemies":"Orb Walker","floor":35,"turns":3},{"damage":8,"enemies":"3 Darklings","floor":38,"turns":3},{"damage":87,"enemies":"Orin","floor":41,"turns":11}],"seed_played":"-6318273195168708739","potions_obtained":[{"floor":1,"key":"SteroidPotion"},{"floor":12,"key":"Weak Potion"},{"floor":16,"key":"Regen Potion"},{"floor":21,"key":"Strength Potion"},{"floor":22,"key":"FocusPotion"},{"floor":25,"key":"Swift Potion"},{"floor":27,"key":"SpeedPotion"},{"floor":33,"key":"LiquidBronze"},{"floor":38,"key":"Explosive Potion"}],"is_trial":false,"path_per_floor":["M","?","?","$","?","R","?","$","T","R","M","M","R","T","R","B",null,"M","?","?","M","M","E","R","M","T","M","E","R","?","?","R","B",null,"M","?","?","M","$","R","?"],"character_chosen":"DEFECT","items_purchased":["DollysMirror"],"campfire_rested":0,"item_purchase_floors":[39],"current_hp_per_floor":[72,69,53,53,53,53,33,33,33,33,33,32,32,32,32,8,64,57,57,51,44,36,34,34,44,44,50,35,35,35,45,45,18,66,74,74,74,80,80,80,0],"gold":486,"neow_bonus":"TEN_PERCENT_HP_BONUS","is_prod":false,"is_daily":false,"chose_seed":false,"campfire_upgraded":8,"win_rate":0,"timestamp":1569107607,"path_taken":["M","?","?","$","?","R","?","$","T","R","M","?","R","?","R","BOSS","M","?","?","M","M","E","R","M","T","M","E","R","?","?","R","BOSS","M","?","?","?","?","R","?"],"build_version":"2019-07-17","purchased_purges":3,"victory":false,"max_hp_per_floor":[82,82,82,82,82,82,82,82,82,82,82,82,82,82,82,82,82,82,82,82,82,82,82,82,82,82,82,82,82,82,82,82,82,82,82,82,82,82,82,82,82],"card_choices":[{"not_picked":["Defragment","Skim"],"picked":"Genetic Algorithm","floor":1},{"not_picked":["Steam","Capacitor"],"picked":"Coolheaded","floor":11},{"not_picked":["Hello World","Doom and Gloom"],"picked":"Cold Snap","floor":12},{"not_picked":["Thunder Strike","Amplify"],"picked":"Core Surge","floor":16},{"not_picked":["Go for the Eyes+1","Hologram"],"picked":"Coolheaded","floor":18},{"not_picked":["Ball Lightning","Rebound"],"picked":"Leap","floor":21},{"not_picked":["Self Repair","Double Energy"],"picked":"Go for the Eyes+1","floor":22},{"not_picked":["Self Repair","Stack"],"picked":"Coolheaded","floor":23},{"not_picked":["Barrage","White Noise"],"picked":"Conserve Battery+1","floor":25},{"not_picked":["Heatsinks+1","Undo","Darkness"],"picked":"Scrape","floor":27},{"not_picked":["Streamline","Ball Lightning+1","Buffer"],"picked":"Blizzard","floor":28},{"not_picked":["Steam","Sunder","Aggregate"],"picked":"Go for the Eyes","floor":31},{"not_picked":["Amplify","Thunder Strike","Biased Cognition"],"picked":"Rainbow","floor":33},{"not_picked":["Double Energy","Ball Lightning+1","Sweeping Beam"],"picked":"Blizzard+1","floor":35},{"not_picked":["Steam+1","Loop+1","Hello World"],"picked":"Redo+1","floor":38}],"player_experience":375598,"relics_obtained":[{"floor":9,"key":"War Paint"},{"floor":14,"key":"Matryoshka"},{"floor":23,"key":"Oddly Smooth Stone"},{"floor":26,"key":"Question Card"},{"floor":26,"key":"Ancient Tea Set"},{"floor":28,"key":"Symbiotic Virus"},{"floor":31,"key":"theSenshi:SpiralHeartMoonRodRelic"},{"floor":31,"key":"Ornamental Fan"}],"event_choices":[{"damage_healed":0,"gold_gain":0,"player_choice":"Success","damage_taken":3,"relics_obtained":["theSenshi:SailorFukuRelic"],"max_hp_gain":0,"max_hp_loss":0,"event_name":"Scrap Ooze","floor":2,"gold_loss":0},{"damage_healed":0,"gold_gain":0,"player_choice":"Entered Light","damage_taken":16,"max_hp_gain":0,"max_hp_loss":0,"event_name":"Shining Light","floor":3,"gold_loss":0,"cards_upgraded":["Dualcast","Strike_B"]},{"damage_healed":0,"gold_gain":175,"player_choice":"AGREE","damage_taken":0,"max_hp_gain":0,"max_hp_loss":0,"event_name":"Liars Game","floor":5,"gold_loss":0,"cards_obtained":["Doubt"]},{"damage_healed":0,"gold_gain":0,"player_choice":"Take Damage","damage_taken":20,"relics_obtained":["Golden Idol"],"max_hp_gain":0,"max_hp_loss":0,"event_name":"Golden Idol","floor":7,"gold_loss":0},{"damage_healed":0,"gold_gain":0,"player_choice":"Opened","damage_taken":0,"relics_obtained":["theSenshi:FeatherClipsRelic"],"max_hp_gain":0,"max_hp_loss":0,"event_name":"The Mausoleum","floor":19,"gold_loss":0},{"damage_healed":0,"gold_gain":0,"player_choice":"Joined the Cult","damage_taken":6,"max_hp_gain":0,"max_hp_loss":0,"event_name":"Nest","floor":20,"gold_loss":0,"cards_obtained":["RitualDagger"]},{"cards_removed":["Defend_B"],"damage_healed":0,"gold_gain":0,"player_choice":"Elegance","damage_taken":0,"max_hp_gain":0,"max_hp_loss":0,"event_name":"Back to Basics","floor":30,"gold_loss":0},{"damage_healed":0,"gold_gain":0,"player_choice":"Fight","damage_taken":0,"max_hp_gain":0,"max_hp_loss":0,"event_name":"Colosseum","floor":31,"gold_loss":0},{"damage_healed":0,"gold_gain":0,"player_choice":"Fought Nobs","damage_taken":0,"max_hp_gain":0,"max_hp_loss":0,"event_name":"Colosseum","floor":31,"gold_loss":0},{"cards_removed":["Strike_B"],"damage_healed":0,"gold_gain":0,"player_choice":"Removed Attack","damage_taken":0,"max_hp_gain":0,"max_hp_loss":0,"event_name":"Falling","floor":36,"gold_loss":0},{"damage_healed":0,"gold_gain":0,"player_choice":"Bought 0 Potions","damage_taken":0,"max_hp_gain":0,"max_hp_loss":0,"event_name":"The Woman in Blue","floor":37,"gold_loss":0},{"damage_healed":0,"gold_gain":0,"player_choice":"Fight","damage_taken":0,"max_hp_gain":0,"max_hp_loss":0,"event_name":"OrinTheCat","floor":41,"gold_loss":0}],"is_beta":false,"boss_relics":[{"not_picked":["Calling Bell","Velvet Choker"],"picked":"Runic Dome"},{"not_picked":["Nuclear Battery","Philosopher\u0027s Stone"],"picked":"Coffee Dripper"}],"items_purged_floors":[4,8,39],"is_endless":false,"potions_floor_spawned":[1,12,16,21,22,25,27,33,38],"killed_by":"Orin","ascension_level":6}