{"gold_per_floor":[115,131,131,148,163,163,191,207,207,207,15,15,15,47,47,148,148,161,60,77,77,77,77,112,123,123,123,133,146,165,18,18,18],"floor_reached":33,"playtime":1450,"items_purged":["Strike_R"],"score":443,"play_id":"bff8d963-279c-4c83-8001-9a9f6b040fc1","local_time":"20190924221446","is_ascension_mode":true,"campfire_choices":[{"data":"Combust","floor":6,"key":"SMITH"},{"data":"Flame Barrier","floor":10,"key":"SMITH"},{"data":"Corruption","floor":13,"key":"SMITH"},{"data":"Headbutt","floor":15,"key":"SMITH"},{"data":"Inflame","floor":23,"key":"SMITH"},{"floor":27,"key":"REST"},{"floor":32,"key":"REST"}],"neow_cost":"NONE","seed_source_timestamp":618902468677300,"circlet_count":0,"master_deck":["AscendersBane","Strike_R","Strike_R","Defend_R","Bash","Intimidate","Headbutt+1","Clash","Combust+1","Flame Barrier+1","Feel No Pain","Corruption+1","Second Wind","Pommel Strike","Immolate","Carnage","Armaments","Inflame+1","Spot Weakness+1","True Grit","Clash","Warcry","Feed"],"relics":["Burning Blood","Pen Nib","Art of War","Happy Flower","Bag of Preparation","Empty Cage","Bottled Lightning"],"potions_floor_usage":[7,14,24],"damage_taken":[{"damage":5,"enemies":"2 Louse","floor":1,"turns":3},{"damage":1,"enemies":"Cultist","floor":2,"turns":3},{"damage":9,"enemies":"Small Slimes","floor":4,"turns":5},{"damage":0,"enemies":"Red Slaver","floor":5,"turns":4},{"damage":24,"enemies":"Lagavulin","floor":7,"turns":5},{"damage":5,"enemies":"3 Louse","floor":8,"turns":3},{"damage":20,"enemies":"Gremlin Nob","floor":14,"turns":5},{"damage":50,"enemies":"Hexaghost","floor":16,"turns":8},{"damage":22,"enemies":"2 Thieves","floor":18,"turns":3},{"damage":20,"enemies":"Shell Parasite","floor":20,"turns":5},{"damage":47,"enemies":"Book of Stabbing","floor":24,"turns":5},{"damage":8,"enemies":"Sentry and Sphere","floor":25,"turns":3},{"damage":20,"enemies":"Shelled Parasite and Fungi","floor":28,"turns":4},{"damage":16,"enemies":"Centurion and Healer","floor":29,"turns":4},{"damage":14,"enemies":"Snake Plant","floor":30,"turns":4},{"damage":83,"enemies":"Champ","floor":33,"turns":9}],"seed_played":"-7830810402047438867","potions_obtained":[{"floor":1,"key":"PowerPotion"},{"floor":5,"key":"Dexterity Potion"},{"floor":7,"key":"BloodPotion"},{"floor":20,"key":"AttackPotion"}],"is_trial":false,"path_per_floor":["M","M","?","M","M","R","E","M","T","R","$","?","R","E","R","B",null,"M","$","M","?","?","R","E","M","T","R","M","M","M","$","R","B"],"character_chosen":"IRONCLAD","items_purchased":["Corruption","Happy Flower","Armaments","Feed"],"campfire_rested":2,"item_purchase_floors":[11,11,19,31],"current_hp_per_floor":[81,86,86,83,88,88,70,71,71,71,71,71,71,79,79,35,75,59,59,45,74,74,74,33,31,31,57,43,33,25,25,51,0],"gold":18,"neow_bonus":"TEN_PERCENT_HP_BONUS","is_prod":false,"is_daily":false,"chose_seed":false,"campfire_upgraded":5,"win_rate":0,"timestamp":1569377686,"path_taken":["M","M","?","M","?","R","E","M","T","R","$","?","R","E","R","BOSS","M","$","M","?","?","R","E","?","T","R","M","M","M","$","R","BOSS"],"build_version":"2019-07-17","purchased_purges":1,"victory":false,"max_hp_per_floor":[88,88,88,88,88,88,88,88,88,88,88,88,88,88,88,88,88,88,88,88,88,88,88,88,88,88,88,88,88,88,88,88,88],"card_choices":[{"not_picked":["Cleave","Thunderclap"],"picked":"Intimidate","floor":1},{"not_picked":["Perfected Strike","Searing Blow"],"picked":"Headbutt","floor":2},{"not_picked":["Heavy Blade","Perfected Strike"],"picked":"Clash","floor":4},{"not_picked":["Iron Wave","Sword Boomerang"],"picked":"Combust","floor":5},{"not_picked":["Shrug It Off","Flex"],"picked":"Flame Barrier","floor":7},{"not_picked":["Reckless Charge","True Grit"],"picked":"Feel No Pain","floor":8},{"not_picked":["Corruption","Reckless Charge"],"picked":"Pommel Strike","floor":14},{"not_picked":["Exhume","Offering"],"picked":"Immolate","floor":16},{"not_picked":["Perfected Strike","Corruption"],"picked":"Carnage","floor":18},{"not_picked":["Body Slam","Fire Breathing"],"picked":"Inflame","floor":20},{"not_picked":["Pommel Strike","Disarm"],"picked":"Spot Weakness+1","floor":24},{"not_picked":["Burning Pact+1","Sever Soul"],"picked":"True Grit","floor":25},{"not_picked":["Clothesline","Rampage"],"picked":"Clash","floor":28},{"not_picked":["Perfected Strike","Headbutt"],"picked":"Warcry","floor":29},{"not_picked":["Body Slam","Blood for Blood","Entrench"],"picked":"SKIP","floor":30}],"player_experience":724283,"relics_obtained":[{"floor":7,"key":"Pen Nib"},{"floor":9,"key":"Art of War"},{"floor":14,"key":"Bag of Preparation"},{"floor":24,"key":"Bottled Lightning"}],"event_choices":[{"cards_removed":["Strike_R"],"damage_healed":0,"gold_gain":0,"player_choice":"Purged","damage_taken":0,"max_hp_gain":0,"max_hp_loss":0,"event_name":"Purifier","floor":3,"gold_loss":0},{"damage_healed":0,"gold_gain":0,"cards_transformed":["Defend_R"],"player_choice":"Transformed","damage_taken":0,"max_hp_gain":0,"max_hp_loss":0,"event_name":"Transmorgrifier","floor":12,"gold_loss":0,"cards_obtained":["Second Wind"]},{"damage_healed":29,"gold_gain":0,"player_choice":"Heal","damage_taken":0,"max_hp_gain":0,"max_hp_loss":0,"event_name":"The Library","floor":21,"gold_loss":0},{"cards_removed":["Defend_R"],"damage_healed":0,"gold_gain":0,"player_choice":"Purged","damage_taken":0,"max_hp_gain":0,"max_hp_loss":0,"event_name":"Purifier","floor":22,"gold_loss":0}],"is_beta":false,"boss_relics":[{"not_picked":["Runic Cube","Tiny House"],"picked":"Empty Cage"}],"items_purged_floors":[19],"is_endless":false,"potions_floor_spawned":[1,5,7,8,20],"killed_by":"Champ","ascension_level":12}