{"gold_per_floor":[110,185,185,199,218,218,251,272,272,305,305,305],"floor_reached":12,"playtime":647,"items_purged":[],"score":106,"play_id":"1ab60d31-da91-4320-b694-571de4254c44","local_time":"20181228021457","is_ascension_mode":true,"campfire_choices":[{"data":"1","floor":6,"key":"LIFT"},{"data":"2","floor":11,"key":"LIFT"}],"neow_cost":"CURSE","seed_source_timestamp":638592950948038,"circlet_count":0,"master_deck":["Strike_R","Strike_R","Strike_R","Strike_R","Strike_R","Defend_R","Defend_R","Defend_R","Defend_R","Bash","Doubt","Wild Strike","Injury","Anger","Pommel Strike","Flex","True Grit","Flex"],"relics":["Burning Blood","Girya","Golden Idol","Boot","Paper Frog","Pantograph"],"potions_floor_usage":[7,10,12],"damage_taken":[{"damage":11,"enemies":"Jaw Worm","floor":1,"turns":5},{"damage":4,"enemies":"Small Slimes","floor":4,"turns":4},{"damage":6,"enemies":"Cultist","floor":5,"turns":4},{"damage":26,"enemies":"Gremlin Nob","floor":7,"turns":4},{"damage":12,"enemies":"Looter","floor":8,"turns":3},{"damage":18,"enemies":"Lagavulin","floor":10,"turns":5},{"damage":30,"enemies":"3 Sentries","floor":12,"turns":6}],"seed_played":"-5428867219571858751","potions_obtained":[{"floor":4,"key":"AttackPotion"},{"floor":7,"key":"Energy Potion"},{"floor":10,"key":"Dexterity Potion"}],"is_trial":false,"path_per_floor":["M","?","?","M","M","R","E","M","T","E","R","E"],"character_chosen":"IRONCLAD","items_purchased":[],"campfire_rested":0,"item_purchase_floors":[],"current_hp_per_floor":[75,64,64,66,66,66,46,40,40,28,28,0],"gold":305,"neow_bonus":"ONE_RARE_RELIC","is_prod":false,"is_daily":false,"chose_seed":false,"campfire_upgraded":0,"win_rate":0,"timestamp":1545981297,"path_taken":["M","?","?","M","M","R","E","M","T","E","R","E"],"build_version":"2018-12-20","purchased_purges":0,"victory":false,"max_hp_per_floor":[80,80,80,80,80,80,80,80,80,80,80,80],"card_choices":[{"not_picked":["Rage","Body Slam"],"picked":"Wild Strike","floor":1},{"not_picked":["Power Through","True Grit"],"picked":"Anger","floor":4},{"not_picked":["Reckless Charge","Sentinel"],"picked":"Pommel Strike","floor":5},{"not_picked":["Heavy Blade","Armaments"],"picked":"Flex","floor":7},{"not_picked":["Sword Boomerang","Power Through"],"picked":"True Grit","floor":8},{"not_picked":["Combust","Dark Embrace"],"picked":"Flex","floor":10}],"player_experience":234397,"relics_obtained":[{"floor":7,"key":"Boot"},{"floor":9,"key":"Paper Frog"},{"floor":10,"key":"Pantograph"}],"event_choices":[{"damage_healed":0,"gold_gain":75,"player_choice":"Gather Gold","damage_taken":11,"max_hp_gain":0,"max_hp_loss":0,"event_name":"World of Goop","floor":2,"gold_loss":0},{"damage_healed":0,"gold_gain":0,"player_choice":"Take Wound","damage_taken":0,"relics_obtained":["Golden Idol"],"max_hp_gain":0,"max_hp_loss":0,"event_name":"Golden Idol","floor":3,"gold_loss":0,"cards_obtained":["Injury"]}],"is_beta":false,"boss_relics":[],"items_purged_floors":[],"is_endless":false,"potions_floor_spawned":[4,7,10],"killed_by":"3 Sentries","ascension_level":4}