{"gold_per_floor":[112,122,138,15,33,65,65,97,97,125,143,156,173,191,191,294,294,310,330,350,369,369,369,396,51,51,51,64,94,94,112,112,210,210,228,245,265,265,283,283,318,318,318,52,86,98,98,98,98,98,98,98,25,54,54],"floor_reached":55,"playtime":3162,"items_purged":[],"score":1146,"play_id":"c0231aa6-48a1-4873-ba93-1b470787babd","local_time":"20190909220519","is_ascension_mode":true,"campfire_choices":[{"data":"Feed","floor":7,"key":"SMITH"},{"data":"Perfected Strike","floor":15,"key":"SMITH"},{"floor":23,"key":"REST"},{"floor":27,"key":"REST"},{"floor":30,"key":"REST"},{"floor":32,"key":"REST"},{"floor":40,"key":"REST"},{"floor":42,"key":"REST"},{"floor":47,"key":"RECALL"},{"floor":49,"key":"REST"},{"data":"Seeing Red","floor":52,"key":"SMITH"}],"neow_cost":"NONE","seed_source_timestamp":274421120496100,"circlet_count":0,"master_deck":["Strike_R+1","Strike_R+1","Strike_R+1","Strike_R+1","Strike_R+1","Bash","Feed+1","Pommel Strike","Perfected Strike+1","Twin Strike","Flame Barrier","Shrug It Off","Headbutt","Armaments","Seeing Red+1","Flex","Inflame","Twin Strike+1","Pummel+1","Double Tap","Wild Strike+1","Clash+1","Clothesline+1","Rampage+1","Reaper+1","Cleave+1","Spot Weakness+1","Anger+1","Rampage+1","Immolate+1","Rupture+1","Rage+1","Metallicize+1","Thunderclap+1","Cleave+1","Jack Of All Trades","Dramatic Entrance+1","Apotheosis","Heavy Blade+1","Flex+1","Havoc+1","Clash+1","Havoc+1","Headbutt+1","Seeing Red+1","Anger+1","Blood for Blood+1"],"relics":["Burning Blood","Vajra","Shuriken","The Courier","Molten Egg 2","Lizard Tail","Strawberry","Incense Burner","Tiny Chest","Paper Frog","Astrolabe","Toxic Egg 2","Gambling Chip","Self Forming Clay","Dodecahedron","Kunai"],"potions_floor_usage":[6,10,17,24,33,33,35,39,41,45,50],"damage_taken":[{"damage":0,"enemies":"Small Slimes","floor":1,"turns":3},{"damage":12,"enemies":"Jaw Worm","floor":2,"turns":3},{"damage":5,"enemies":"2 Louse","floor":3,"turns":4},{"damage":14,"enemies":"Red Slaver","floor":5,"turns":2},{"damage":3,"enemies":"Lagavulin","floor":6,"turns":6},{"damage":23,"enemies":"3 Sentries","floor":8,"turns":7},{"damage":27,"enemies":"Lagavulin","floor":10,"turns":5},{"damage":0,"enemies":"Large Slime","floor":11,"turns":2},{"damage":0,"enemies":"2 Fungi Beasts","floor":12,"turns":3},{"damage":3,"enemies":"3 Louse","floor":13,"turns":3},{"damage":7,"enemies":"Exordium Thugs","floor":14,"turns":3},{"damage":0,"enemies":"Slime Boss","floor":16,"turns":6},{"damage":7,"enemies":"3 Byrds","floor":18,"turns":4},{"damage":21,"enemies":"Shell Parasite","floor":19,"turns":3},{"damage":31,"enemies":"Snake Plant","floor":20,"turns":3},{"damage":33,"enemies":"Sentry and Sphere","floor":21,"turns":4},{"damage":40,"enemies":"Gremlin Leader","floor":24,"turns":5},{"damage":61,"enemies":"3 Cultists","floor":28,"turns":6},{"damage":65,"enemies":"Slavers","floor":29,"turns":5},{"damage":23,"enemies":"Centurion and Healer","floor":31,"turns":4},{"damage":56,"enemies":"Automaton","floor":33,"turns":6},{"damage":30,"enemies":"3 Darklings","floor":35,"turns":5},{"damage":31,"enemies":"3 Shapes","floor":36,"turns":3},{"damage":6,"enemies":"Sphere and 2 Shapes","floor":37,"turns":3},{"damage":35,"enemies":"Spire Growth","floor":39,"turns":3},{"damage":74,"enemies":"Giant Head","floor":41,"turns":8},{"damage":13,"enemies":"Nemesis","floor":45,"turns":3},{"damage":39,"enemies":"Writhing Mass","floor":46,"turns":4},{"damage":131,"enemies":"Awakened One","floor":50,"turns":12},{"damage":108,"enemies":"Shield and Spear","floor":54,"turns":5},{"damage":50,"enemies":"The Heart","floor":55,"turns":2}],"seed_played":"-3995593272242064358","potions_obtained":[{"floor":2,"key":"PowerPotion"},{"floor":3,"key":"SkillPotion"},{"floor":6,"key":"SpeedPotion"},{"floor":8,"key":"Regen Potion"},{"floor":16,"key":"Fruit Juice"},{"floor":20,"key":"Strength Potion"},{"floor":21,"key":"Strength Potion"},{"floor":33,"key":"Regen Potion"},{"floor":35,"key":"SkillPotion"},{"floor":36,"key":"Poison Potion"},{"floor":41,"key":"AttackPotion"},{"floor":46,"key":"GamblersBrew"},{"floor":54,"key":"SteroidPotion"}],"is_trial":false,"path_per_floor":["M","M","M","$","M","E","R","E","T","E","M","M","M","M","R","B",null,"M","M","M","M","?","R","E","$","T","R","M","E","R","M","R","B",null,"M","M","M","?","M","R","E","R","T","$","E","M","R","?","R","B",null,"R","$","E","B"],"character_chosen":"IRONCLAD","items_purchased":["Twin Strike","Flame Barrier","Incense Burner","Tiny Chest","Cleave+1","Self Forming Clay","Havoc+1","Clash+1","Seeing Red+1","Anger+1"],"campfire_rested":7,"item_purchase_floors":[4,4,25,25,25,44,44,44,53,53],"current_hp_per_floor":[81,78,82,82,77,83,83,66,66,59,65,75,82,85,85,91,108,107,96,71,48,48,84,57,57,57,95,72,29,67,64,102,52,108,114,93,93,83,61,100,32,71,71,71,64,40,40,40,79,48,113,113,113,11,0],"gold":54,"neow_bonus":"ONE_RANDOM_RARE_CARD","is_prod":false,"is_daily":false,"chose_seed":false,"campfire_upgraded":3,"win_rate":0,"timestamp":1568081119,"path_taken":["M","M","M","$","M","E","R","E","T","E","M","M","M","M","R","BOSS","M","M","M","M","?","R","E","$","T","R","M","E","R","M","R","BOSS","M","M","M","?","M","R","E","R","T","$","E","M","R","?","R","BOSS","R","$","E","BOSS"],"build_version":"2019-07-17","purchased_purges":0,"victory":false,"max_hp_per_floor":[83,86,89,89,92,95,95,95,95,95,95,99,103,107,107,107,112,112,116,116,120,120,120,127,127,127,127,127,127,127,127,127,127,127,127,131,131,131,131,131,131,131,131,131,131,131,131,131,131,135,135,135,135,135,135],"card_choices":[{"not_picked":["Second Wind","Feel No Pain"],"picked":"Pommel Strike","floor":1},{"not_picked":["Cleave","Warcry"],"picked":"Perfected Strike","floor":2},{"not_picked":["Rupture","Intimidate","Second Wind"],"picked":"SKIP","floor":3},{"not_picked":["Whirlwind","Metallicize"],"picked":"Shrug It Off","floor":5},{"not_picked":["Body Slam","Havoc"],"picked":"Headbutt","floor":6},{"not_picked":["Wild Strike","Corruption"],"picked":"Armaments","floor":8},{"not_picked":["Rage","Carnage"],"picked":"Seeing Red","floor":10},{"not_picked":["Thunderclap+1","Infernal Blade"],"picked":"Flex","floor":11},{"not_picked":["Anger+1","Headbutt+1"],"picked":"Inflame","floor":12},{"not_picked":["Flame Barrier","Limit Break"],"picked":"Twin Strike+1","floor":13},{"not_picked":["Clothesline+1","Second Wind"],"picked":"Pummel+1","floor":14},{"not_picked":["Feed+1","Reaper+1"],"picked":"Double Tap","floor":16},{"not_picked":["Hemokinesis+1","Body Slam+1"],"picked":"Wild Strike+1","floor":18},{"not_picked":["Body Slam+1","Iron Wave+1"],"picked":"Clash+1","floor":19},{"not_picked":["Spot Weakness","Wild Strike+1"],"picked":"Clothesline+1","floor":20},{"not_picked":["Thunderclap+1","Flex"],"picked":"Rampage+1","floor":21},{"not_picked":["Burning Pact+1","Thunderclap+1"],"picked":"Reaper+1","floor":24},{"not_picked":["Havoc+1","Body Slam+1"],"picked":"Spot Weakness+1","floor":28},{"not_picked":["Armaments","Double Tap"],"picked":"Anger+1","floor":29},{"not_picked":["Disarm","Warcry"],"picked":"Rampage+1","floor":31},{"not_picked":["Exhume","Reaper+1"],"picked":"Immolate+1","floor":33},{"not_picked":["Dual Wield","Combust"],"picked":"Thunderclap+1","floor":35},{"not_picked":["Intimidate+1","Iron Wave+1"],"picked":"Cleave+1","floor":36},{"not_picked":["Uppercut+1","Body Slam+1","Rage+1"],"picked":"SKIP","floor":37},{"not_picked":["Good Instincts","Magnetism"],"picked":"Jack Of All Trades","floor":38},{"not_picked":["Transmutation","PanicButton"],"picked":"Dramatic Entrance+1","floor":38},{"not_picked":["Dramatic Entrance+1","Secret Weapon"],"picked":"Apotheosis","floor":38},{"not_picked":["Anger+1","Havoc+1"],"picked":"Heavy Blade+1","floor":39},{"not_picked":["Warcry","Armaments+1"],"picked":"Flex","floor":41},{"not_picked":["Rupture","Pommel Strike+1"],"picked":"Havoc+1","floor":45},{"not_picked":["Whirlwind+1","Cleave+1"],"picked":"Headbutt+1","floor":46},{"not_picked":["Body Slam+1","Limit Break+1"],"picked":"Blood for Blood+1","floor":54}],"player_experience":518490,"relics_obtained":[{"floor":6,"key":"Vajra"},{"floor":8,"key":"Shuriken"},{"floor":9,"key":"The Courier"},{"floor":10,"key":"Molten Egg 2"},{"floor":24,"key":"Strawberry"},{"floor":29,"key":"Paper Frog"},{"floor":41,"key":"Toxic Egg 2"},{"floor":43,"key":"Gambling Chip"},{"floor":45,"key":"Dodecahedron"},{"floor":54,"key":"Kunai"}],"event_choices":[{"damage_healed":0,"gold_gain":0,"player_choice":"Simplicity","damage_taken":0,"max_hp_gain":0,"max_hp_loss":0,"event_name":"Back to Basics","floor":22,"gold_loss":0,"cards_upgraded":["Strike_R","Strike_R","Strike_R","Strike_R","Strike_R","Defend_R","Defend_R","Defend_R","Defend_R"]},{"damage_healed":0,"gold_gain":0,"player_choice":"Memory 3","damage_taken":10,"max_hp_gain":0,"max_hp_loss":0,"event_name":"SensoryStone","floor":38,"gold_loss":0},{"cards_removed":["Defend_R"],"damage_healed":0,"gold_gain":0,"player_choice":"Purged","damage_taken":0,"max_hp_gain":0,"max_hp_loss":0,"event_name":"Purifier","floor":48,"gold_loss":0}],"is_beta":false,"boss_relics":[{"not_picked":["Velvet Choker","Calling Bell"],"picked":"Lizard Tail"},{"not_picked":["Snecko Eye","Coffee Dripper"],"picked":"Astrolabe"}],"items_purged_floors":[],"is_endless":false,"potions_floor_spawned":[2,3,6,8,16,20,21,33,35,36,41,46,54],"killed_by":"The Heart","ascension_level":7}