{"gold_per_floor":[117,42,117,117,129,157,169,189,189,201,218,245,260,295,295,400,400,413,427,5,17,17,37,63,63,63,79,112,112,112,132,132,228,228,244,244,119,130,140,170,20,38,38,38,54,71,71,106,106,106],"floor_reached":50,"playtime":5786,"items_purged":["Strike_R","Strike_R","Defend_R","Defend_R"],"score":568,"play_id":"823b43ea-2804-409a-aef1-09897c391154","local_time":"20181125002206","is_ascension_mode":false,"campfire_choices":[{"floor":15,"key":"RECALL"},{"data":"Armaments","floor":29,"key":"SMITH"},{"data":"Body Slam","floor":32,"key":"SMITH"},{"data":"Juggernaut","floor":49,"key":"SMITH"}],"neow_cost":"NONE","seed_source_timestamp":273175785168845,"circlet_count":0,"master_deck":["Strike_R+1","Defend_R","Defend_R+1","Bash","Fiend Fire","Burning Pact","Pommel Strike","Metallicize","Body Slam+1","Headbutt+1","Armaments+1","Flame Barrier","Double Tap","Inflame","True Grit+1","Cleave+1","Reckless Charge+1","Pommel Strike","Disarm","Warcry+1","Battle Trance","Evolve","Metallicize+1","Impervious","Swift Strike","Clash+1","Anger","Juggernaut+1","Iron Wave","Parasite","Warcry","Iron Wave+1"],"relics":["Burning Blood","Thread and Needle","Bottled Tornado","Anchor","White Beast Statue","Tiny Chest","TheAbacus","Whetstone","Calipers","Magic Flower","Bottled Lightning","Black Star","Shuriken","Ornamental Fan","War Paint","Matryoshka","Molten Egg 2"],"potions_floor_usage":[11,14,14,16,16,19,24,24,27,33,39,39,39,39,40,42,45,48,48,50,50],"damage_taken":[{"damage":0,"enemies":"Small Slimes","floor":1,"turns":3},{"damage":3,"enemies":"2 Louse","floor":5,"turns":4},{"damage":37,"enemies":"3 Sentries","floor":6,"turns":16},{"damage":0,"enemies":"Jaw Worm","floor":7,"turns":3},{"damage":9,"enemies":"Exordium Thugs","floor":8,"turns":9},{"damage":0,"enemies":"Looter","floor":10,"turns":4},{"damage":3,"enemies":"2 Fungi Beasts","floor":11,"turns":3},{"damage":12,"enemies":"Lagavulin","floor":12,"turns":9},{"damage":0,"enemies":"Red Slaver","floor":13,"turns":5},{"damage":9,"enemies":"3 Sentries","floor":14,"turns":8},{"damage":34,"enemies":"Hexaghost","floor":16,"turns":16},{"damage":18,"enemies":"2 Thieves","floor":18,"turns":5},{"damage":4,"enemies":"Spheric Guardian","floor":19,"turns":5},{"damage":0,"enemies":"Centurion and Healer","floor":21,"turns":7},{"damage":3,"enemies":"Snecko","floor":23,"turns":5},{"damage":14,"enemies":"Gremlin Leader","floor":24,"turns":7},{"damage":8,"enemies":"Snake Plant","floor":27,"turns":5},{"damage":16,"enemies":"Book of Stabbing","floor":28,"turns":7},{"damage":0,"enemies":"3 Cultists","floor":31,"turns":4},{"damage":31,"enemies":"Champ","floor":33,"turns":16},{"damage":0,"enemies":"3 Darklings","floor":35,"turns":4},{"damage":5,"enemies":"3 Shapes","floor":38,"turns":6},{"damage":34,"enemies":"Sphere and 2 Shapes","floor":39,"turns":9},{"damage":36,"enemies":"Nemesis","floor":40,"turns":11},{"damage":21,"enemies":"Transient","floor":42,"turns":5},{"damage":1,"enemies":"Writhing Mass","floor":45,"turns":7},{"damage":1,"enemies":"Jaw Worm Horde","floor":46,"turns":6},{"damage":32,"enemies":"Giant Head","floor":48,"turns":10},{"damage":65,"enemies":"Time Eater","floor":50,"turns":13}],"seed_played":"-3671686942608051477","potions_obtained":[{"floor":5,"key":"SteroidPotion"},{"floor":10,"key":"LiquidBronze"},{"floor":12,"key":"Poison Potion"},{"floor":13,"key":"Dexterity Potion"},{"floor":14,"key":"Energy Potion"},{"floor":16,"key":"SmokeBomb"},{"floor":18,"key":"SteroidPotion"},{"floor":19,"key":"Fire Potion"},{"floor":21,"key":"Explosive Potion"},{"floor":23,"key":"Regen Potion"},{"floor":24,"key":"GamblersBrew"},{"floor":27,"key":"SteroidPotion"},{"floor":28,"key":"SpeedPotion"},{"floor":31,"key":"Fire Potion"},{"floor":33,"key":"Dexterity Potion"},{"floor":35,"key":"EntropicBrew"},{"floor":39,"key":"PowerPotion"},{"floor":40,"key":"SteroidPotion"},{"floor":42,"key":"BloodPotion"},{"floor":45,"key":"FearPotion"},{"floor":46,"key":"EssenceOfSteel"},{"floor":48,"key":"Swift Potion"}],"is_trial":false,"path_per_floor":["M","$","?","?","M","E","M","M","T","M","M","E","M","E","R","B",null,"M","M","$","M","?","M","E","T","T","M","E","R","?","M","R","B",null,"M","?","$","M","M","E","$","M","T","?","M","M","$","E","R","B"],"character_chosen":"IRONCLAD","items_purchased":["Tiny Chest","TheAbacus"],"campfire_rested":0,"item_purchase_floors":[20,20],"current_hp_per_floor":[80,80,69,62,65,34,40,37,37,43,46,40,46,43,43,15,80,68,70,70,76,60,63,55,55,55,56,49,49,49,58,58,36,80,80,80,80,80,79,52,52,52,52,52,60,68,68,45,45,0],"gold":106,"neow_bonus":"ONE_RANDOM_RARE_CARD","is_prod":false,"is_daily":false,"chose_seed":false,"campfire_upgraded":3,"win_rate":0,"timestamp":1543105326,"path_taken":["M","$","?","?","M","E","M","M","T","M","M","E","M","E","R","BOSS","M","M","$","M","?","M","E","?","T","?","E","R","?","M","R","BOSS","M","?","$","?","M","E","$","?","T","?","M","?","?","E","R","BOSS"],"build_version":"2018-11-15","purchased_purges":4,"victory":false,"max_hp_per_floor":[80,80,80,80,80,80,80,80,80,80,80,80,80,80,80,80,80,80,80,80,80,80,80,80,80,80,80,80,80,80,80,80,80,80,80,80,80,80,80,80,80,80,80,80,80,80,80,80,80,80],"card_choices":[{"not_picked":["Clash","Heavy Blade"],"picked":"Burning Pact","floor":1},{"not_picked":["Shrug It Off","Fire Breathing"],"picked":"Pommel Strike","floor":5},{"not_picked":["Whirlwind","Corruption"],"picked":"Metallicize","floor":6},{"not_picked":["Rampage","Twin Strike"],"picked":"Body Slam","floor":7},{"not_picked":["Dropkick","Bloodletting"],"picked":"Headbutt","floor":8},{"not_picked":["Warcry","Hemokinesis"],"picked":"Armaments","floor":10},{"not_picked":["Sword Boomerang","Twin Strike"],"picked":"Flame Barrier","floor":11},{"not_picked":["Warcry","Perfected Strike"],"picked":"Double Tap","floor":12},{"not_picked":["Dropkick","Cleave"],"picked":"Inflame","floor":13},{"not_picked":["Power Through","Cleave"],"picked":"True Grit","floor":14},{"not_picked":["Limit Break","Bludgeon"],"picked":"Immolate","floor":16},{"not_picked":["Twin Strike","Perfected Strike"],"picked":"Cleave+1","floor":18},{"not_picked":["Clash","Blood for Blood"],"picked":"Reckless Charge+1","floor":19},{"not_picked":["Thunderclap","Cleave"],"picked":"Pommel Strike","floor":21},{"not_picked":["Sword Boomerang","Armaments"],"picked":"Disarm","floor":23},{"not_picked":["Entrench","Twin Strike"],"picked":"Warcry+1","floor":24},{"not_picked":["Perfected Strike+1","Rupture+1"],"picked":"Battle Trance","floor":27},{"not_picked":["Anger","Brutality"],"picked":"Evolve","floor":28},{"not_picked":["Burning Pact","Corruption"],"picked":"Metallicize+1","floor":31},{"not_picked":["Fiend Fire","Bludgeon"],"picked":"Impervious","floor":33},{"not_picked":["Second Wind+1","True Grit","Thunderclap"],"picked":"SKIP","floor":35},{"not_picked":["Clothesline","Headbutt+1"],"picked":"Clash+1","floor":38},{"not_picked":["Combust+1","Armaments","Rupture"],"picked":"SKIP","floor":39},{"not_picked":["Flex+1","Shrug It Off+1"],"picked":"Anger","floor":40},{"not_picked":["Wild Strike","Clash"],"picked":"Juggernaut","floor":42},{"not_picked":["Flex","Thunderclap","Twin Strike+1"],"picked":"SKIP","floor":45},{"not_picked":["Headbutt+1","Pummel"],"picked":"Warcry","floor":46},{"not_picked":["Burning Pact","Flex"],"picked":"Iron Wave","floor":48}],"player_experience":101605,"relics_obtained":[{"floor":6,"key":"Thread and Needle"},{"floor":12,"key":"Bottled Tornado"},{"floor":14,"key":"Anchor"},{"floor":24,"key":"Whetstone"},{"floor":25,"key":"Calipers"},{"floor":26,"key":"Magic Flower"},{"floor":28,"key":"Bottled Lightning"},{"floor":40,"key":"Shuriken"},{"floor":40,"key":"Ornamental Fan"},{"floor":43,"key":"War Paint"},{"floor":48,"key":"Matryoshka"},{"floor":48,"key":"Molten Egg 2"}],"event_choices":[{"damage_healed":0,"gold_gain":75,"player_choice":"Gather Gold","damage_taken":11,"max_hp_gain":0,"max_hp_loss":0,"event_name":"World of Goop","floor":3,"gold_loss":0},{"cards_removed":["Strike_R"],"damage_healed":0,"gold_gain":0,"player_choice":"Card Removal","damage_taken":7,"max_hp_gain":0,"max_hp_loss":0,"event_name":"Golden Wing","floor":4,"gold_loss":0},{"damage_healed":0,"gold_gain":0,"player_choice":"Obtained Book","damage_taken":16,"max_hp_gain":0,"max_hp_loss":0,"event_name":"Cursed Tome","floor":22,"gold_loss":0},{"cards_removed":["Strike_R"],"damage_healed":0,"gold_gain":0,"player_choice":"Elegance","damage_taken":0,"max_hp_gain":0,"max_hp_loss":0,"event_name":"Back to Basics","floor":30,"gold_loss":0},{"damage_healed":0,"gold_gain":0,"player_choice":"1 cards matched","damage_taken":0,"max_hp_gain":0,"max_hp_loss":0,"event_name":"Match and Keep!","floor":36,"gold_loss":0,"cards_obtained":["Swift Strike"]},{"damage_healed":0,"gold_gain":0,"player_choice":"1 cards matched","damage_taken":0,"max_hp_gain":0,"max_hp_loss":0,"event_name":"Match and Keep!","floor":36,"gold_loss":0,"cards_obtained":["Swift Strike"]},{"cards_removed":["Immolate"],"damage_healed":0,"gold_gain":0,"player_choice":"Took Card","damage_taken":0,"max_hp_gain":0,"max_hp_loss":0,"event_name":"NoteForYourself","floor":44,"gold_loss":0,"cards_obtained":["Iron Wave"]}],"is_beta":true,"boss_relics":[{"not_picked":["Pandora\u0027s Box","Fusion Hammer"],"picked":"White Beast Statue"},{"not_picked":["Astrolabe","Runic Dome"],"picked":"Black Star"}],"items_purged_floors":[2,20,37,41],"is_endless":false,"potions_floor_spawned":[5,10,12,13,14,16,18,19,21,23,24,27,28,31,33,35,38,39,40,42,45,46,48],"killed_by":"Time Eater","ascension_level":0}