{"gold_per_floor":[18,18,32,44,44,62,62,121,121,138,238,238,257,269,269,370,370,390,57,75,38,52,52],"floor_reached":23,"playtime":1728,"items_purged":[],"score":215,"play_id":"d2aa82a3-4509-4879-a967-18fce608f1eb","local_time":"20181227211303","is_ascension_mode":true,"campfire_choices":[{"data":"Infinite Blades","floor":7,"key":"SMITH"},{"data":"Glass Knife","floor":12,"key":"SMITH"},{"data":"Dash","floor":15,"key":"SMITH"}],"neow_cost":"NO_GOLD","seed_source_timestamp":619398724022337,"circlet_count":0,"master_deck":["Defend_G","Defend_G","Defend_G","Strike_G","Strike_G","Strike_G","Strike_G","Survivor","Neutralize","Dagger Spray","Eviscerate","Infinite Blades+1","Flying Knee","Dagger Throw","Cloak And Dagger","Acrobatics","Dagger Spray","Glass Knife+1","Dash+1","Flying Knee","A Thousand Cuts","Prepared","Noxious Fumes","Flying Knee","Die Die Die","Escape Plan","Crippling Poison","Bandage Up","Escape Plan","Thinking Ahead","Well Laid Plans+1","Accuracy","Dagger Throw"],"relics":["Ring of the Snake","Tiny Chest","Orrery"],"potions_floor_usage":[8,16,16],"damage_taken":[{"damage":0,"enemies":"Jaw Worm","floor":1,"turns":3},{"damage":1,"enemies":"Cultist","floor":3,"turns":4},{"damage":0,"enemies":"2 Louse","floor":4,"turns":2},{"damage":0,"enemies":"Looter","floor":6,"turns":3},{"damage":21,"enemies":"3 Sentries","floor":8,"turns":7},{"damage":0,"enemies":"Large Slime","floor":10,"turns":5},{"damage":6,"enemies":"Red Slaver","floor":13,"turns":4},{"damage":0,"enemies":"Exordium Wildlife","floor":14,"turns":3},{"damage":13,"enemies":"Hexaghost","floor":16,"turns":8},{"damage":19,"enemies":"2 Thieves","floor":18,"turns":3},{"damage":13,"enemies":"Shell Parasite","floor":20,"turns":5},{"damage":39,"enemies":"3 Cultists","floor":22,"turns":5},{"damage":13,"enemies":"Slavers","floor":23,"turns":1}],"seed_played":"-2094003515814157059","potions_obtained":[{"floor":1,"key":"Swift Potion"},{"floor":4,"key":"Dexterity Potion"},{"floor":13,"key":"LiquidBronze"}],"is_trial":false,"path_per_floor":["M","?","M","M","$","M","R","E","T","M","?","R","M","M","R","B",null,"M","$","M","$","M","E"],"character_chosen":"THE_SILENT","items_purchased":["Bandage Up","Escape Plan","Thinking Ahead","Accuracy"],"campfire_rested":0,"item_purchase_floors":[19,19,19,21],"current_hp_per_floor":[70,70,69,69,69,69,69,48,48,48,48,48,42,42,42,29,70,51,51,42,42,7,0],"gold":52,"neow_bonus":"TRANSFORM_TWO_CARDS","is_prod":false,"is_daily":false,"chose_seed":false,"campfire_upgraded":3,"win_rate":0,"timestamp":1545963183,"path_taken":["M","?","M","?","$","M","R","E","T","M","?","R","M","?","R","BOSS","M","?","M","$","M","E"],"build_version":"2018-12-20","purchased_purges":0,"victory":false,"max_hp_per_floor":[70,70,70,70,70,70,70,70,70,70,70,70,70,70,70,70,70,70,70,70,70,70,70],"card_choices":[{"not_picked":["Poisoned Stab","Eviscerate"],"picked":"Infinite Blades","floor":1},{"not_picked":["Riddle With Holes","Deflect"],"picked":"Dagger Throw","floor":3},{"not_picked":["Underhanded Strike","Slice"],"picked":"Cloak And Dagger","floor":4},{"not_picked":["Cloak And Dagger","Outmaneuver"],"picked":"Acrobatics","floor":6},{"not_picked":["Blade Dance","Quick Slash"],"picked":"Dagger Spray","floor":8},{"not_picked":["Sucker Punch","Slice"],"picked":"Glass Knife","floor":10},{"not_picked":["Expertise","Slice"],"picked":"Dash","floor":13},{"not_picked":["Poisoned Stab","Setup"],"picked":"Flying Knee","floor":14},{"not_picked":["Adrenaline","Grand Finale"],"picked":"A Thousand Cuts","floor":16},{"not_picked":["Distraction","Riddle With Holes"],"picked":"Prepared","floor":17},{"not_picked":["Acrobatics","Cloak And Dagger"],"picked":"Noxious Fumes","floor":17},{"not_picked":["Underhanded Strike","Poisoned Stab"],"picked":"Flying Knee","floor":17},{"not_picked":["Quick Slash","Dagger Throw"],"picked":"Die Die Die","floor":17},{"not_picked":["Outmaneuver","Dodge and Roll"],"picked":"Escape Plan","floor":17},{"not_picked":["Escape Plan","Skewer+1"],"picked":"Crippling Poison","floor":18},{"not_picked":["Outmaneuver","Dodge and Roll"],"picked":"Well Laid Plans+1","floor":20},{"not_picked":["Dagger Spray","Well Laid Plans"],"picked":"Dagger Throw","floor":22}],"player_experience":221359,"relics_obtained":[{"floor":8,"key":"Tiny Chest"}],"event_choices":[{"damage_healed":0,"gold_gain":0,"cards_transformed":["Defend_G"],"player_choice":"Transformed","damage_taken":0,"max_hp_gain":0,"max_hp_loss":0,"event_name":"Transmorgrifier","floor":2,"gold_loss":0,"cards_obtained":["Flying Knee"]},{"damage_healed":0,"gold_gain":100,"player_choice":"Gold","damage_taken":0,"max_hp_gain":0,"max_hp_loss":0,"event_name":"Wheel of Change","floor":11,"gold_loss":0}],"is_beta":false,"boss_relics":[{"not_picked":["Philosopher\u0027s Stone","Sozu"],"picked":"Orrery"}],"items_purged_floors":[],"is_endless":false,"potions_floor_spawned":[1,4,13],"killed_by":"Slavers","ascension_level":2}