{"gold_per_floor":[18,18,31,31,31,31,55,55,55,99,124,124,143,143],"floor_reached":14,"playtime":375,"items_purged":[],"score":135,"play_id":"c6baeb08-a04e-4e65-917a-bf89957e5195","local_time":"20190509225235","is_ascension_mode":true,"campfire_choices":[{"data":"Demon Form","floor":6,"key":"SMITH"},{"data":"Bash","floor":8,"key":"SMITH"},{"data":"Dropkick","floor":12,"key":"SMITH"}],"neow_cost":"NO_GOLD","seed_source_timestamp":6855989148856,"circlet_count":0,"master_deck":["AscendersBane","Strike_R","Strike_R","Strike_R","Strike_R","Defend_R","Defend_R","Defend_R","Defend_R","Bash+1","Demon Form+1","Dropkick+1","Thunderclap"],"relics":["Burning Blood","Golden Idol","Bottled Tornado","Smiling Mask"],"potions_floor_usage":[10,14],"damage_taken":[{"damage":5,"enemies":"Small Slimes","floor":1,"turns":4},{"damage":11,"enemies":"2 Louse","floor":3,"turns":4},{"damage":9,"enemies":"Jaw Worm","floor":7,"turns":4},{"damage":32,"enemies":"Gremlin Nob","floor":10,"turns":4},{"damage":11,"enemies":"Looter","floor":11,"turns":5},{"damage":17,"enemies":"2 Fungi Beasts","floor":13,"turns":4},{"damage":20,"enemies":"3 Sentries","floor":14,"turns":2}],"seed_played":"-416659617756021398","potions_obtained":[{"floor":1,"key":"Regen Potion"},{"floor":11,"key":"AttackPotion"}],"is_trial":false,"path_per_floor":["M","?","M","?","?","R","M","R","T","E","M","R","M","E"],"character_chosen":"IRONCLAD","items_purchased":[],"campfire_rested":0,"item_purchase_floors":[],"current_hp_per_floor":[73,73,68,48,48,48,45,45,45,28,23,23,12,0],"gold":143,"neow_bonus":"THREE_RARE_CARDS","is_prod":false,"is_daily":false,"chose_seed":false,"campfire_upgraded":3,"win_rate":0,"timestamp":1557435155,"path_taken":["M","?","M","?","?","R","M","R","T","E","M","R","M","E"],"build_version":"2019-01-23","purchased_purges":0,"victory":false,"max_hp_per_floor":[80,80,80,80,80,80,80,80,80,80,80,80,80,80],"card_choices":[{"not_picked":["Juggernaut","Offering"],"picked":"Demon Form","floor":0},{"not_picked":["Pommel Strike","Body Slam"],"picked":"Dropkick","floor":1},{"not_picked":["Armaments","Warcry","Anger"],"picked":"SKIP","floor":3},{"not_picked":["Heavy Blade","Clothesline","Feel No Pain"],"picked":"SKIP","floor":7},{"not_picked":["Armaments","Headbutt","Burning Pact"],"picked":"SKIP","floor":10},{"not_picked":["Reckless Charge","Body Slam","Havoc"],"picked":"SKIP","floor":11},{"not_picked":["Wild Strike","Shrug It Off"],"picked":"Thunderclap","floor":13}],"player_experience":269344,"relics_obtained":[{"floor":9,"key":"Bottled Tornado"},{"floor":10,"key":"Smiling Mask"}],"event_choices":[{"cards_removed":["Strike_R"],"damage_healed":0,"gold_gain":0,"player_choice":"Forget","damage_taken":0,"max_hp_gain":0,"max_hp_loss":0,"event_name":"Living Wall","floor":2,"gold_loss":0},{"damage_healed":0,"gold_gain":0,"player_choice":"Take Damage","damage_taken":20,"relics_obtained":["Golden Idol"],"max_hp_gain":0,"max_hp_loss":0,"event_name":"Golden Idol","floor":4,"gold_loss":0},{"damage_healed":0,"gold_gain":0,"player_choice":"Leave","damage_taken":0,"max_hp_gain":0,"max_hp_loss":0,"event_name":"The Cleric","floor":5,"gold_loss":0}],"is_beta":false,"boss_relics":[],"items_purged_floors":[],"is_endless":false,"potions_floor_spawned":[1,11],"killed_by":"3 Sentries","ascension_level":10}