{"gold_per_floor":[217,236,310,116,130,130,163,163,163,195,195,205,240,260,260,361,361,374,393,393,410,115,115,149,149,149,149,180,194,221,234,234,330,380,390,39,57,72,83,112,125,125,125,125,125,176,26,26,26,26,26,26,26,55,55],"floor_reached":56,"playtime":6812,"items_purged":["Strike_G","Strike_G","Strike_G","Parasite"],"score":1549,"play_id":"56273a4d-6b16-4095-9f78-4ab3c37e71d4","local_time":"20191002105413","is_ascension_mode":true,"campfire_choices":[{"data":"Noxious Fumes","floor":6,"key":"SMITH"},{"floor":8,"key":"REST"},{"floor":15,"key":"REST"},{"floor":23,"key":"REST"},{"floor":25,"key":"REST"},{"floor":27,"key":"REST"},{"floor":32,"key":"REST"},{"floor":42,"key":"REST"},{"floor":45,"key":"REST"},{"floor":49,"key":"RECALL"},{"data":"Burst","floor":52,"key":"SMITH"}],"neow_cost":"NONE","seed_source_timestamp":449361266884400,"circlet_count":0,"master_deck":["Strike_G","Strike_G+1","Defend_G","Defend_G+1","Defend_G","Defend_G","Defend_G","Survivor","Neutralize+1","Acrobatics","Dash","Footwork+1","Backflip","Noxious Fumes+1","Die Die Die","Deflect","Escape Plan","Escape Plan","Blur","Corpse Explosion+1","Deflect","Deadly Poison","Dash","Deflect+1","Blur","Malaise","Backflip+1","Burst+1","Terror","Leg Sweep+1","Footwork","Catalyst+1","Catalyst","Corpse Explosion","Madness","Madness","Prepared+1","Deadly Poison+1"],"relics":["Ring of the Snake","Question Card","Bag of Marbles","Ginger","Whetstone","Philosopher\u0027s Stone","Blood Vial","Dodecahedron","Potion Belt","Snake Skull","Bottled Flame","Tiny House","Lantern","Bottled Tornado","Oddly Smooth Stone","Unceasing Top","Sundial"],"potions_floor_usage":[7,13,13,16,31,39,46,46,50,54,55],"damage_taken":[{"damage":0,"enemies":"Cultist","floor":1,"turns":4},{"damage":5,"enemies":"Small Slimes","floor":2,"turns":5},{"damage":2,"enemies":"Jaw Worm","floor":5,"turns":4},{"damage":28,"enemies":"Gremlin Nob","floor":7,"turns":5},{"damage":9,"enemies":"3 Sentries","floor":10,"turns":9},{"damage":1,"enemies":"Exordium Wildlife","floor":12,"turns":3},{"damage":0,"enemies":"Lagavulin","floor":13,"turns":6},{"damage":0,"enemies":"Looter","floor":14,"turns":3},{"damage":23,"enemies":"Hexaghost","floor":16,"turns":10},{"damage":4,"enemies":"Shell Parasite","floor":18,"turns":6},{"damage":27,"enemies":"3 Byrds","floor":19,"turns":4},{"damage":1,"enemies":"3 Cultists","floor":21,"turns":3},{"damage":44,"enemies":"Book of Stabbing","floor":24,"turns":8},{"damage":11,"enemies":"Slavers","floor":28,"turns":4},{"damage":7,"enemies":"Cultist and Chosen","floor":29,"turns":4},{"damage":31,"enemies":"Gremlin Leader","floor":30,"turns":9},{"damage":2,"enemies":"Centurion and Healer","floor":31,"turns":8},{"damage":2,"enemies":"Collector","floor":33,"turns":11},{"damage":11,"enemies":"3 Darklings","floor":35,"turns":3},{"damage":2,"enemies":"Orb Walker","floor":37,"turns":6},{"damage":0,"enemies":"Writhing Mass","floor":38,"turns":7},{"damage":40,"enemies":"Jaw Worm Horde","floor":39,"turns":5},{"damage":1,"enemies":"Giant Head","floor":40,"turns":8},{"damage":0,"enemies":"4 Shapes","floor":41,"turns":3},{"damage":5,"enemies":"2 Orb Walkers","floor":46,"turns":3},{"damage":9,"enemies":"Awakened One","floor":50,"turns":18},{"damage":30,"enemies":"Shield and Spear","floor":54,"turns":5},{"damage":34,"enemies":"The Heart","floor":55,"turns":12}],"seed_played":"5580695747995829525","potions_obtained":[{"floor":1,"key":"Strength Potion"},{"floor":7,"key":"PowerPotion"},{"floor":10,"key":"PowerPotion"},{"floor":12,"key":"PowerPotion"},{"floor":18,"key":"Ancient Potion"},{"floor":30,"key":"Ancient Potion"},{"floor":33,"key":"Weak Potion"},{"floor":34,"key":"PowerPotion"},{"floor":35,"key":"SkillPotion"},{"floor":39,"key":"LiquidBronze"},{"floor":40,"key":"EssenceOfSteel"},{"floor":41,"key":"Dexterity Potion"}],"is_trial":false,"path_per_floor":["M","M","T","$","M","R","E","R","T","E","?","M","E","M","R","B",null,"M","M","?","M","$","R","E","R","T","R","E","M","E","M","R","B",null,"M","$","M","M","M","E","M","R","T","?","R","?","$","?","R","B",null,"R","$","E","B",null],"character_chosen":"THE_SILENT","items_purchased":["Footwork","Backflip","Dash","Blood Vial","Footwork","Lantern"],"campfire_rested":8,"item_purchase_floors":[4,4,22,22,36,36],"current_hp_per_floor":[63,58,58,58,56,56,28,49,49,40,40,39,39,39,60,37,62,58,31,31,30,30,51,9,30,30,51,42,37,8,8,29,29,65,56,56,56,58,20,21,23,45,45,36,58,55,55,55,55,48,66,66,66,38,6],"gold":55,"neow_bonus":"HUNDRED_GOLD","is_prod":false,"is_daily":false,"chose_seed":false,"campfire_upgraded":2,"win_rate":0,"timestamp":1570038853,"path_taken":["M","M","?","$","M","R","E","R","T","E","?","M","E","M","R","BOSS","M","M","?","M","$","R","E","R","T","R","E","M","E","?","R","BOSS","M","$","M","M","M","E","M","R","T","?","R","?","$","?","R","BOSS","R","$","E","BOSS"],"build_version":"2019-07-17","purchased_purges":4,"victory":true,"max_hp_per_floor":[70,70,70,70,70,70,70,70,70,70,70,70,70,70,70,70,70,70,70,70,70,70,70,70,70,70,70,70,70,70,70,70,70,75,75,75,75,75,75,75,75,75,75,75,75,75,72,72,72,72,72,72,72,72,72],"card_choices":[{"not_picked":["All Out Attack","Flechettes"],"picked":"Acrobatics","floor":1},{"not_picked":["Quick Slash","All Out Attack"],"picked":"Dash","floor":2},{"not_picked":["Dagger Throw","Prepared","Leg Sweep"],"picked":"Noxious Fumes","floor":5},{"not_picked":["Reflex","Deflect","Skewer"],"picked":"Die Die Die","floor":7},{"not_picked":["Prepared","Flying Knee","Acrobatics"],"picked":"Deflect","floor":10},{"not_picked":["Acrobatics","Wraith Form v2","Flying Knee"],"picked":"Escape Plan","floor":12},{"not_picked":["Heel Hook","Caltrops","PiercingWail"],"picked":"Escape Plan","floor":13},{"not_picked":["Bane","Dodge and Roll","Slice"],"picked":"Blur","floor":14},{"not_picked":["Doppelganger","Envenom","Unload"],"picked":"Corpse Explosion","floor":16},{"not_picked":["Quick Slash","Sucker Punch","Deflect"],"picked":"Caltrops","floor":18},{"not_picked":["Dagger Spray","Underhanded Strike+1","Tactician"],"picked":"Deflect","floor":19},{"not_picked":["Dagger Spray","Crippling Poison","Flying Knee"],"picked":"Deadly Poison","floor":21},{"not_picked":["Deadly Poison","Glass Knife","Flying Knee"],"picked":"Deflect+1","floor":24},{"not_picked":["Acrobatics","Choke","Dodge and Roll+1"],"picked":"Blur","floor":28},{"not_picked":["Dagger Throw","Backflip+1","Backstab","Quick Slash"],"picked":"SKIP","floor":29},{"not_picked":["Infinite Blades+1","Backflip","Dagger Spray"],"picked":"Malaise","floor":30},{"not_picked":["Backstab","Tactician","PiercingWail+1"],"picked":"Backflip+1","floor":31},{"not_picked":["Unload","Doppelganger","Die Die Die"],"picked":"Burst","floor":33},{"not_picked":["Underhanded Strike","Deadly Poison","Slice"],"picked":"Terror","floor":34},{"not_picked":["Underhanded Strike+1","Prepared+1","Deadly Poison+1"],"picked":"Leg Sweep+1","floor":35},{"not_picked":["Dodge and Roll+1","Slice+1","Choke","Terror+1"],"picked":"SKIP","floor":37},{"not_picked":["Endless Agony+1","Sucker Punch","Quick Slash"],"picked":"Catalyst+1","floor":38},{"not_picked":["Acrobatics","Crippling Poison+1","Underhanded Strike+1","Outmaneuver+1"],"picked":"SKIP","floor":39},{"not_picked":["Setup","Cloak And Dagger+1","Dash+1"],"picked":"Catalyst","floor":40},{"not_picked":["Slice+1","Quick Slash","Deflect+1"],"picked":"Corpse Explosion","floor":41},{"not_picked":["Acrobatics+1","Cloak And Dagger+1","Slice"],"picked":"Prepared+1","floor":46},{"not_picked":["Bouncing Flask+1","Die Die Die","Masterful Stab+1"],"picked":"Deadly Poison+1","floor":54}],"player_experience":660154,"relics_obtained":[{"floor":3,"key":"Question Card"},{"floor":7,"key":"Bag of Marbles"},{"floor":10,"key":"Ginger"},{"floor":13,"key":"Whetstone"},{"floor":24,"key":"Dodecahedron"},{"floor":26,"key":"Potion Belt"},{"floor":28,"key":"Snake Skull"},{"floor":30,"key":"Bottled Flame"},{"floor":40,"key":"Bottled Tornado"},{"floor":43,"key":"Oddly Smooth Stone"},{"floor":46,"key":"Unceasing Top"},{"floor":54,"key":"Sundial"}],"event_choices":[{"damage_healed":0,"gold_gain":0,"player_choice":"Upgraded","damage_taken":0,"max_hp_gain":0,"max_hp_loss":0,"event_name":"Upgrade Shrine","floor":11,"gold_loss":0,"cards_upgraded":["Footwork"]},{"damage_healed":0,"gold_gain":0,"player_choice":"Upgraded","damage_taken":0,"max_hp_gain":0,"max_hp_loss":0,"event_name":"Upgrade Shrine","floor":20,"gold_loss":0,"cards_upgraded":["Corpse Explosion"]},{"damage_healed":0,"gold_gain":0,"player_choice":"Embrace Madness","damage_taken":9,"max_hp_gain":0,"max_hp_loss":0,"event_name":"Winding Halls","floor":44,"gold_loss":0,"cards_obtained":["Madness","Madness"]},{"damage_healed":0,"gold_gain":0,"player_choice":"Fight","damage_taken":0,"max_hp_gain":0,"max_hp_loss":0,"event_name":"Mysterious Sphere","floor":46,"gold_loss":0},{"cards_removed":["Caltrops"],"damage_healed":0,"gold_gain":0,"player_choice":"Removed Power","damage_taken":0,"max_hp_gain":0,"max_hp_loss":0,"event_name":"Falling","floor":48,"gold_loss":0}],"is_beta":false,"boss_relics":[{"not_picked":["Lizard Tail","Ectoplasm"],"picked":"Philosopher\u0027s Stone"},{"not_picked":["Calling Bell","Runic Dome"],"picked":"Tiny House"}],"items_purged_floors":[4,22,36,47],"is_endless":false,"potions_floor_spawned":[1,7,10,12,18,30,33,35,39,40,41],"ascension_level":6}