{"gold_per_floor":[111,125,200,220,234,234,268,285,285,314,324,324,357,532,532,532],"floor_reached":16,"playtime":782,"items_purged":[],"score":177,"play_id":"b6cdc623-324f-4491-895e-70a201320991","local_time":"20191001121808","is_ascension_mode":true,"campfire_choices":[{"floor":6,"key":"REST"},{"floor":12,"key":"REST"},{"floor":15,"key":"REST"}],"neow_cost":"NONE","seed_source_timestamp":1188579538626900,"circlet_count":0,"master_deck":["Strike_G","Strike_G","Strike_G+1","Strike_G","Strike_G","Defend_G","Defend_G","Defend_G","Defend_G","Defend_G","Survivor","Neutralize+1","Blade Dance","Dagger Throw","Glass Knife","Well Laid Plans","Well Laid Plans","Cloak And Dagger","Dodge and Roll","Dagger Throw","Heel Hook","Doubt"],"relics":["Ring of the Snake","Tingsha","Whetstone","Juzu Bracelet","Pantograph"],"potions_floor_usage":[8,10,13,13],"damage_taken":[{"damage":0,"enemies":"Small Slimes","floor":1,"turns":5},{"damage":2,"enemies":"2 Louse","floor":2,"turns":4},{"damage":1,"enemies":"Cultist","floor":4,"turns":3},{"damage":5,"enemies":"Blue Slaver","floor":5,"turns":4},{"damage":31,"enemies":"Gremlin Nob","floor":7,"turns":4},{"damage":1,"enemies":"Exordium Thugs","floor":8,"turns":4},{"damage":22,"enemies":"Lagavulin","floor":10,"turns":6},{"damage":0,"enemies":"Large Slime","floor":11,"turns":5},{"damage":18,"enemies":"3 Sentries","floor":13,"turns":8},{"damage":74,"enemies":"Hexaghost","floor":16,"turns":12}],"seed_played":"-6409523290013169289","potions_obtained":[{"floor":5,"key":"EssenceOfSteel"},{"floor":7,"key":"SteroidPotion"},{"floor":10,"key":"Weak Potion"},{"floor":11,"key":"Weak Potion"}],"is_trial":false,"path_per_floor":["M","M","?","M","M","R","E","M","T","E","M","R","E","?","R","B"],"character_chosen":"THE_SILENT","items_purchased":[],"campfire_rested":3,"item_purchase_floors":[],"current_hp_per_floor":[70,68,57,56,51,74,43,42,42,20,20,43,25,25,48,0],"gold":532,"neow_bonus":"TEN_PERCENT_HP_BONUS","is_prod":false,"is_daily":false,"chose_seed":false,"campfire_upgraded":0,"win_rate":0,"timestamp":1569946688,"path_taken":["M","M","?","M","M","R","E","M","T","E","M","R","E","?","R","BOSS"],"build_version":"2019-07-17","purchased_purges":0,"victory":false,"max_hp_per_floor":[77,77,77,77,77,77,77,77,77,77,77,77,77,77,77,77],"card_choices":[{"not_picked":["Dagger Spray","Deadly Poison"],"picked":"Blade Dance","floor":1},{"not_picked":["Blade Dance","Dagger Spray"],"picked":"Dagger Throw","floor":2},{"not_picked":["Prepared","Calculated Gamble"],"picked":"Glass Knife","floor":4},{"not_picked":["Heel Hook","Setup"],"picked":"Well Laid Plans","floor":5},{"not_picked":["Backflip","Choke"],"picked":"Well Laid Plans","floor":7},{"not_picked":["Blade Dance","Underhanded Strike"],"picked":"Cloak And Dagger","floor":8},{"not_picked":["Poisoned Stab","Bouncing Flask"],"picked":"Dodge and Roll","floor":10},{"not_picked":["Concentrate","Well Laid Plans"],"picked":"Dagger Throw","floor":11},{"not_picked":["Poisoned Stab","Burst"],"picked":"Heel Hook","floor":13}],"player_experience":753890,"relics_obtained":[{"floor":7,"key":"Tingsha"},{"floor":9,"key":"Whetstone"},{"floor":10,"key":"Juzu Bracelet"},{"floor":13,"key":"Pantograph"}],"event_choices":[{"damage_healed":0,"gold_gain":75,"player_choice":"Gather Gold","damage_taken":11,"max_hp_gain":0,"max_hp_loss":0,"event_name":"World of Goop","floor":3,"gold_loss":0},{"damage_healed":0,"gold_gain":175,"player_choice":"AGREE","damage_taken":0,"max_hp_gain":0,"max_hp_loss":0,"event_name":"Liars Game","floor":14,"gold_loss":0,"cards_obtained":["Doubt"]}],"is_beta":false,"boss_relics":[],"items_purged_floors":[],"is_endless":false,"potions_floor_spawned":[5,7,10,11],"killed_by":"Hexaghost","ascension_level":9}