{"gold_per_floor":[13,25,125,25,25,55,5,5,5,23,58,58,85,12,12,12],"floor_reached":16,"playtime":964,"items_purged":["Strike_R"],"score":174,"play_id":"4c7cdfa2-2f36-4975-b8cb-b1e8a89acbc7","local_time":"20190505235434","is_ascension_mode":true,"campfire_choices":[{"data":"Bash","floor":8,"key":"SMITH"},{"floor":15,"key":"REST"}],"neow_cost":"NO_GOLD","seed_source_timestamp":29458412438416,"circlet_count":0,"master_deck":["AscendersBane","Strike_R","Strike_R","Defend_R","Defend_R","Defend_R","Defend_R","Bash+1","Cleave","Carnage","Shrug It Off","Seeing Red","Offering"],"relics":["Burning Blood","Nunchaku","Dream Catcher","Boot","Ornamental Fan","Ginger","Meat on the Bone"],"potions_floor_usage":[6,11,16],"damage_taken":[{"damage":7,"enemies":"2 Louse","floor":1,"turns":4},{"damage":1,"enemies":"Cultist","floor":2,"turns":3},{"damage":27,"enemies":"Lagavulin","floor":6,"turns":5},{"damage":4,"enemies":"Small Slimes","floor":10,"turns":4},{"damage":16,"enemies":"3 Sentries","floor":11,"turns":8},{"damage":27,"enemies":"Lagavulin","floor":13,"turns":5},{"damage":50,"enemies":"The Guardian","floor":16,"turns":7}],"seed_played":"-6185470957267028954","potions_obtained":[{"floor":2,"key":"Poison Potion"},{"floor":6,"key":"Energy Potion"},{"floor":11,"key":"BloodPotion"}],"is_trial":false,"path_per_floor":["M","M","?","$","?","E","?","R","T","M","E","?","E","$","R","B"],"character_chosen":"IRONCLAD","items_purchased":["Shrug It Off","Offering"],"campfire_rested":1,"item_purchase_floors":[4,14],"current_hp_per_floor":[71,76,76,76,64,43,43,43,43,45,35,35,14,14,38,0],"gold":12,"neow_bonus":"ONE_RARE_RELIC","is_prod":false,"is_daily":false,"chose_seed":false,"campfire_upgraded":1,"win_rate":0,"timestamp":1557093274,"path_taken":["M","M","?","?","?","E","?","R","T","M","E","?","E","$","R","BOSS"],"build_version":"2019-01-23","purchased_purges":1,"victory":false,"max_hp_per_floor":[80,80,80,80,80,80,80,80,80,80,80,80,80,80,80,80],"card_choices":[{"not_picked":["Shrug It Off","Hemokinesis"],"picked":"Cleave","floor":1},{"not_picked":["Twin Strike","Second Wind"],"picked":"Carnage","floor":2},{"not_picked":["Entrench","Body Slam","Searing Blow"],"picked":"SKIP","floor":6},{"not_picked":["Armaments","Iron Wave","Warcry"],"picked":"SKIP","floor":10},{"not_picked":["Blood for Blood","Warcry","Armaments"],"picked":"SKIP","floor":11},{"not_picked":["Disarm","Blood for Blood"],"picked":"Seeing Red","floor":13}],"player_experience":307421,"relics_obtained":[{"floor":6,"key":"Boot"},{"floor":9,"key":"Ornamental Fan"},{"floor":11,"key":"Ginger"},{"floor":13,"key":"Meat on the Bone"}],"event_choices":[{"damage_healed":0,"gold_gain":100,"player_choice":"Gold","damage_taken":0,"max_hp_gain":0,"max_hp_loss":0,"event_name":"Wheel of Change","floor":3,"gold_loss":0},{"damage_healed":0,"gold_gain":0,"player_choice":"Success","damage_taken":12,"relics_obtained":["Dream Catcher"],"max_hp_gain":0,"max_hp_loss":0,"event_name":"Scrap Ooze","floor":5,"gold_loss":0},{"cards_removed":["Strike_R"],"damage_healed":0,"gold_gain":0,"player_choice":"Card Removal","damage_taken":0,"max_hp_gain":0,"max_hp_loss":0,"event_name":"The Cleric","floor":7,"gold_loss":50},{"cards_removed":["Strike_R"],"damage_healed":0,"gold_gain":0,"player_choice":"Forget","damage_taken":0,"max_hp_gain":0,"max_hp_loss":0,"event_name":"Living Wall","floor":12,"gold_loss":0}],"is_beta":false,"boss_relics":[],"items_purged_floors":[4],"is_endless":false,"potions_floor_spawned":[2,6,11],"killed_by":"The Guardian","ascension_level":10}