{"gold_per_floor":[118,43,43,60,71,71,89,122,147,147,158,184,284,294,294,369,369,389,314,53,53,71,71,71],"floor_reached":24,"playtime":1339,"items_purged":["Strike_G","Strike_G"],"score":340,"play_id":"86907784-b19f-4b4f-a108-643b59c7f3fe","local_time":"20191002154059","is_ascension_mode":true,"campfire_choices":[{"floor":6,"key":"REST"},{"floor":10,"key":"REST"},{"floor":15,"key":"REST"},{"floor":23,"key":"REST"}],"neow_cost":"PERCENT_DAMAGE","seed_source_timestamp":2050450310559,"circlet_count":0,"master_deck":["AscendersBane","Strike_G","Strike_G","Defend_G","Defend_G","Defend_G+1","Defend_G","Defend_G","Survivor+1","Neutralize","Corpse Explosion","Dagger Spray","Backflip","Dagger Throw","Slice","Catalyst+1","Deflect","Backflip","Setup","Night Terror","Noxious Fumes+1","Concentrate","Footwork","Blur","Footwork"],"relics":["Ring of the Snake","Regal Pillow","War Paint","Dream Catcher","White Beast Statue"],"potions_floor_usage":[12,14,16,18,22,24,24],"damage_taken":[{"damage":7,"enemies":"Jaw Worm","floor":1,"turns":4},{"damage":0,"enemies":"2 Louse","floor":4,"turns":3},{"damage":1,"enemies":"Cultist","floor":5,"turns":5},{"damage":9,"enemies":"Large Slime","floor":7,"turns":8},{"damage":27,"enemies":"3 Sentries","floor":8,"turns":5},{"damage":14,"enemies":"Gremlin Gang","floor":11,"turns":2},{"damage":7,"enemies":"Lagavulin","floor":12,"turns":6},{"damage":0,"enemies":"Lots of Slimes","floor":14,"turns":1},{"damage":23,"enemies":"The Guardian","floor":16,"turns":14},{"damage":33,"enemies":"Shell Parasite","floor":18,"turns":10},{"damage":11,"enemies":"2 Thieves","floor":19,"turns":5},{"damage":17,"enemies":"Snake Plant","floor":22,"turns":4},{"damage":53,"enemies":"Gremlin Leader","floor":24,"turns":6}],"seed_played":"3616831181365151144","potions_obtained":[{"floor":1,"key":"SkillPotion"},{"floor":4,"key":"Poison Potion"},{"floor":14,"key":"Dexterity Potion"},{"floor":16,"key":"Regen Potion"},{"floor":18,"key":"Swift Potion"},{"floor":19,"key":"Fire Potion"},{"floor":22,"key":"LiquidBronze"}],"is_trial":false,"path_per_floor":["M","$","?","M","M","R","M","E","T","R","M","E","?","M","R","B",null,"M","M","$","?","M","R","E"],"character_chosen":"THE_SILENT","items_purchased":["Footwork","GhostInAJar"],"campfire_rested":4,"item_purchase_floors":[20,20],"current_hp_per_floor":[38,38,31,31,30,51,42,15,15,51,37,30,30,30,66,43,63,45,34,34,34,17,53,0],"gold":71,"neow_bonus":"THREE_RARE_CARDS","is_prod":false,"is_daily":false,"chose_seed":false,"campfire_upgraded":0,"win_rate":0,"timestamp":1570023659,"path_taken":["M","$","?","M","M","R","M","E","T","R","M","E","?","M","R","BOSS","M","?","$","?","M","R","E"],"build_version":"2019-07-17","purchased_purges":2,"victory":false,"max_hp_per_floor":[70,70,70,70,70,70,70,70,70,70,70,70,70,70,70,70,70,70,70,70,70,70,70,70],"card_choices":[{"not_picked":["A Thousand Cuts","Phantasmal Killer"],"picked":"Corpse Explosion","floor":0},{"not_picked":["Noxious Fumes","Dodge and Roll"],"picked":"Dagger Spray","floor":1},{"not_picked":["Acrobatics","Concentrate"],"picked":"Backflip","floor":4},{"not_picked":["Cloak And Dagger","Quick Slash"],"picked":"Dagger Throw","floor":5},{"not_picked":["Eviscerate","Escape Plan"],"picked":"Slice","floor":7},{"not_picked":["Underhanded Strike","Sucker Punch"],"picked":"Catalyst","floor":8},{"not_picked":["Sucker Punch","Dodge and Roll"],"picked":"Deflect","floor":11},{"not_picked":["Dagger Throw","Concentrate"],"picked":"Backflip","floor":12},{"not_picked":["Cloak And Dagger","Finisher"],"picked":"Setup","floor":14},{"not_picked":["Wraith Form v2","After Image"],"picked":"Night Terror","floor":16},{"not_picked":["Blade Dance","Prepared+1"],"picked":"Noxious Fumes+1","floor":18},{"not_picked":["Acrobatics","Flying Knee"],"picked":"Concentrate","floor":19},{"not_picked":["Distraction","Dagger Spray+1"],"picked":"Blur","floor":22},{"not_picked":["Choke","PiercingWail"],"picked":"Footwork","floor":23}],"player_experience":341717,"relics_obtained":[{"floor":8,"key":"Regal Pillow"},{"floor":9,"key":"War Paint"},{"floor":12,"key":"Dream Catcher"}],"event_choices":[{"cards_removed":["Strike_G"],"damage_healed":0,"gold_gain":0,"player_choice":"Card Removal","damage_taken":7,"max_hp_gain":0,"max_hp_loss":0,"event_name":"Golden Wing","floor":3,"gold_loss":0},{"damage_healed":0,"gold_gain":100,"player_choice":"Pray","damage_taken":0,"max_hp_gain":0,"max_hp_loss":0,"event_name":"Golden Shrine","floor":13,"gold_loss":0},{"damage_healed":0,"gold_gain":0,"player_choice":"Forge","damage_taken":0,"max_hp_gain":0,"max_hp_loss":0,"event_name":"Accursed Blacksmith","floor":21,"gold_loss":0,"cards_upgraded":["Catalyst"]}],"is_beta":false,"boss_relics":[{"not_picked":["HoveringKite","WristBlade"],"picked":"White Beast Statue"}],"items_purged_floors":[2,20],"is_endless":false,"potions_floor_spawned":[1,4,7,14,16,18,19,22],"killed_by":"Gremlin Leader","ascension_level":13}