{"gold_per_floor":[13,26,38,38,38,38,53,82,109,109,133,133,133],"floor_reached":13,"playtime":1365,"items_purged":[],"score":87,"play_id":"3932b064-1ffb-4f71-b27a-f6bf19624846","local_time":"20181223130949","is_ascension_mode":true,"campfire_choices":[{"data":"Dodge and Roll","floor":6,"key":"SMITH"},{"data":"Leg Sweep","floor":10,"key":"SMITH"},{"data":"Backflip","floor":12,"key":"SMITH"}],"neow_cost":"NO_GOLD","seed_source_timestamp":245159914865743,"circlet_count":0,"master_deck":["Defend_G+1","Defend_G","Defend_G","Defend_G","Defend_G+1","Strike_G","Strike_G","Strike_G","Strike_G","Strike_G","Survivor","Neutralize","Panacea","Panacea","Cloak And Dagger","Crippling Poison","Dodge and Roll+1","Prepared","Leg Sweep+1","Backflip+1"],"relics":["Ring of the Snake","Omamori","Smiling Mask","Odd Mushroom"],"potions_floor_usage":[8,13],"damage_taken":[{"damage":0,"enemies":"Small Slimes","floor":1,"turns":4},{"damage":6,"enemies":"2 Louse","floor":2,"turns":3},{"damage":3,"enemies":"Jaw Worm","floor":3,"turns":4},{"damage":1,"enemies":"Large Slime","floor":7,"turns":10},{"damage":14,"enemies":"3 Sentries","floor":8,"turns":11},{"damage":1,"enemies":"The Mushroom Lair","floor":11,"turns":8},{"damage":20,"enemies":"Lagavulin","floor":13,"turns":14}],"seed_played":"7521249570000664457","potions_obtained":[{"floor":1,"key":"SkillPotion"},{"floor":3,"key":"FearPotion"},{"floor":7,"key":"Weak Potion"}],"is_trial":false,"path_per_floor":["M","M","M","?","?","R","M","E","T","R","?","R","E"],"character_chosen":"THE_SILENT","items_purchased":[],"campfire_rested":0,"item_purchase_floors":[],"current_hp_per_floor":[70,64,61,49,35,35,34,20,20,20,19,19,0],"gold":133,"neow_bonus":"RANDOM_COLORLESS_2","is_prod":false,"is_daily":false,"chose_seed":false,"campfire_upgraded":3,"win_rate":0,"timestamp":1545588589,"path_taken":["M","M","M","?","?","R","M","E","T","R","?","R","E"],"build_version":"2018-12-20","purchased_purges":0,"victory":false,"max_hp_per_floor":[70,70,70,70,70,70,70,70,70,70,70,70,70],"card_choices":[{"not_picked":["Flechettes","Blur"],"picked":"Cloak And Dagger","floor":1},{"not_picked":["Deflect","Cloak And Dagger"],"picked":"Crippling Poison","floor":2},{"not_picked":["Crippling Poison","Bouncing Flask"],"picked":"Dodge and Roll","floor":3},{"not_picked":["Slice","PiercingWail"],"picked":"Prepared","floor":7},{"not_picked":["Deflect","Heel Hook"],"picked":"Leg Sweep","floor":8},{"not_picked":["Poisoned Stab","Expertise"],"picked":"Backflip","floor":11}],"player_experience":77338,"relics_obtained":[{"floor":8,"key":"Smiling Mask"},{"floor":11,"key":"Odd Mushroom"}],"event_choices":[{"damage_healed":0,"gold_gain":0,"player_choice":"Success","damage_taken":12,"relics_obtained":["Omamori"],"max_hp_gain":0,"max_hp_loss":0,"event_name":"Scrap Ooze","floor":4,"gold_loss":0},{"damage_healed":0,"gold_gain":0,"player_choice":"Entered Light","damage_taken":14,"max_hp_gain":0,"max_hp_loss":0,"event_name":"Shining Light","floor":5,"gold_loss":0,"cards_upgraded":["Defend_G","Defend_G"]},{"damage_healed":0,"gold_gain":0,"player_choice":"Fought Mushrooms","damage_taken":0,"max_hp_gain":0,"max_hp_loss":0,"event_name":"Mushrooms","floor":11,"gold_loss":0}],"is_beta":false,"boss_relics":[],"items_purged_floors":[],"is_endless":false,"potions_floor_spawned":[1,3,7],"killed_by":"Lagavulin","ascension_level":1}