{"gold_per_floor":[215,225,225,225,225,252,252,282,282,297,297,312,312,327,327,430,430,443,443,443,118,118,118,128,128,128,155,155,174,274,299,299,394,394,414,414,426,426,79,79,113,113,113,159,194,294,294,304,304,304],"floor_reached":51,"playtime":4086,"items_purged":["Strike_R","Power Through+1"],"score":1108,"play_id":"ccd2fa9a-6a6f-4fc3-9cef-6eb70faf5b09","local_time":"20191001121446","is_ascension_mode":true,"campfire_choices":[{"data":"Iron Wave","floor":7,"key":"SMITH"},{"data":"Bash","floor":11,"key":"SMITH"},{"data":"Corruption","floor":13,"key":"SMITH"},{"data":"Reckless Charge","floor":15,"key":"SMITH"},{"data":"Thunderclap","floor":23,"key":"SMITH"},{"data":"Battle Trance","floor":25,"key":"SMITH"},{"data":"Sentinel","floor":28,"key":"SMITH"},{"data":"Evolve","floor":32,"key":"SMITH"},{"data":"Dark Embrace","floor":40,"key":"SMITH"},{"data":"Headbutt","floor":47,"key":"SMITH"},{"data":"Strike_R","floor":49,"key":"SMITH"}],"neow_cost":"NONE","seed_source_timestamp":1034227293330800,"circlet_count":0,"master_deck":["Strike_R+1","Strike_R+1","Strike_R+1","Defend_R","Defend_R","Defend_R","Defend_R","Bash+1","Iron Wave+1","Headbutt+1","Corruption+1","Infernal Blade","Reckless Charge+1","Battle Trance+1","Impervious","Evolve+1","Sentinel+1","Disarm+1","Dropkick+1","Dual Wield+1","Fire Breathing+1","Dark Embrace+1","Havoc+1","Havoc+1","Exhume+1","Madness+1","Madness+1","Armaments+1","True Grit+1","Sentinel+1"],"relics":["Burning Blood","Bottled Flame","Strawberry","Paper Frog","Runic Pyramid","Molten Egg 2","Gremlin Horn","Toxic Egg 2","Magic Flower","Bottled Lightning","Juzu Bracelet","Coffee Dripper","Sundial","Singing Bowl","Blood Vial","Turnip","Shuriken","Champion Belt"],"potions_floor_usage":[16,16,31,33,50,50],"damage_taken":[{"damage":1,"enemies":"Cultist","floor":1,"turns":4},{"damage":0,"enemies":"2 Louse","floor":2,"turns":4},{"damage":30,"enemies":"3 Sentries","floor":6,"turns":12},{"damage":18,"enemies":"Lagavulin","floor":8,"turns":7},{"damage":2,"enemies":"Jaw Worm","floor":10,"turns":3},{"damage":9,"enemies":"3 Louse","floor":12,"turns":3},{"damage":20,"enemies":"Large Slime","floor":14,"turns":4},{"damage":20,"enemies":"Slime Boss","floor":16,"turns":8},{"damage":1,"enemies":"Spheric Guardian","floor":18,"turns":4},{"damage":18,"enemies":"Shell Parasite","floor":24,"turns":6},{"damage":4,"enemies":"Book of Stabbing","floor":27,"turns":4},{"damage":10,"enemies":"Sentry and Sphere","floor":29,"turns":5},{"damage":0,"enemies":"Colosseum Slavers","floor":30,"turns":3},{"damage":2,"enemies":"Colosseum Nobs","floor":30,"turns":4},{"damage":24,"enemies":"Slavers","floor":31,"turns":4},{"damage":52,"enemies":"Champ","floor":33,"turns":11},{"damage":14,"enemies":"3 Darklings","floor":35,"turns":5},{"damage":5,"enemies":"3 Shapes","floor":37,"turns":4},{"damage":1,"enemies":"Reptomancer","floor":41,"turns":4},{"damage":39,"enemies":"2 Orb Walkers","floor":44,"turns":5},{"damage":0,"enemies":"Giant Head","floor":45,"turns":3},{"damage":0,"enemies":"Mind Bloom Boss Battle","floor":46,"turns":2},{"damage":3,"enemies":"Transient","floor":48,"turns":5},{"damage":63,"enemies":"Time Eater","floor":50,"turns":8}],"seed_played":"-7785932800083757431","potions_obtained":[{"floor":2,"key":"Ancient Potion"},{"floor":10,"key":"Fire Potion"},{"floor":16,"key":"BloodPotion"},{"floor":27,"key":"Swift Potion"},{"floor":44,"key":"FearPotion"},{"floor":46,"key":"LiquidBronze"}],"is_trial":false,"path_per_floor":["M","M","?","?","?","E","R","E","T","M","R","M","R","M","R","B",null,"M","?","?","$","?","R","M","R","T","E","R","M","?","E","R","B",null,"M","?","M","?","$","R","E","?","T","?","E","?","R","M","R","B",null],"character_chosen":"IRONCLAD","items_purchased":["Molten Egg 2","Sundial"],"campfire_rested":0,"item_purchase_floors":[21,39],"current_hp_per_floor":[77,80,85,68,68,44,44,39,39,43,43,40,40,26,26,12,72,77,77,59,59,59,59,47,47,47,49,49,45,55,40,40,33,81,76,76,80,80,80,80,88,76,76,49,61,75,75,84,84,33],"gold":304,"neow_bonus":"HUNDRED_GOLD","is_prod":false,"is_daily":false,"chose_seed":false,"campfire_upgraded":11,"win_rate":0,"timestamp":1569928486,"path_taken":["M","?","?","?","?","E","R","E","T","?","R","M","R","M","R","BOSS","M","?","?","$","?","R","M","R","T","E","R","M","?","E","R","BOSS","M","?","M","?","$","R","E","?","T","?","E","?","R","M","R","BOSS"],"build_version":"2019-07-17","purchased_purges":2,"victory":true,"max_hp_per_floor":[80,80,85,85,85,85,85,92,92,92,92,92,92,92,92,92,92,92,92,97,97,97,97,97,97,97,97,97,97,97,97,97,97,97,97,97,97,97,97,97,97,97,97,97,97,99,99,99,99,99],"card_choices":[{"not_picked":["Body Slam","Twin Strike"],"picked":"Iron Wave","floor":1},{"not_picked":["Flex","Clash"],"picked":"Headbutt","floor":2},{"not_picked":["Thunderclap","Combust"],"picked":"Corruption","floor":6},{"not_picked":["Brutality","Carnage"],"picked":"Infernal Blade","floor":8},{"not_picked":["Clash","Perfected Strike"],"picked":"Reckless Charge","floor":10},{"not_picked":["Iron Wave","Armaments"],"picked":"Thunderclap","floor":12},{"not_picked":["Clash","Feel No Pain"],"picked":"Battle Trance","floor":14},{"not_picked":["Bludgeon","Barricade"],"picked":"Impervious","floor":16},{"not_picked":["Perfected Strike+1","True Grit"],"picked":"Evolve","floor":18},{"not_picked":["Sword Boomerang+1","Feel No Pain"],"picked":"Disarm+1","floor":24},{"not_picked":["Cleave+1","Havoc+1"],"picked":"Dropkick+1","floor":27},{"not_picked":["Cleave+1","Twin Strike+1"],"picked":"Power Through+1","floor":29},{"not_picked":["Corruption","Armaments+1"],"picked":"Dual Wield+1","floor":30},{"not_picked":["Cleave+1","Iron Wave+1"],"picked":"Fire Breathing+1","floor":31},{"not_picked":["Juggernaut","Feed+1"],"picked":"Dark Embrace","floor":33},{"not_picked":["Power Through+1","Thunderclap+1"],"picked":"Havoc+1","floor":35},{"not_picked":["Pommel Strike+1","Perfected Strike+1"],"picked":"Havoc+1","floor":37},{"not_picked":["Immolate+1","Battle Trance+1"],"picked":"Exhume+1","floor":41},{"not_picked":["Twin Strike+1","Clothesline+1"],"picked":"Armaments+1","floor":44},{"not_picked":["Heavy Blade+1","Wild Strike+1"],"picked":"True Grit+1","floor":45},{"not_picked":["Feel No Pain+1","True Grit+1","Bloodletting+1"],"picked":"Singing Bowl","floor":46},{"not_picked":["Fiend Fire+1","Armaments+1"],"picked":"Sentinel+1","floor":48}],"player_experience":207189,"relics_obtained":[{"floor":6,"key":"Bottled Flame"},{"floor":8,"key":"Strawberry"},{"floor":9,"key":"Paper Frog"},{"floor":26,"key":"Gremlin Horn"},{"floor":27,"key":"Toxic Egg 2"},{"floor":30,"key":"Magic Flower"},{"floor":30,"key":"Bottled Lightning"},{"floor":31,"key":"Juzu Bracelet"},{"floor":41,"key":"Singing Bowl"},{"floor":43,"key":"Blood Vial"},{"floor":44,"key":"Turnip"},{"floor":45,"key":"Shuriken"},{"floor":46,"key":"Champion Belt"}],"event_choices":[{"damage_healed":0,"gold_gain":0,"player_choice":"Donut","damage_taken":0,"max_hp_gain":5,"max_hp_loss":0,"event_name":"Big Fish","floor":3,"gold_loss":0},{"damage_healed":0,"gold_gain":0,"player_choice":"Entered Light","damage_taken":17,"max_hp_gain":0,"max_hp_loss":0,"event_name":"Shining Light","floor":4,"gold_loss":0,"cards_upgraded":["Strike_R","Strike_R"]},{"cards_removed":["Strike_R"],"damage_healed":0,"gold_gain":0,"player_choice":"Forget","damage_taken":0,"max_hp_gain":0,"max_hp_loss":0,"event_name":"Living Wall","floor":5,"gold_loss":0},{"damage_healed":0,"gold_gain":0,"player_choice":"Read","damage_taken":0,"max_hp_gain":0,"max_hp_loss":0,"event_name":"The Library","floor":19,"gold_loss":0,"cards_obtained":["Sentinel"]},{"damage_healed":0,"gold_gain":0,"player_choice":"Shed Blood","damage_taken":23,"max_hp_gain":5,"max_hp_loss":0,"event_name":"Forgotten Altar","floor":20,"gold_loss":0},{"damage_healed":0,"gold_gain":0,"player_choice":"Ignored","damage_taken":0,"max_hp_gain":0,"max_hp_loss":0,"event_name":"Vampires","floor":22,"gold_loss":0},{"damage_healed":0,"gold_gain":0,"player_choice":"Fight","damage_taken":0,"max_hp_gain":0,"max_hp_loss":0,"event_name":"Colosseum","floor":30,"gold_loss":0},{"damage_healed":0,"gold_gain":0,"player_choice":"Fought Nobs","damage_taken":0,"max_hp_gain":0,"max_hp_loss":0,"event_name":"Colosseum","floor":30,"gold_loss":0},{"cards_removed":["Thunderclap"],"damage_healed":0,"gold_gain":0,"player_choice":"Removed Attack","damage_taken":0,"max_hp_gain":0,"max_hp_loss":0,"event_name":"Falling","floor":36,"gold_loss":0},{"damage_healed":0,"gold_gain":0,"player_choice":"Ignored","damage_taken":0,"max_hp_gain":0,"max_hp_loss":0,"event_name":"Tomb of Lord Red Mask","floor":38,"gold_loss":0},{"damage_healed":0,"gold_gain":0,"player_choice":"Embrace Madness","damage_taken":12,"max_hp_gain":0,"max_hp_loss":0,"event_name":"Winding Halls","floor":42,"gold_loss":0,"cards_obtained":["Madness","Madness"]},{"damage_healed":0,"gold_gain":0,"player_choice":"Fight","damage_taken":0,"max_hp_gain":0,"max_hp_loss":0,"event_name":"Mysterious Sphere","floor":44,"gold_loss":0},{"damage_healed":0,"gold_gain":0,"player_choice":"Fight","damage_taken":0,"max_hp_gain":0,"max_hp_loss":0,"event_name":"MindBloom","floor":46,"gold_loss":0}],"is_beta":false,"boss_relics":[{"not_picked":["Fusion Hammer","Snecko Eye"],"picked":"Runic Pyramid"},{"not_picked":["Philosopher\u0027s Stone","Lizard Tail"],"picked":"Coffee Dripper"}],"items_purged_floors":[21,39],"is_endless":false,"potions_floor_spawned":[2,10,16,27,30,44,46],"ascension_level":9}