{"gold_per_floor":[113,388,403,403,419,459,478,478],"floor_reached":8,"playtime":655,"items_purged":[],"score":73,"play_id":"cc063646-2ba6-4b27-aff6-30d907d22c57","local_time":"20181228143715","is_ascension_mode":true,"campfire_choices":[],"neow_cost":"NONE","seed_source_timestamp":683132044588909,"circlet_count":0,"master_deck":["Strike_R","Strike_R","Strike_R","Strike_R","Strike_R","Defend_R","Defend_R","Defend_R","Defend_R","Bash","Anger","Regret","Metallicize","Injury","Warcry","Twin Strike","Burning Pact"],"relics":["Burning Blood","NeowsBlessing","Golden Idol","Blood Vial"],"potions_floor_usage":[6,7],"damage_taken":[{"damage":0,"enemies":"2 Louse","floor":1,"turns":1},{"damage":0,"enemies":"Cultist","floor":3,"turns":1},{"damage":0,"enemies":"Small Slimes","floor":5,"turns":1},{"damage":29,"enemies":"Gremlin Nob","floor":6,"turns":4},{"damage":13,"enemies":"Blue Slaver","floor":7,"turns":4},{"damage":57,"enemies":"3 Sentries","floor":8,"turns":9}],"seed_played":"470146991774136739","potions_obtained":[{"floor":3,"key":"Explosive Potion"},{"floor":6,"key":"GamblersBrew"},{"floor":7,"key":"FearPotion"}],"is_trial":false,"path_per_floor":["M","?","M","?","M","E","M","E"],"character_chosen":"IRONCLAD","items_purchased":[],"campfire_rested":0,"item_purchase_floors":[],"current_hp_per_floor":[80,80,80,80,80,57,52,0],"gold":478,"neow_bonus":"THREE_ENEMY_KILL","is_prod":false,"is_daily":false,"chose_seed":false,"campfire_upgraded":0,"win_rate":0,"timestamp":1546025835,"path_taken":["M","?","?","?","M","E","M","E"],"build_version":"2018-12-20","purchased_purges":0,"victory":false,"max_hp_per_floor":[80,80,80,80,80,80,80,80],"card_choices":[{"not_picked":["Clash","Clothesline"],"picked":"Anger","floor":1},{"not_picked":["Evolve","Clothesline"],"picked":"Metallicize","floor":3},{"not_picked":["Clothesline","Iron Wave"],"picked":"Warcry","floor":5},{"not_picked":["Inflame","Heavy Blade"],"picked":"Twin Strike","floor":6},{"not_picked":["Heavy Blade","Iron Wave"],"picked":"Burning Pact","floor":7}],"player_experience":242621,"relics_obtained":[{"floor":6,"key":"Blood Vial"}],"event_choices":[{"damage_healed":0,"gold_gain":275,"player_choice":"Desecrate","damage_taken":0,"max_hp_gain":0,"max_hp_loss":0,"event_name":"Golden Shrine","floor":2,"gold_loss":0,"cards_obtained":["Regret"]},{"damage_healed":0,"gold_gain":0,"player_choice":"Take Wound","damage_taken":0,"relics_obtained":["Golden Idol"],"max_hp_gain":0,"max_hp_loss":0,"event_name":"Golden Idol","floor":4,"gold_loss":0,"cards_obtained":["Injury"]}],"is_beta":false,"boss_relics":[],"items_purged_floors":[],"is_endless":false,"potions_floor_spawned":[3,6,7],"killed_by":"3 Sentries","ascension_level":5}