{"gold_per_floor":[117,117,132,65,77,110,110,140,140,140,160,175,204,221,221,319,319,331,344,53,53,71,103,103,136,136,136,136,136],"floor_reached":29,"playtime":2213,"items_purged":["Regret"],"score":447,"play_id":"d7ff3e02-a53b-4f09-889c-e2c4a32e060c","local_time":"20190706002932","is_ascension_mode":true,"campfire_choices":[{"data":"Zap","floor":7,"key":"SMITH"},{"data":"White Noise","floor":10,"key":"SMITH"},{"data":"Hello World","floor":15,"key":"SMITH"},{"floor":24,"key":"REST"}],"neow_cost":"NONE","seed_source_timestamp":0,"circlet_count":0,"master_deck":["Strike_B","Strike_B","Strike_B","Strike_B+1","Defend_B","Defend_B","Defend_B","Defend_B","Zap+1","Dualcast","White Noise+1","Glacier","Coolheaded","Go for the Eyes","Scrape+1","Barrage","Buffer","Conserve Battery","Cold Snap","Hello World+1","Electrodynamics","Echo Form","Shame","Writhe","Cold Snap","Leap+1","Shame","Stack","Hologram","Self Repair","Decay"],"special_seed":0,"relics":["Cracked Core","NeowsBlessing","Kunai","Pen Nib","Calling Bell","Smiling Mask","Blue Candle","Unceasing Top","Bottled Tornado","Ancient Tea Set","PreservedInsect","Whetstone","Pantograph","Nloth\u0027s Gift"],"potions_floor_usage":[12,13,19,23,23],"damage_taken":[{"damage":0,"enemies":"Jaw Worm","floor":1,"turns":1},{"damage":0,"enemies":"Cultist","floor":3,"turns":1},{"damage":0,"enemies":"Small Slimes","floor":5,"turns":1},{"damage":5,"enemies":"Lagavulin","floor":6,"turns":9},{"damage":21,"enemies":"Gremlin Nob","floor":8,"turns":5},{"damage":0,"enemies":"Looter","floor":11,"turns":3},{"damage":0,"enemies":"3 Louse","floor":12,"turns":3},{"damage":0,"enemies":"3 Sentries","floor":13,"turns":6},{"damage":0,"enemies":"Red Slaver","floor":14,"turns":3},{"damage":12,"enemies":"Hexaghost","floor":16,"turns":11},{"damage":12,"enemies":"Shell Parasite","floor":18,"turns":6},{"damage":15,"enemies":"Spheric Guardian","floor":19,"turns":6},{"damage":12,"enemies":"Centurion and Healer","floor":22,"turns":9},{"damage":15,"enemies":"Book of Stabbing","floor":23,"turns":6},{"damage":43,"enemies":"Gremlin Leader","floor":25,"turns":7},{"damage":17,"enemies":"Snake Plant","floor":29,"turns":1}],"seed_played":"6637275032473099650","potions_obtained":[{"floor":1,"key":"EssenceOfSteel"},{"floor":2,"key":"Fire Potion"},{"floor":2,"key":"FocusPotion"},{"floor":12,"key":"FairyPotion"},{"floor":13,"key":"FocusPotion"},{"floor":18,"key":"Regen Potion"},{"floor":19,"key":"SkillPotion"}],"is_trial":false,"path_per_floor":["M","?","M","$","M","E","R","E","T","R","M","M","E","M","R","B",null,"M","M","$","?","M","E","R","E","T","?","?","M"],"character_chosen":"DEFECT","items_purchased":["Coolheaded","Go for the Eyes","Bottled Tornado"],"campfire_rested":1,"item_purchase_floors":[4,4,20],"current_hp_per_floor":[68,68,68,68,68,63,63,42,42,42,42,42,42,42,42,30,64,52,52,52,52,40,25,47,4,4,4,4,0],"gold":136,"neow_bonus":"THREE_ENEMY_KILL","is_prod":false,"is_daily":false,"chose_seed":false,"campfire_upgraded":3,"win_rate":0,"timestamp":1562387372,"path_taken":["M","?","?","$","M","E","R","E","T","R","M","?","E","M","R","BOSS","M","M","$","?","M","E","R","E","T","?","?","M"],"build_version":"2019-07-05","purchased_purges":1,"victory":false,"max_hp_per_floor":[75,75,75,75,75,75,75,75,75,75,75,75,75,75,75,75,75,75,75,75,75,75,75,75,75,75,75,75,75],"card_choices":[{"not_picked":["Rip and Tear","Stack"],"picked":"White Noise","floor":1},{"not_picked":["Rip and Tear","Steam"],"picked":"Glacier","floor":3},{"not_picked":["Beam Cell","Barrage"],"picked":"Scrape","floor":5},{"not_picked":["Sweeping Beam","Redo"],"picked":"Barrage","floor":6},{"not_picked":["Redo","Streamline"],"picked":"Buffer","floor":8},{"not_picked":["Barrage","Turbo"],"picked":"Conserve Battery","floor":11},{"not_picked":["Ball Lightning","Scrape"],"picked":"Cold Snap","floor":12},{"not_picked":["Stack","Compile Driver"],"picked":"Hello World","floor":13},{"not_picked":["Compile Driver","Cold Snap"],"picked":"Electrodynamics","floor":14},{"not_picked":["Meteor Strike","Fission"],"picked":"Echo Form","floor":16},{"not_picked":["Streamline+1","Reinforced Body+1"],"picked":"Cold Snap","floor":18},{"not_picked":["Undo","Hello World"],"picked":"Leap+1","floor":19},{"not_picked":["Heatsinks","Skim"],"picked":"Stack","floor":22},{"not_picked":["Thunder Strike","Chaos+1"],"picked":"Hologram","floor":23},{"not_picked":["Gash+1","Recycle"],"picked":"Self Repair","floor":25}],"player_experience":482240,"relics_obtained":[{"floor":6,"key":"Kunai"},{"floor":8,"key":"Bag of Preparation"},{"floor":13,"key":"Pen Nib"},{"floor":17,"key":"Smiling Mask"},{"floor":17,"key":"Blue Candle"},{"floor":17,"key":"Unceasing Top"},{"floor":23,"key":"PreservedInsect"},{"floor":25,"key":"Whetstone"},{"floor":26,"key":"Pantograph"}],"event_choices":[{"damage_healed":0,"gold_gain":0,"player_choice":"Got Potions","damage_taken":0,"max_hp_gain":0,"max_hp_loss":0,"event_name":"Lab","floor":2,"gold_loss":0},{"damage_healed":0,"gold_gain":0,"player_choice":"Stole Relic","damage_taken":0,"relics_obtained":["Ancient Tea Set"],"max_hp_gain":0,"max_hp_loss":0,"event_name":"Addict","floor":21,"gold_loss":0,"cards_obtained":["Shame"]},{"damage_healed":0,"gold_gain":0,"player_choice":"Smashed Altar","damage_taken":0,"max_hp_gain":0,"max_hp_loss":0,"event_name":"Forgotten Altar","floor":27,"gold_loss":0,"cards_obtained":["Decay"]},{"damage_healed":0,"gold_gain":0,"player_choice":"Traded Relic","damage_taken":0,"relics_obtained":["Nloth\u0027s Gift"],"max_hp_gain":0,"max_hp_loss":0,"event_name":"N\u0027loth","floor":28,"relics_lost":["Bag of Preparation"],"gold_loss":0}],"is_beta":false,"boss_relics":[{"not_picked":["White Beast Statue","Astrolabe"],"picked":"Calling Bell"}],"items_purged_floors":[20],"is_endless":false,"potions_floor_spawned":[1,3,12,13,14,18,19],"killed_by":"Snake Plant","ascension_level":9}