{"gold_per_floor":[118,118,43,43,63,73,73,89,113,113,113,140,40,40,40,40],"floor_reached":16,"playtime":565,"items_purged":["Strike_R","Strike_R"],"score":147,"play_id":"8e28e70c-9d8d-411a-bb7c-2f3ec219b793","local_time":"20191001164239","is_ascension_mode":true,"campfire_choices":[{"data":"Shockwave","floor":7,"key":"SMITH"},{"data":"Pommel Strike","floor":10,"key":"SMITH"},{"data":"Wild Strike","floor":15,"key":"SMITH"}],"neow_cost":"NONE","seed_source_timestamp":1053831564807900,"circlet_count":0,"master_deck":["AscendersBane","Strike_R","Strike_R","Defend_R","Defend_R","Defend_R","Defend_R","Bash","Purity","Intimidate","Battle Trance","Shockwave+1","Pommel Strike+1","Wild Strike+1","Parasite"],"relics":["Burning Blood","Centennial Puzzle","Bag of Marbles","Dodecahedron"],"potions_floor_usage":[],"damage_taken":[{"damage":9,"enemies":"Small Slimes","floor":1,"turns":4},{"damage":10,"enemies":"Cultist","floor":5,"turns":5},{"damage":2,"enemies":"Jaw Worm","floor":6,"turns":4},{"damage":15,"enemies":"Large Slime","floor":8,"turns":9},{"damage":30,"enemies":"Lagavulin","floor":12,"turns":5},{"damage":2,"enemies":"The Guardian","floor":16,"turns":4}],"seed_played":"-3773284964065044331","potions_obtained":[{"floor":1,"key":"FairyPotion"},{"floor":8,"key":"SpeedPotion"},{"floor":12,"key":"LiquidBronze"}],"is_trial":false,"path_per_floor":["M","?","$","?","M","M","R","M","T","R","?","E","$","?","R","B"],"character_chosen":"IRONCLAD","items_purchased":[],"campfire_rested":0,"item_purchase_floors":[],"current_hp_per_floor":[69,61,61,54,50,54,54,45,45,45,27,14,14,34,34,32],"gold":40,"neow_bonus":"RANDOM_COLORLESS","is_prod":false,"is_daily":false,"chose_seed":false,"campfire_upgraded":3,"win_rate":0,"timestamp":1569944559,"path_taken":["M","?","?","?","M","M","R","M","T","R","?","E","$","?","R","BOSS"],"build_version":"2019-07-17","purchased_purges":2,"victory":false,"max_hp_per_floor":[80,80,80,80,80,80,80,80,80,80,80,80,80,80,80,80],"card_choices":[{"not_picked":["Cleave","Anger"],"picked":"Intimidate","floor":1},{"not_picked":["Cleave","Iron Wave"],"picked":"Battle Trance","floor":5},{"not_picked":["Headbutt","Thunderclap"],"picked":"Shockwave","floor":6},{"not_picked":["Heavy Blade","Barricade"],"picked":"Pommel Strike","floor":8},{"not_picked":["Anger","Feel No Pain"],"picked":"Wild Strike","floor":12}],"player_experience":225744,"relics_obtained":[{"floor":9,"key":"Centennial Puzzle"},{"floor":12,"key":"Dodecahedron"}],"event_choices":[{"damage_healed":0,"gold_gain":0,"player_choice":"Damaged","damage_taken":8,"max_hp_gain":0,"max_hp_loss":0,"event_name":"Wheel of Change","floor":2,"gold_loss":0},{"cards_removed":["Strike_R"],"damage_healed":0,"gold_gain":0,"player_choice":"Card Removal","damage_taken":7,"max_hp_gain":0,"max_hp_loss":0,"event_name":"Golden Wing","floor":4,"gold_loss":0},{"damage_healed":0,"gold_gain":0,"player_choice":"Success","damage_taken":18,"relics_obtained":["Bag of Marbles"],"max_hp_gain":0,"max_hp_loss":0,"event_name":"Scrap Ooze","floor":11,"gold_loss":0},{"damage_healed":20,"gold_gain":0,"player_choice":"Healed and dodged fight","damage_taken":0,"max_hp_gain":0,"max_hp_loss":0,"event_name":"Mushrooms","floor":14,"gold_loss":0,"cards_obtained":["Parasite"]}],"is_beta":false,"boss_relics":[],"items_purged_floors":[3,13],"is_endless":false,"potions_floor_spawned":[1,8,12],"killed_by":"The Guardian","ascension_level":10}