{"gold_per_floor":[119,130,145,164,181,181,210,285,585,598,598,614,614,614,614,712,712,737,750,750,155,173,173,206,206,232,266,320,320,320,48,48,48],"floor_reached":33,"playtime":1795,"items_purged":["Strike_G"],"score":470,"play_id":"4eadb70a-0c18-4175-a095-2bcb022ba8a7","local_time":"20191002151810","is_ascension_mode":true,"campfire_choices":[{"floor":6,"key":"REST"},{"floor":11,"key":"REST"},{"floor":13,"key":"REST"},{"data":"Footwork","floor":15,"key":"SMITH"},{"floor":23,"key":"REST"},{"data":"Bandage Up","floor":25,"key":"SMITH"},{"floor":30,"key":"REST"},{"data":"Footwork","floor":32,"key":"SMITH"}],"neow_cost":"NONE","seed_source_timestamp":225987274913,"circlet_count":0,"master_deck":["AscendersBane","Strike_G","Strike_G","Strike_G","Strike_G","Defend_G","Defend_G","Defend_G","Defend_G","Defend_G","Survivor","Neutralize+1","Deadly Poison","Cloak And Dagger","Deflect","Deflect","Dagger Throw","Footwork+1","Malaise","Deadly Poison","Crippling Poison","Noxious Fumes","Blade Dance","Cloak And Dagger","Bandage Up+1","Deflect","Masterful Stab","Flechettes","Footwork+1"],"relics":["Ring of the Snake","Blood Vial","Old Coin","Bloody Idol","Black Star","Bottled Tornado","Letter Opener","Unceasing Top","Juzu Bracelet","Bottled Lightning","Boot","Potion Belt","ClockworkSouvenir"],"potions_floor_usage":[16,24,27,27,33],"damage_taken":[{"damage":2,"enemies":"Jaw Worm","floor":1,"turns":7},{"damage":1,"enemies":"Small Slimes","floor":2,"turns":4},{"damage":1,"enemies":"2 Louse","floor":3,"turns":2},{"damage":19,"enemies":"Exordium Wildlife","floor":4,"turns":5},{"damage":9,"enemies":"Gremlin Gang","floor":5,"turns":7},{"damage":30,"enemies":"3 Sentries","floor":7,"turns":18},{"damage":7,"enemies":"2 Fungi Beasts","floor":10,"turns":5},{"damage":0,"enemies":"Exordium Wildlife","floor":12,"turns":4},{"damage":18,"enemies":"The Guardian","floor":16,"turns":16},{"damage":11,"enemies":"Spheric Guardian","floor":18,"turns":9},{"damage":4,"enemies":"Shell Parasite","floor":19,"turns":8},{"damage":16,"enemies":"Centurion and Healer","floor":22,"turns":11},{"damage":21,"enemies":"Book of Stabbing","floor":24,"turns":9},{"damage":16,"enemies":"Gremlin Leader","floor":27,"turns":8},{"damage":71,"enemies":"Collector","floor":33,"turns":7}],"seed_played":"6170289999777325320","potions_obtained":[{"floor":2,"key":"FairyPotion"},{"floor":3,"key":"Energy Potion"},{"floor":5,"key":"FearPotion"},{"floor":18,"key":"GhostInAJar"},{"floor":24,"key":"Fire Potion"},{"floor":27,"key":"SkillPotion"}],"is_trial":false,"path_per_floor":["M","M","M","M","M","R","E","?","T","M","R","M","R","?","R","B",null,"M","M","?","$","M","R","E","R","T","E","T","?","R","$","R","B"],"character_chosen":"THE_SILENT","items_purchased":["Bottled Tornado","Noxious Fumes","Blade Dance","Cloak And Dagger","Bandage Up","ClockworkSouvenir","Footwork"],"campfire_rested":5,"item_purchase_floors":[21,21,21,21,21,31,31],"current_hp_per_floor":[61,60,59,40,31,52,22,11,11,6,27,29,50,50,50,34,57,48,46,46,46,36,55,40,40,40,32,32,32,51,51,51,0],"gold":48,"neow_bonus":"UPGRADE_CARD","is_prod":false,"is_daily":false,"chose_seed":false,"campfire_upgraded":3,"win_rate":0,"timestamp":1570022290,"path_taken":["M","M","M","M","M","R","E","?","T","M","R","M","R","?","R","BOSS","M","M","?","$","M","R","E","R","T","E","?","?","R","$","R","BOSS"],"build_version":"2019-07-17","purchased_purges":1,"victory":false,"max_hp_per_floor":[70,70,70,70,70,70,70,70,70,70,70,70,70,65,65,65,65,65,65,65,65,65,65,65,65,65,65,65,65,65,65,65,65],"card_choices":[{"not_picked":["Prepared","Underhanded Strike","Expertise"],"picked":"SKIP","floor":1},{"not_picked":["Riddle With Holes","Flying Knee","Prepared"],"picked":"SKIP","floor":2},{"not_picked":["Sucker Punch","Underhanded Strike"],"picked":"Deadly Poison","floor":3},{"not_picked":["Crippling Poison","Calculated Gamble"],"picked":"Cloak And Dagger","floor":4},{"not_picked":["Underhanded Strike","Concentrate"],"picked":"Deflect","floor":5},{"not_picked":["Acrobatics","Distraction"],"picked":"Deflect","floor":7},{"not_picked":["Sucker Punch","Slice"],"picked":"Dagger Throw","floor":10},{"not_picked":["Envenom","PiercingWail"],"picked":"Footwork","floor":12},{"not_picked":["Grand Finale","Doppelganger"],"picked":"Malaise","floor":16},{"not_picked":["Acrobatics+1","Dagger Spray"],"picked":"Deadly Poison","floor":18},{"not_picked":["Reflex","Dodge and Roll"],"picked":"Crippling Poison","floor":19},{"not_picked":["Prepared","Backstab"],"picked":"Deflect","floor":22},{"not_picked":["Unload","Prepared"],"picked":"Masterful Stab","floor":24},{"not_picked":["Slice","Riddle With Holes"],"picked":"Flechettes","floor":27}],"player_experience":339922,"relics_obtained":[{"floor":7,"key":"Blood Vial"},{"floor":9,"key":"Old Coin"},{"floor":24,"key":"Letter Opener"},{"floor":24,"key":"Unceasing Top"},{"floor":26,"key":"Juzu Bracelet"},{"floor":27,"key":"Bottled Lightning"},{"floor":27,"key":"Boot"},{"floor":28,"key":"Potion Belt"}],"event_choices":[{"damage_healed":0,"gold_gain":75,"player_choice":"Gather Gold","damage_taken":11,"max_hp_gain":0,"max_hp_loss":0,"event_name":"World of Goop","floor":8,"gold_loss":0},{"damage_healed":0,"gold_gain":0,"player_choice":"Lose Max HP","damage_taken":0,"relics_obtained":["Golden Idol"],"max_hp_gain":0,"max_hp_loss":5,"event_name":"Golden Idol","floor":14,"gold_loss":0},{"damage_healed":0,"gold_gain":0,"player_choice":"Ignored","damage_taken":0,"max_hp_gain":0,"max_hp_loss":0,"event_name":"Ghosts","floor":20,"gold_loss":0},{"damage_healed":0,"gold_gain":0,"player_choice":"Gave Idol","damage_taken":0,"relics_obtained":["Bloody Idol"],"max_hp_gain":0,"max_hp_loss":0,"event_name":"Forgotten Altar","floor":29,"relics_lost":["Golden Idol"],"gold_loss":0}],"is_beta":false,"boss_relics":[{"not_picked":["HoveringKite","Eternal Feather"],"picked":"Black Star"}],"items_purged_floors":[21],"is_endless":false,"potions_floor_spawned":[2,3,5,10,18,19,24,27],"killed_by":"Collector","ascension_level":13}