{"gold_per_floor":[365,365,379,390,198,198,227,246,246,246,246,266,62,95,95,191,191,210,222,41,41,55,55,82,93,93,93,113,132,158,158,158,158],"floor_reached":33,"playtime":1350,"items_purged":[],"score":416,"play_id":"7cb5396e-4acb-410f-9897-a0a424bd8a3a","local_time":"20190917194758","is_ascension_mode":true,"campfire_choices":[{"floor":6,"key":"REST"},{"floor":11,"key":"REST"},{"data":"All Out Attack","floor":15,"key":"SMITH"},{"floor":23,"key":"REST"},{"floor":27,"key":"REST"},{"floor":32,"key":"REST"}],"neow_cost":"PERCENT_DAMAGE","seed_source_timestamp":5391915457500,"circlet_count":0,"master_deck":["Strike_G","Strike_G","Strike_G","Defend_G","Defend_G","Defend_G","Defend_G","Defend_G","Survivor","Neutralize","All Out Attack+1","Cloak And Dagger","Infinite Blades","Sucker Punch","PiercingWail","Sucker Punch","Dash+1","Caltrops+1","Glass Knife+1","Poisoned Stab","All Out Attack","Dagger Throw","Flying Knee+1","Noxious Fumes+1","Choke","Dagger Spray","Quick Slash","Bane","Caltrops+1"],"relics":["Ring of the Snake","Vajra","Question Card","Frozen Egg 2","Regal Pillow","MealTicket","Ginger","Busted Crown","Bronze Scales","Bag of Marbles","Whetstone"],"potions_floor_usage":[7,14,16,33,33,33],"damage_taken":[{"damage":2,"enemies":"Jaw Worm","floor":1,"turns":6},{"damage":1,"enemies":"Cultist","floor":3,"turns":3},{"damage":0,"enemies":"Small Slimes","floor":4,"turns":2},{"damage":19,"enemies":"3 Sentries","floor":7,"turns":5},{"damage":2,"enemies":"Looter","floor":8,"turns":2},{"damage":7,"enemies":"Red Slaver","floor":12,"turns":3},{"damage":14,"enemies":"Lagavulin","floor":14,"turns":5},{"damage":25,"enemies":"Slime Boss","floor":16,"turns":8},{"damage":8,"enemies":"Shell Parasite","floor":18,"turns":5},{"damage":18,"enemies":"2 Thieves","floor":19,"turns":4},{"damage":11,"enemies":"Snake Plant","floor":22,"turns":3},{"damage":25,"enemies":"Book of Stabbing","floor":24,"turns":4},{"damage":22,"enemies":"Sentry and Sphere","floor":25,"turns":4},{"damage":4,"enemies":"Shelled Parasite and Fungi","floor":28,"turns":2},{"damage":3,"enemies":"Snake Plant","floor":29,"turns":4},{"damage":17,"enemies":"Gremlin Leader","floor":30,"turns":5},{"damage":78,"enemies":"Champ","floor":33,"turns":6}],"seed_played":"-4062638990162198934","potions_obtained":[{"floor":4,"key":"AttackPotion"},{"floor":7,"key":"Poison Potion"},{"floor":12,"key":"GhostInAJar"},{"floor":24,"key":"PowerPotion"},{"floor":28,"key":"Strength Potion"},{"floor":30,"key":"FearPotion"}],"is_trial":false,"path_per_floor":["M","?","M","M","$","R","E","M","T","?","R","M","$","E","R","B",null,"M","M","$","?","M","R","E","M","T","R","M","M","E","?","R","B"],"character_chosen":"THE_SILENT","items_purchased":["Vajra","Sucker Punch","MealTicket","Bronze Scales","Dagger Throw"],"campfire_rested":5,"item_purchase_floors":[5,5,13,20,20],"current_hp_per_floor":[43,43,42,42,42,63,44,42,42,30,66,59,59,45,45,20,58,50,32,47,47,36,70,45,23,23,59,55,52,35,35,70,0],"gold":158,"neow_bonus":"TWO_FIFTY_GOLD","is_prod":false,"is_daily":false,"chose_seed":false,"campfire_upgraded":1,"win_rate":0,"timestamp":1568764078,"path_taken":["M","?","M","M","$","R","E","?","T","?","R","M","$","E","R","BOSS","M","M","$","?","M","R","E","M","T","R","M","?","E","?","R","BOSS"],"build_version":"2019-07-17","purchased_purges":0,"victory":false,"max_hp_per_floor":[70,70,70,70,70,70,70,70,70,70,70,70,70,70,70,70,70,70,70,70,70,70,70,70,70,70,70,70,70,70,70,70,70],"card_choices":[{"not_picked":["PiercingWail","Well Laid Plans"],"picked":"All Out Attack","floor":1},{"not_picked":["Deadly Poison","Bouncing Flask"],"picked":"Cloak And Dagger","floor":3},{"not_picked":["Flying Knee","Acrobatics"],"picked":"Infinite Blades","floor":4},{"not_picked":["Prepared","Tactician"],"picked":"PiercingWail","floor":7},{"not_picked":["Terror","Deadly Poison","Tactician"],"picked":"Sucker Punch","floor":8},{"not_picked":["Deflect","Deadly Poison","Skewer"],"picked":"Dash","floor":12},{"not_picked":["Burst","Sucker Punch","Infinite Blades+1"],"picked":"Caltrops+1","floor":14},{"not_picked":["Storm of Steel","Wraith Form v2+1","Doppelganger"],"picked":"Glass Knife","floor":16},{"not_picked":["Finisher"],"picked":"Poisoned Stab","floor":18},{"not_picked":["Acrobatics+1"],"picked":"All Out Attack","floor":19},{"not_picked":["Underhanded Strike"],"picked":"Flying Knee","floor":22},{"not_picked":["Dodge and Roll"],"picked":"Noxious Fumes+1","floor":24},{"not_picked":["Backflip"],"picked":"Choke","floor":25},{"not_picked":["Setup"],"picked":"Dagger Spray","floor":28},{"not_picked":["Calculated Gamble"],"picked":"Quick Slash","floor":29},{"not_picked":["Deadly Poison"],"picked":"Bane","floor":30}],"player_experience":666619,"relics_obtained":[{"floor":7,"key":"Question Card"},{"floor":9,"key":"Frozen Egg 2"},{"floor":14,"key":"Ginger"},{"floor":24,"key":"Bag of Marbles"},{"floor":30,"key":"Whetstone"}],"event_choices":[{"cards_removed":["Strike_G"],"damage_healed":0,"gold_gain":0,"player_choice":"Offered Basic","damage_taken":0,"max_hp_gain":0,"max_hp_loss":0,"event_name":"Bonfire Elementals","floor":2,"gold_loss":0},{"damage_healed":0,"gold_gain":0,"player_choice":"Success","damage_taken":12,"relics_obtained":["Regal Pillow"],"max_hp_gain":0,"max_hp_loss":0,"event_name":"Scrap Ooze","floor":10,"gold_loss":0},{"damage_healed":0,"gold_gain":0,"player_choice":"Upgraded","damage_taken":0,"max_hp_gain":0,"max_hp_loss":0,"event_name":"Upgrade Shrine","floor":21,"gold_loss":0,"cards_upgraded":["Glass Knife"]},{"damage_healed":0,"gold_gain":0,"cards_transformed":["Strike_G"],"player_choice":"Transformed","damage_taken":0,"max_hp_gain":0,"max_hp_loss":0,"event_name":"Transmorgrifier","floor":31,"gold_loss":0,"cards_obtained":["Caltrops"]}],"is_beta":false,"boss_relics":[{"not_picked":["WristBlade","Runic Pyramid"],"picked":"Busted Crown"}],"items_purged_floors":[],"is_endless":false,"potions_floor_spawned":[4,7,12,24,28,30],"killed_by":"Champ","ascension_level":8}