{"gold_per_floor":[117,66,241,37,37,70,80,110,110,110,120,133,161,161,161,260,260,278,265,265,285,43,71,71,99,99,134,146,170,207,219],"floor_reached":31,"playtime":1947,"items_purged":["Strike_R"],"score":570,"play_id":"bbf3b73e-b411-43dc-af74-d1dd651ea93a","local_time":"20191001155645","is_ascension_mode":true,"campfire_choices":[{"floor":10,"key":"REST"},{"floor":15,"key":"REST"},{"floor":24,"key":"REST"},{"floor":28,"key":"REST"}],"neow_cost":"NONE","seed_source_timestamp":1200531104265600,"circlet_count":0,"master_deck":["AscendersBane","Strike_R","Strike_R","Strike_R","Strike_R","Defend_R","Defend_R","Defend_R","Defend_R","Bash","Corruption","Shrug It Off","Havoc","Sentinel","Carnage","Shrug It Off","Immolate","Armaments+1","Rampage+1","Headbutt","Shrug It Off+1","Havoc+1","Offering","Exhume"],"relics":["Burning Blood","NeowsBlessing","Strange Spoon","Regal Pillow","Smiling Mask","PreservedInsect","Frozen Egg 2","Blood Vial","Eternal Feather","Brimstone","Ancient Tea Set","Girya","MawBank","Orichalcum"],"potions_floor_usage":[8,8,12,19,23,27,29],"damage_taken":[{"damage":0,"enemies":"Jaw Worm","floor":1,"turns":1},{"damage":0,"enemies":"Lagavulin","floor":6,"turns":1},{"damage":0,"enemies":"Small Slimes","floor":7,"turns":2},{"damage":52,"enemies":"3 Sentries","floor":8,"turns":11},{"damage":2,"enemies":"2 Louse","floor":11,"turns":4},{"damage":0,"enemies":"Exordium Wildlife","floor":12,"turns":2},{"damage":28,"enemies":"Gremlin Nob","floor":13,"turns":4},{"damage":63,"enemies":"The Guardian","floor":16,"turns":12},{"damage":47,"enemies":"Shell Parasite","floor":18,"turns":7},{"damage":20,"enemies":"2 Thieves","floor":19,"turns":4},{"damage":14,"enemies":"Snecko","floor":21,"turns":5},{"damage":65,"enemies":"Slavers","floor":23,"turns":5},{"damage":40,"enemies":"Gremlin Leader","floor":25,"turns":4},{"damage":41,"enemies":"Slavers","floor":27,"turns":4},{"damage":22,"enemies":"Snake Plant","floor":29,"turns":4},{"damage":46,"enemies":"Gremlin Leader","floor":30,"turns":6},{"damage":19,"enemies":"3 Cultists","floor":31,"turns":3}],"seed_played":"6336449975188284225","potions_obtained":[{"floor":1,"key":"Strength Potion"},{"floor":7,"key":"AttackPotion"},{"floor":11,"key":"AttackPotion"},{"floor":16,"key":"SteroidPotion"},{"floor":18,"key":"LiquidBronze"},{"floor":19,"key":"LiquidBronze"},{"floor":27,"key":"AttackPotion"}],"is_trial":false,"path_per_floor":["M","$","?","$","?","E","M","E","T","R","M","M","E","?","R","B",null,"M","M","?","M","$","E","R","E","T","E","R","M","E","M"],"character_chosen":"IRONCLAD","items_purchased":["Shrug It Off","Strange Spoon","Brimstone"],"campfire_rested":4,"item_purchase_floors":[2,4,22],"current_hp_per_floor":[78,78,78,78,75,80,80,34,34,73,77,80,58,58,80,23,66,27,15,90,82,82,25,79,47,47,14,68,54,16,0],"gold":219,"neow_bonus":"THREE_ENEMY_KILL","is_prod":false,"is_daily":false,"chose_seed":false,"campfire_upgraded":0,"win_rate":0,"timestamp":1569959805,"path_taken":["M","$","?","$","?","E","M","E","T","R","M","M","E","?","R","BOSS","M","M","?","M","$","E","R","E","T","E","R","M","E","?"],"build_version":"2019-07-17","purchased_purges":1,"victory":false,"max_hp_per_floor":[80,80,80,80,80,80,80,80,80,80,80,80,80,80,80,80,80,80,80,90,90,90,90,90,90,90,90,90,90,90,90],"card_choices":[{"not_picked":["Havoc","Sword Boomerang"],"picked":"Corruption","floor":1},{"not_picked":["Iron Wave","Infernal Blade"],"picked":"Havoc","floor":6},{"not_picked":["Body Slam","Flex"],"picked":"Sentinel","floor":7},{"not_picked":["Sever Soul","Iron Wave","Rupture"],"picked":"SKIP","floor":8},{"not_picked":["Whirlwind","Wild Strike"],"picked":"Carnage","floor":11},{"not_picked":["Body Slam","Pommel Strike"],"picked":"Berserk+1","floor":12},{"not_picked":["Body Slam","Sword Boomerang"],"picked":"Shrug It Off","floor":13},{"not_picked":["Exhume","Bludgeon"],"picked":"Immolate","floor":16},{"not_picked":["Cleave+1","Fire Breathing+1"],"picked":"Armaments+1","floor":18},{"not_picked":["Searing Blow","Iron Wave","Thunderclap"],"picked":"SKIP","floor":19},{"not_picked":["Anger","Perfected Strike"],"picked":"Rampage+1","floor":21},{"not_picked":["Rupture+1","Flex"],"picked":"Headbutt","floor":23},{"not_picked":["Seeing Red","Twin Strike+1"],"picked":"Shrug It Off+1","floor":25},{"not_picked":["Iron Wave","Battle Trance"],"picked":"Havoc+1","floor":27},{"not_picked":["Headbutt","Dual Wield"],"picked":"Offering","floor":29},{"not_picked":["Pummel","Headbutt"],"picked":"Exhume","floor":30}],"player_experience":756066,"relics_obtained":[{"floor":6,"key":"Smiling Mask"},{"floor":8,"key":"PreservedInsect"},{"floor":9,"key":"Frozen Egg 2"},{"floor":13,"key":"Blood Vial"},{"floor":23,"key":"Ancient Tea Set"},{"floor":25,"key":"Girya"},{"floor":27,"key":"MawBank"},{"floor":30,"key":"Orichalcum"}],"event_choices":[{"damage_healed":0,"gold_gain":175,"player_choice":"AGREE","damage_taken":0,"max_hp_gain":0,"max_hp_loss":0,"event_name":"Liars Game","floor":3,"gold_loss":0,"cards_obtained":["Doubt"]},{"damage_healed":0,"gold_gain":0,"player_choice":"Success","damage_taken":3,"relics_obtained":["Regal Pillow"],"max_hp_gain":0,"max_hp_loss":0,"event_name":"Scrap Ooze","floor":5,"gold_loss":0},{"cards_removed":["Doubt"],"damage_healed":0,"gold_gain":0,"player_choice":"Forget","damage_taken":0,"max_hp_gain":0,"max_hp_loss":0,"event_name":"Living Wall","floor":14,"gold_loss":0},{"cards_removed":["Berserk"],"damage_healed":65,"gold_gain":0,"player_choice":"Offered Rare","damage_taken":0,"max_hp_gain":10,"max_hp_loss":0,"event_name":"Bonfire Elementals","floor":20,"gold_loss":0}],"is_beta":false,"boss_relics":[{"not_picked":["Ectoplasm","Black Star"],"picked":"Eternal Feather"}],"items_purged_floors":[22],"is_endless":false,"potions_floor_spawned":[1,7,11,16,18,19,27],"killed_by":"3 Cultists","ascension_level":12}