{"gold_per_floor":[116,116,116,133,7,34,309,326,326,326,326,355,370,405,405,405],"floor_reached":16,"playtime":767,"items_purged":[],"score":244,"play_id":"d8293248-dd4b-447a-a91b-1a7fc36504b6","local_time":"20190911143705","is_ascension_mode":true,"campfire_choices":[{"data":"Feed","floor":15,"key":"SMITH"}],"neow_cost":"NONE","seed_source_timestamp":422723667820100,"circlet_count":0,"master_deck":["Strike_R","Strike_R","Strike_R","Strike_R","Strike_R","Defend_R","Defend_R","Defend_R","Bash","Ghostly Armor","Thunderclap","Immolate","Regret","Inflame","Pain","Headbutt","Feed+1","Battle Trance"],"relics":["Burning Blood","NeowsBlessing","The Courier","Pen Nib","Torii","Shuriken","WarpedTongs","Bottled Flame","Anchor"],"potions_floor_usage":[14,16,16,16],"damage_taken":[{"damage":0,"enemies":"Small Slimes","floor":1,"turns":1},{"damage":0,"enemies":"Jaw Worm","floor":4,"turns":1},{"damage":0,"enemies":"Gremlin Nob","floor":6,"turns":1},{"damage":3,"enemies":"Cultist","floor":8,"turns":3},{"damage":6,"enemies":"Lagavulin","floor":12,"turns":4},{"damage":15,"enemies":"Exordium Thugs","floor":13,"turns":2},{"damage":11,"enemies":"3 Sentries","floor":14,"turns":3},{"damage":70,"enemies":"Hexaghost","floor":16,"turns":7}],"seed_played":"-3888775591868432958","potions_obtained":[{"floor":4,"key":"PowerPotion"},{"floor":6,"key":"Fire Potion"},{"floor":12,"key":"GamblersBrew"},{"floor":14,"key":"AttackPotion"}],"is_trial":false,"path_per_floor":["M","?","?","M","$","E","?","M","T","T","?","E","M","E","R","B"],"character_chosen":"IRONCLAD","items_purchased":["Pen Nib"],"campfire_rested":0,"item_purchase_floors":[5],"current_hp_per_floor":[78,71,64,70,70,76,76,79,79,79,79,79,70,69,69,0],"gold":405,"neow_bonus":"THREE_ENEMY_KILL","is_prod":false,"is_daily":false,"chose_seed":false,"campfire_upgraded":1,"win_rate":0,"timestamp":1568227025,"path_taken":["M","?","?","M","$","E","?","?","T","?","?","E","?","E","R","BOSS"],"build_version":"2019-07-17","purchased_purges":0,"victory":false,"max_hp_per_floor":[80,80,80,80,80,80,80,80,80,80,80,80,80,84,84,84],"card_choices":[{"not_picked":["True Grit","Second Wind"],"picked":"Ghostly Armor","floor":1},{"not_picked":["Wild Strike","Rupture"],"picked":"Thunderclap","floor":4},{"not_picked":["Shrug It Off","Entrench"],"picked":"Immolate","floor":6},{"not_picked":["Sentinel","Havoc"],"picked":"Inflame","floor":8},{"not_picked":["Warcry","Second Wind"],"picked":"Headbutt","floor":12},{"not_picked":["Pommel Strike","Combust"],"picked":"Feed","floor":13},{"not_picked":["Thunderclap","Sword Boomerang"],"picked":"Battle Trance","floor":14}],"player_experience":566132,"relics_obtained":[{"floor":6,"key":"Torii"},{"floor":10,"key":"Shuriken"},{"floor":12,"key":"Bottled Flame"},{"floor":14,"key":"Anchor"}],"event_choices":[{"damage_healed":0,"gold_gain":0,"player_choice":"Success","damage_taken":7,"relics_obtained":["The Courier"],"max_hp_gain":0,"max_hp_loss":0,"event_name":"Scrap Ooze","floor":2,"gold_loss":0},{"cards_removed":["Defend_R"],"damage_healed":0,"gold_gain":0,"player_choice":"Card Removal","damage_taken":7,"max_hp_gain":0,"max_hp_loss":0,"event_name":"Golden Wing","floor":3,"gold_loss":0},{"damage_healed":0,"gold_gain":275,"player_choice":"Desecrate","damage_taken":0,"max_hp_gain":0,"max_hp_loss":0,"event_name":"Golden Shrine","floor":7,"gold_loss":0,"cards_obtained":["Regret"]},{"damage_healed":0,"gold_gain":0,"player_choice":"Rummage","damage_taken":0,"relics_obtained":["WarpedTongs"],"max_hp_gain":0,"max_hp_loss":0,"event_name":"Accursed Blacksmith","floor":11,"gold_loss":0,"cards_obtained":["Pain"]}],"is_beta":false,"boss_relics":[],"items_purged_floors":[],"is_endless":false,"potions_floor_spawned":[4,6,12,14],"killed_by":"Hexaghost","ascension_level":9}