{"gold_per_floor":[117,136,136,86,102,136,153,181,231,231,248,248,259,275,275,377,377,391,409,428,428,445,470,482,482,509,509,535,551,551,578,578,676,676,689,701,13,29,39,39,50,81,106,106,0,19,19,39,39,39],"floor_reached":50,"playtime":4849,"items_purged":["Strike_R"],"score":578,"play_id":"f0ab8198-9b62-4988-9997-9def8c509889","local_time":"20181223170959","is_ascension_mode":true,"campfire_choices":[{"data":"Iron Wave","floor":12,"key":"SMITH"},{"data":"Thunderclap","floor":15,"key":"SMITH"},{"data":"Juggernaut","floor":25,"key":"SMITH"},{"data":"Inflame","floor":27,"key":"SMITH"},{"data":"Metallicize","floor":30,"key":"SMITH"},{"floor":32,"key":"REST"},{"floor":40,"key":"RECALL"},{"data":"Secret Weapon","floor":44,"key":"SMITH"},{"floor":47,"key":"REST"},{"floor":49,"key":"REST"}],"neow_cost":"NONE","seed_source_timestamp":256085037475840,"circlet_count":0,"master_deck":["Strike_R","Strike_R+1","Defend_R+1","Defend_R","Defend_R","Defend_R+1","Bash","Thunderclap+1","Rage","Iron Wave+1","Metallicize+1","Wild Strike","Battle Trance","Evolve","Pummel","Inflame+1","Juggernaut+1","Iron Wave+1","Heavy Blade","Sword Boomerang","Shrug It Off+1","Wild Strike+1","Clothesline+1","Double Tap","Ghostly Armor","Battle Trance+1","Secret Weapon+1","Warcry","Body Slam+1","Battle Trance+1","Carnage+1"],"relics":["Burning Blood","Bag of Preparation","War Paint","Sundial","Centennial Puzzle","Blood Vial","Busted Crown","Pantograph","Whetstone","Strawberry","Mercury Hourglass","Orrery","Letter Opener","Potion Belt","Dodecahedron","Red Mask"],"potions_floor_usage":[6,6,6,6,16,19,19,19,20,28,31,35,48,50,50,50],"damage_taken":[{"damage":5,"enemies":"Small Slimes","floor":1,"turns":4},{"damage":0,"enemies":"2 Louse","floor":2,"turns":2},{"damage":2,"enemies":"Jaw Worm","floor":5,"turns":3},{"damage":18,"enemies":"Lagavulin","floor":6,"turns":4},{"damage":0,"enemies":"2 Fungi Beasts","floor":7,"turns":4},{"damage":13,"enemies":"Gremlin Nob","floor":8,"turns":5},{"damage":0,"enemies":"Gremlin Gang","floor":11,"turns":5},{"damage":0,"enemies":"3 Louse","floor":13,"turns":4},{"damage":0,"enemies":"Large Slime","floor":14,"turns":6},{"damage":46,"enemies":"Hexaghost","floor":16,"turns":11},{"damage":5,"enemies":"Shell Parasite","floor":18,"turns":4},{"damage":0,"enemies":"3 Byrds","floor":19,"turns":3},{"damage":0,"enemies":"Shelled Parasite and Fungi","floor":20,"turns":4},{"damage":7,"enemies":"Cultist and Chosen","floor":22,"turns":5},{"damage":24,"enemies":"Book of Stabbing","floor":23,"turns":4},{"damage":17,"enemies":"Centurion and Healer","floor":24,"turns":5},{"damage":38,"enemies":"Slavers","floor":28,"turns":6},{"damage":12,"enemies":"Snake Plant","floor":29,"turns":3},{"damage":18,"enemies":"Gremlin Leader","floor":31,"turns":6},{"damage":25,"enemies":"Champ","floor":33,"turns":8},{"damage":6,"enemies":"3 Darklings","floor":35,"turns":6},{"damage":3,"enemies":"3 Shapes","floor":36,"turns":4},{"damage":10,"enemies":"Spire Growth","floor":38,"turns":4},{"damage":1,"enemies":"Maw","floor":39,"turns":5},{"damage":2,"enemies":"4 Shapes","floor":41,"turns":4},{"damage":40,"enemies":"Reptomancer","floor":42,"turns":6},{"damage":12,"enemies":"Transient","floor":46,"turns":5},{"damage":28,"enemies":"Spire Growth","floor":48,"turns":5},{"damage":95,"enemies":"Time Eater","floor":50,"turns":10}],"seed_played":"-3047783324453294298","potions_obtained":[{"floor":2,"key":"EntropicBrew"},{"floor":7,"key":"Block Potion"},{"floor":8,"key":"PowerPotion"},{"floor":11,"key":"EntropicBrew"},{"floor":19,"key":"Poison Potion"},{"floor":20,"key":"Strength Potion"},{"floor":29,"key":"SpeedPotion"},{"floor":33,"key":"Poison Potion"},{"floor":36,"key":"Block Potion"},{"floor":38,"key":"Swift Potion"},{"floor":39,"key":"SmokeBomb"}],"is_trial":false,"path_per_floor":["M","M","?","?","M","E","M","E","T","?","M","R","M","M","R","B",null,"M","M","M","?","M","E","M","R","T","R","E","M","R","E","R","B",null,"M","M","$","M","M","R","M","E","T","R","?","M","R","M","R","B"],"character_chosen":"IRONCLAD","items_purchased":["Secret Weapon","Letter Opener","Potion Belt","Warcry"],"campfire_rested":3,"item_purchase_floors":[37,37,37,37],"current_hp_per_floor":[80,80,55,55,59,47,53,46,46,51,59,59,67,75,75,37,85,85,85,85,85,84,67,58,58,58,58,35,31,31,21,48,56,92,92,92,92,88,92,92,92,58,58,58,58,54,81,61,88,0],"gold":39,"neow_bonus":"RANDOM_COMMON_RELIC","is_prod":false,"is_daily":false,"chose_seed":false,"campfire_upgraded":6,"win_rate":0,"timestamp":1545602999,"path_taken":["M","M","?","?","M","E","M","E","T","?","M","R","M","M","R","BOSS","M","M","M","?","M","E","M","R","T","R","E","?","R","E","R","BOSS","M","M","$","?","M","R","M","E","T","R","?","M","R","M","R","BOSS"],"build_version":"2018-12-20","purchased_purges":1,"victory":false,"max_hp_per_floor":[80,80,80,80,80,80,80,80,80,85,85,85,85,85,85,85,85,85,85,85,85,85,85,85,85,85,85,92,92,92,92,92,92,92,92,92,92,92,92,92,92,92,92,92,92,92,92,92,92,92],"card_choices":[{"not_picked":["Perfected Strike","Corruption"],"picked":"Thunderclap","floor":1},{"not_picked":["Anger","Body Slam"],"picked":"Rage","floor":2},{"not_picked":["Armaments","Second Wind"],"picked":"Iron Wave","floor":5},{"not_picked":["Anger","Hemokinesis"],"picked":"Metallicize","floor":6},{"not_picked":["Uppercut","Spot Weakness"],"picked":"Wild Strike","floor":7},{"not_picked":["Headbutt","Cleave"],"picked":"Battle Trance","floor":8},{"not_picked":["Reckless Charge","Feel No Pain"],"picked":"Evolve","floor":11},{"not_picked":["Clothesline","Second Wind"],"picked":"Pummel","floor":13},{"not_picked":["Cleave","Evolve"],"picked":"Inflame","floor":14},{"not_picked":["Offering","Limit Break"],"picked":"Juggernaut","floor":16},{"not_picked":[],"picked":"Iron Wave","floor":18},{"not_picked":[],"picked":"Heavy Blade","floor":19},{"not_picked":[],"picked":"Sword Boomerang","floor":20},{"not_picked":["Clothesline"],"picked":"SKIP","floor":22},{"not_picked":[],"picked":"Shrug It Off+1","floor":23},{"not_picked":["Thunderclap"],"picked":"SKIP","floor":24},{"not_picked":[],"picked":"Wild Strike+1","floor":28},{"not_picked":[],"picked":"Clothesline+1","floor":29},{"not_picked":["Clash"],"picked":"SKIP","floor":31},{"not_picked":[],"picked":"Double Tap","floor":33},{"not_picked":[],"picked":"Ghostly Armor","floor":34},{"not_picked":[],"picked":"Battle Trance+1","floor":34},{"not_picked":["Evolve"],"picked":"SKIP","floor":35},{"not_picked":["Searing Blow"],"picked":"SKIP","floor":36},{"not_picked":[],"picked":"Body Slam+1","floor":38},{"not_picked":["True Grit+1"],"picked":"SKIP","floor":39},{"not_picked":[],"picked":"Battle Trance+1","floor":41},{"not_picked":[],"picked":"Carnage+1","floor":42},{"not_picked":["Heavy Blade"],"picked":"SKIP","floor":46},{"not_picked":["Clothesline+1"],"picked":"SKIP","floor":48}],"player_experience":88134,"relics_obtained":[{"floor":6,"key":"Sundial"},{"floor":8,"key":"Centennial Puzzle"},{"floor":9,"key":"Blood Vial"},{"floor":23,"key":"Pantograph"},{"floor":26,"key":"Whetstone"},{"floor":28,"key":"Strawberry"},{"floor":31,"key":"Mercury Hourglass"},{"floor":42,"key":"Dodecahedron"}],"event_choices":[{"damage_healed":0,"gold_gain":0,"player_choice":"Success","damage_taken":25,"relics_obtained":["War Paint"],"max_hp_gain":0,"max_hp_loss":0,"event_name":"Scrap Ooze","floor":3,"gold_loss":0},{"cards_removed":["Strike_R"],"damage_healed":0,"gold_gain":0,"player_choice":"Card Removal","damage_taken":0,"max_hp_gain":0,"max_hp_loss":0,"event_name":"The Cleric","floor":4,"gold_loss":50},{"damage_healed":0,"gold_gain":0,"player_choice":"Donut","damage_taken":0,"max_hp_gain":5,"max_hp_loss":0,"event_name":"Big Fish","floor":10,"gold_loss":0},{"cards_removed":["Strike_R"],"damage_healed":0,"gold_gain":0,"player_choice":"Offered Basic","damage_taken":0,"max_hp_gain":0,"max_hp_loss":0,"event_name":"Bonfire Elementals","floor":21,"gold_loss":0},{"damage_healed":0,"gold_gain":0,"player_choice":"Paid","damage_taken":0,"relics_obtained":["Red Mask"],"max_hp_gain":0,"max_hp_loss":0,"event_name":"Tomb of Lord Red Mask","floor":45,"gold_loss":106}],"is_beta":false,"boss_relics":[{"not_picked":["Ectoplasm","Tiny House"],"picked":"Busted Crown"},{"not_picked":["Calling Bell","Snecko Eye"],"picked":"Orrery"}],"items_purged_floors":[37],"is_endless":false,"potions_floor_spawned":[2,7,8,11,13,14,19,20,22,23,29,33,36,38,39,46],"killed_by":"Time Eater","ascension_level":1}