{"gold_per_floor":[210,227,53,19,19,19,29,60,83,83,93,106,134,134,134,230,230,245,245,5,23,40,40,51,67,148,148,181,181,194,194],"floor_reached":31,"playtime":1443,"items_purged":[],"score":387,"play_id":"d833dc0d-bf9f-4551-b63d-ffef1cb94125","local_time":"20190920230102","is_ascension_mode":true,"campfire_choices":[{"data":"Dualcast","floor":6,"key":"SMITH"},{"floor":10,"key":"REST"},{"floor":15,"key":"REST"},{"floor":23,"key":"REST"},{"floor":27,"key":"REST"}],"neow_cost":"NONE","seed_source_timestamp":276085858525200,"circlet_count":0,"master_deck":["Strike_B","Strike_B","Strike_B","Strike_B","Defend_B","Defend_B","Defend_B","Defend_B","Zap+1","Dualcast+1","Ball Lightning","Go for the Eyes","Gash","Storm","Conserve Battery","Ball Lightning","Defragment","Capacitor","Defragment","Echo Form","Coolheaded+1","Melter","Force Field","Beam Cell","Cold Snap","Loop+1","Scrape"],"relics":["Cracked Core","PreservedInsect","Oddly Smooth Stone","Happy Flower","Eternal Feather","Vajra","Meat on the Bone","Frozen Egg 2","Art of War","Nloth\u0027s Gift"],"potions_floor_usage":[8,12,16,16,16,22,28,28,31],"damage_taken":[{"damage":1,"enemies":"Cultist","floor":1,"turns":4},{"damage":7,"enemies":"Jaw Worm","floor":2,"turns":2},{"damage":1,"enemies":"2 Louse","floor":7,"turns":2},{"damage":25,"enemies":"3 Sentries","floor":8,"turns":6},{"damage":19,"enemies":"Exordium Thugs","floor":11,"turns":4},{"damage":0,"enemies":"Gremlin Gang","floor":12,"turns":3},{"damage":14,"enemies":"Lagavulin","floor":13,"turns":6},{"damage":23,"enemies":"The Guardian","floor":16,"turns":9},{"damage":27,"enemies":"2 Thieves","floor":18,"turns":4},{"damage":20,"enemies":"Shell Parasite","floor":21,"turns":5},{"damage":20,"enemies":"Centurion and Healer","floor":22,"turns":6},{"damage":39,"enemies":"Cultist and Chosen","floor":24,"turns":6},{"damage":24,"enemies":"Sentry and Sphere","floor":25,"turns":4},{"damage":32,"enemies":"Gremlin Leader","floor":28,"turns":7},{"damage":17,"enemies":"3 Cultists","floor":30,"turns":5},{"damage":35,"enemies":"Book of Stabbing","floor":31,"turns":4}],"seed_played":"4903404467558562709","potions_obtained":[{"floor":7,"key":"Fire Potion"},{"floor":11,"key":"Block Potion"},{"floor":13,"key":"EssenceOfSteel"},{"floor":14,"key":"Energy Potion"},{"floor":14,"key":"Regen Potion"},{"floor":16,"key":"Poison Potion"},{"floor":21,"key":"Dexterity Potion"},{"floor":24,"key":"Weak Potion"},{"floor":25,"key":"Dexterity Potion"},{"floor":28,"key":"FocusPotion"}],"is_trial":false,"path_per_floor":["M","M","$","$","?","R","M","E","T","R","M","M","E","?","R","B",null,"M","?","$","M","M","R","M","M","T","R","E","?","M","E"],"character_chosen":"DEFECT","items_purchased":["PreservedInsect","Gash","Storm","Meat on the Bone"],"campfire_rested":4,"item_purchase_floors":[3,3,4,20],"current_hp_per_floor":[67,60,60,60,60,60,59,34,34,56,37,37,23,23,45,37,66,39,39,39,31,23,57,30,18,18,55,35,35,30,0],"gold":194,"neow_bonus":"HUNDRED_GOLD","is_prod":false,"is_daily":false,"chose_seed":false,"campfire_upgraded":1,"win_rate":0,"timestamp":1569034862,"path_taken":["M","M","?","$","?","R","M","E","T","R","M","M","E","?","R","BOSS","M","?","$","M","M","R","?","M","T","R","E","?","?","E"],"build_version":"2019-07-17","purchased_purges":0,"victory":false,"max_hp_per_floor":[75,75,75,75,75,75,75,75,75,75,75,75,75,75,75,75,75,75,75,75,75,75,75,75,75,75,75,75,75,75,75],"card_choices":[{"not_picked":["Barrage","Chill"],"picked":"Ball Lightning","floor":1},{"not_picked":["Rip and Tear","Fusion"],"picked":"Go for the Eyes","floor":2},{"not_picked":["Reprogram","Go for the Eyes"],"picked":"Conserve Battery","floor":7},{"not_picked":["Hologram","Stack"],"picked":"Ball Lightning","floor":8},{"not_picked":["Doom and Gloom","Beam Cell"],"picked":"Defragment","floor":11},{"not_picked":["Sweeping Beam","Chaos"],"picked":"Capacitor","floor":12},{"not_picked":["Melter","Cold Snap"],"picked":"Defragment","floor":13},{"not_picked":["Reboot","Rainbow"],"picked":"Echo Form","floor":16},{"not_picked":["Beam Cell+1","Doom and Gloom"],"picked":"Coolheaded+1","floor":18},{"not_picked":["Streamline+1","Skim"],"picked":"Melter","floor":21},{"not_picked":["Gash","Hologram"],"picked":"Force Field","floor":22},{"not_picked":["Turbo","Stack"],"picked":"Beam Cell","floor":24},{"not_picked":["Beam Cell","Amplify"],"picked":"Cold Snap","floor":25},{"not_picked":["Storm+1","Consume"],"picked":"Loop+1","floor":28},{"not_picked":["Stack","Streamline+1"],"picked":"Scrape","floor":30}],"player_experience":689460,"relics_obtained":[{"floor":8,"key":"Omamori"},{"floor":9,"key":"Oddly Smooth Stone"},{"floor":13,"key":"Happy Flower"},{"floor":26,"key":"Frozen Egg 2"},{"floor":28,"key":"Art of War"}],"event_choices":[{"damage_healed":0,"gold_gain":0,"player_choice":"Grow","damage_taken":0,"max_hp_gain":0,"max_hp_loss":0,"event_name":"Living Wall","floor":5,"gold_loss":0,"cards_upgraded":["Zap"]},{"damage_healed":0,"gold_gain":0,"player_choice":"Got Potions","damage_taken":0,"max_hp_gain":0,"max_hp_loss":0,"event_name":"Lab","floor":14,"gold_loss":0},{"damage_healed":0,"gold_gain":0,"player_choice":"Gave Potion","damage_taken":0,"relics_obtained":["Vajra"],"max_hp_gain":0,"max_hp_loss":0,"event_name":"WeMeetAgain","floor":19,"gold_loss":0},{"damage_healed":0,"gold_gain":0,"player_choice":"Traded Relic","damage_taken":0,"relics_obtained":["Nloth\u0027s Gift"],"max_hp_gain":0,"max_hp_loss":0,"event_name":"N\u0027loth","floor":29,"relics_lost":["Omamori"],"gold_loss":0}],"is_beta":false,"boss_relics":[{"not_picked":["Cursed Key","Runic Pyramid"],"picked":"Eternal Feather"}],"items_purged_floors":[],"is_endless":false,"potions_floor_spawned":[7,11,13,16,21,24,25,28],"killed_by":"Book of Stabbing","ascension_level":9}