{"gold_per_floor":[112,37,112,128,147,163,163,198,225,225,251,56,80,112,112,112],"floor_reached":16,"playtime":1335,"items_purged":["Strike_B","Strike_B"],"score":118,"play_id":"19aa7ed4-48d7-42d1-a41b-927f34cbba45","local_time":"20181126145236","is_ascension_mode":false,"campfire_choices":[{"floor":7,"key":"RECALL"},{"data":"Recycle","floor":10,"key":"SMITH"},{"data":"Storm","floor":15,"key":"SMITH"}],"neow_cost":"NONE","seed_source_timestamp":416266608380544,"circlet_count":0,"master_deck":["Strike_B","Strike_B","Defend_B","Defend_B","Defend_B","Defend_B","Zap+1","Dualcast","Sweeping Beam","Beam Cell","Recycle+1","Seek","Hologram","Storm+1","Streamline","Storm"],"relics":["Cracked Core","Bag of Marbles","Smiling Mask","Juzu Bracelet","Odd Mushroom","PreservedInsect"],"potions_floor_usage":[8,14,16],"damage_taken":[{"damage":0,"enemies":"2 Louse","floor":1,"turns":3},{"damage":0,"enemies":"Small Slimes","floor":4,"turns":3},{"damage":0,"enemies":"Cultist","floor":5,"turns":2},{"damage":4,"enemies":"Gremlin Gang","floor":6,"turns":3},{"damage":8,"enemies":"3 Sentries","floor":8,"turns":3},{"damage":19,"enemies":"Gremlin Nob","floor":11,"turns":3},{"damage":0,"enemies":"The Mushroom Lair","floor":13,"turns":3},{"damage":13,"enemies":"Lagavulin","floor":14,"turns":6},{"damage":22,"enemies":"Slime Boss","floor":16,"turns":8}],"seed_played":"-5901864781812670122","potions_obtained":[{"floor":4,"key":"PowerPotion"},{"floor":11,"key":"FearPotion"},{"floor":13,"key":"SpeedPotion"}],"is_trial":false,"path_per_floor":["M","$","?","M","M","M","R","E","T","R","E","$","?","E","R","B"],"character_chosen":"DEFECT","items_purchased":["Juzu Bracelet"],"campfire_rested":0,"item_purchase_floors":[12],"current_hp_per_floor":[75,75,64,64,64,60,60,52,52,52,33,33,33,20,20,0],"gold":112,"neow_bonus":"UPGRADE_CARD","is_prod":false,"is_daily":false,"chose_seed":false,"campfire_upgraded":2,"win_rate":0,"timestamp":1543243956,"path_taken":["M","$","?","M","M","M","R","E","T","R","E","$","?","E","R","BOSS"],"build_version":"2018-11-15","purchased_purges":2,"victory":false,"max_hp_per_floor":[75,75,75,75,75,75,75,75,75,75,75,75,75,75,75,75],"card_choices":[{"not_picked":["Steam","Coolheaded"],"picked":"Sweeping Beam","floor":1},{"not_picked":["Ball Lightning","Blizzard"],"picked":"Beam Cell","floor":4},{"not_picked":["Static Discharge","Redo"],"picked":"Recycle","floor":5},{"not_picked":["Steam","Compile Driver"],"picked":"Seek","floor":6},{"not_picked":["Ball Lightning","Coolheaded"],"picked":"Hologram","floor":8},{"not_picked":["Cold Snap","Undo"],"picked":"Storm","floor":11},{"not_picked":["Leap","Rebound"],"picked":"Streamline","floor":13},{"not_picked":["Conserve Battery","Streamline"],"picked":"Storm","floor":14}],"player_experience":141181,"relics_obtained":[{"floor":8,"key":"Bag of Marbles"},{"floor":11,"key":"Smiling Mask"},{"floor":13,"key":"Odd Mushroom"},{"floor":14,"key":"PreservedInsect"}],"event_choices":[{"damage_healed":0,"gold_gain":75,"player_choice":"Gather Gold","damage_taken":11,"max_hp_gain":0,"max_hp_loss":0,"event_name":"World of Goop","floor":3,"gold_loss":0},{"damage_healed":0,"gold_gain":0,"player_choice":"Fought Mushrooms","damage_taken":0,"max_hp_gain":0,"max_hp_loss":0,"event_name":"Mushrooms","floor":13,"gold_loss":0}],"is_beta":true,"boss_relics":[],"items_purged_floors":[2,12],"is_endless":false,"potions_floor_spawned":[4,11,13],"killed_by":"Slime Boss","ascension_level":0}