{"gold_per_floor":[215,215,232,232,244,270,270,300,326,326,46,65,79,112,112,208,208,220,240,286,296,315,315,315],"floor_reached":24,"playtime":1736,"items_purged":[],"score":294,"play_id":"2507a87d-f6e7-4dc2-81d9-652d5e3e1090","local_time":"20190925120813","is_ascension_mode":true,"campfire_choices":[{"data":"Shrug It Off","floor":7,"key":"SMITH"},{"data":"Uppercut","floor":10,"key":"SMITH"},{"data":"Bash","floor":15,"key":"SMITH"},{"data":"Berserk","floor":23,"key":"SMITH"}],"neow_cost":"NONE","seed_source_timestamp":517789797751700,"circlet_count":0,"master_deck":["Strike_R","Strike_R","Strike_R","Defend_R+1","Defend_R","Defend_R+1","Defend_R","Bash+1","Sentinel","Second Wind","Shrug It Off+1","Uppercut+1","Berserk+1","Pommel Strike","Dropkick","Impervious","Uppercut+1","Warcry+1","Sword Boomerang","Sword Boomerang+1"],"relics":["Burning Blood","FaceOfCleric","War Paint","Potion Belt","Ancient Tea Set","Tiny Chest","Happy Flower","Matryoshka","Empty Cage","Regal Pillow","Vajra"],"potions_floor_usage":[6,8,14],"damage_taken":[{"damage":0,"enemies":"2 Louse","floor":1,"turns":3},{"damage":1,"enemies":"Cultist","floor":3,"turns":3},{"damage":2,"enemies":"Small Slimes","floor":5,"turns":6},{"damage":37,"enemies":"3 Sentries","floor":6,"turns":12},{"damage":9,"enemies":"Gremlin Nob","floor":8,"turns":5},{"damage":9,"enemies":"Exordium Thugs","floor":12,"turns":5},{"damage":1,"enemies":"3 Louse","floor":13,"turns":4},{"damage":6,"enemies":"3 Sentries","floor":14,"turns":11},{"damage":9,"enemies":"Slime Boss","floor":16,"turns":10},{"damage":28,"enemies":"3 Byrds","floor":18,"turns":8},{"damage":7,"enemies":"Chosen","floor":19,"turns":4},{"damage":1,"enemies":"Snake Plant","floor":21,"turns":5},{"damage":7,"enemies":"Snecko","floor":22,"turns":3},{"damage":73,"enemies":"Gremlin Leader","floor":24,"turns":8}],"seed_played":"-5581719053893199860","potions_obtained":[{"floor":1,"key":"Strength Potion"},{"floor":6,"key":"Weak Potion"},{"floor":8,"key":"SmokeBomb"},{"floor":13,"key":"AttackPotion"},{"floor":19,"key":"Poison Potion"}],"is_trial":false,"path_per_floor":["M","?","M","?","M","E","R","E","T","R","$","M","M","E","R","B",null,"M","M","T","M","M","R","E"],"character_chosen":"IRONCLAD","items_purchased":["Tiny Chest","Happy Flower"],"campfire_rested":0,"item_purchase_floors":[11,11],"current_hp_per_floor":[78,78,81,81,82,52,52,50,50,50,50,48,54,55,55,53,79,58,58,58,64,64,64,0],"gold":315,"neow_bonus":"HUNDRED_GOLD","is_prod":false,"is_daily":false,"chose_seed":false,"campfire_upgraded":4,"win_rate":0,"timestamp":1569409693,"path_taken":["M","?","?","?","M","E","R","E","T","R","?","?","M","E","R","BOSS","M","M","?","M","M","R","E"],"build_version":"2019-07-17","purchased_purges":0,"victory":false,"max_hp_per_floor":[80,80,81,81,82,83,83,84,84,84,84,85,86,87,87,88,88,89,90,90,91,92,92,92],"card_choices":[{"not_picked":["Clothesline","Thunderclap"],"picked":"Sentinel","floor":1},{"not_picked":["Clothesline","Warcry"],"picked":"Second Wind","floor":3},{"not_picked":["Perfected Strike","Rupture"],"picked":"Shrug It Off","floor":5},{"not_picked":["Thunderclap","Clothesline"],"picked":"Uppercut","floor":6},{"not_picked":["Body Slam","Twin Strike","Flex"],"picked":"SKIP","floor":8},{"not_picked":["Twin Strike","Warcry"],"picked":"Berserk","floor":12},{"not_picked":["Cleave","Iron Wave"],"picked":"Pommel Strike","floor":13},{"not_picked":["Entrench","Pummel"],"picked":"Dropkick","floor":14},{"not_picked":["Brutality","Fiend Fire"],"picked":"Impervious","floor":16},{"not_picked":["Pummel","Feel No Pain"],"picked":"Uppercut+1","floor":18},{"not_picked":["Iron Wave","Heavy Blade"],"picked":"Warcry+1","floor":19},{"not_picked":["Flex","Cleave"],"picked":"Sword Boomerang","floor":21},{"not_picked":["Thunderclap","Twin Strike"],"picked":"Sword Boomerang+1","floor":22}],"player_experience":390962,"relics_obtained":[{"floor":6,"key":"War Paint"},{"floor":8,"key":"Potion Belt"},{"floor":9,"key":"Ancient Tea Set"},{"floor":14,"key":"Matryoshka"},{"floor":20,"key":"Regal Pillow"},{"floor":20,"key":"Vajra"}],"event_choices":[{"damage_healed":0,"gold_gain":0,"player_choice":"Trade","damage_taken":0,"relics_obtained":["FaceOfCleric"],"max_hp_gain":0,"max_hp_loss":0,"event_name":"FaceTrader","floor":2,"gold_loss":0},{"damage_healed":0,"gold_gain":0,"player_choice":"Full Heal","damage_taken":0,"max_hp_gain":0,"max_hp_loss":0,"event_name":"Wheel of Change","floor":4,"gold_loss":0}],"is_beta":false,"boss_relics":[{"not_picked":["Eternal Feather","Sozu"],"picked":"Empty Cage"}],"items_purged_floors":[],"is_endless":false,"potions_floor_spawned":[1,6,8,13,19],"killed_by":"Gremlin Leader","ascension_level":7}