{"gold_per_floor":[110,122,122,142,154,179,179,212,212,212,212,228,228,262,262,385,385,403,27,51,64,489,489,525,5,56,74,74,110,140,5,5,131,131,150,171,171,19,33,33,47,63,116,116,150,150,181,199,199,199,199,199,11,45,45],"floor_reached":55,"playtime":3478,"items_purged":["Injury"],"score":1104,"play_id":"60c911b0-bc45-479b-9457-d9e787e95161","local_time":"20190320205631","is_ascension_mode":true,"campfire_choices":[{"data":"Electrodynamics","floor":10,"key":"SMITH"},{"floor":13,"key":"REST"},{"data":"Dualcast","floor":15,"key":"SMITH"},{"floor":23,"key":"REST"},{"floor":28,"key":"REST"},{"floor":32,"key":"REST"},{"floor":40,"key":"REST"},{"floor":44,"key":"RECALL"},{"floor":49,"key":"REST"},{"floor":52,"key":"REST"}],"neow_cost":"NONE","seed_source_timestamp":79161387621604,"circlet_count":0,"master_deck":["Strike_B+1","Strike_B","Defend_B","Defend_B","Defend_B","Zap+1","Dualcast+1","FTL+1","Chill","Doom and Gloom","Gash","Electrodynamics+1","Leap","Leap","Cold Snap+1","Seek","Defragment+1","Sunder+1","Core Surge+1","Conserve Battery","Capacitor","Consume","Redo","Loop","Gash+1","Steam","Steam","Cold Snap+1","Creative AI","Leap","Conserve Battery","Reboot","Echo Form","Glacier+1","Scrape+1","Hologram","Mind Blast+1","Blade Dance+1","Hologram+1","Cold Snap+1","Metamorphosis","Gash+1","Backflip","Go for the Eyes+1","Conserve Battery","Leap","Body Slam+1"],"relics":["FrozenCore","NeowsBlessing","Ancient Tea Set","Bottled Tornado","Molten Egg 2","Golden Idol","Vajra","Astrolabe","Runic Capacitor","Old Coin","Symbiotic Virus","Incense Burner","Membership Card","Whetstone","Omamori","Oddly Smooth Stone","Letter Opener","Tiny Chest","PrismaticShard","DataDisk","Potion Belt","Regal Pillow","Boot","Gremlin Horn"],"potions_floor_usage":[16,24,24,24,29,29,33,42,42,50,55,55,55],"damage_taken":[{"damage":0,"enemies":"Jaw Worm","floor":1,"turns":1},{"damage":0,"enemies":"Cultist","floor":2,"turns":1},{"damage":0,"enemies":"Small Slimes","floor":4,"turns":1},{"damage":4,"enemies":"Looter","floor":5,"turns":3},{"damage":16,"enemies":"3 Sentries","floor":6,"turns":6},{"damage":35,"enemies":"Gremlin Nob","floor":8,"turns":5},{"damage":4,"enemies":"Blue Slaver","floor":12,"turns":2},{"damage":5,"enemies":"3 Sentries","floor":14,"turns":2},{"damage":7,"enemies":"Slime Boss","floor":16,"turns":6},{"damage":17,"enemies":"2 Thieves","floor":18,"turns":2},{"damage":0,"enemies":"3 Byrds","floor":20,"turns":2},{"damage":8,"enemies":"Centurion and Healer","floor":21,"turns":4},{"damage":23,"enemies":"Colosseum Slavers","floor":22,"turns":3},{"damage":10,"enemies":"Colosseum Nobs","floor":22,"turns":3},{"damage":22,"enemies":"Book of Stabbing","floor":24,"turns":4},{"damage":7,"enemies":"Snake Plant","floor":27,"turns":4},{"damage":3,"enemies":"Slavers","floor":29,"turns":3},{"damage":41,"enemies":"Champ","floor":33,"turns":8},{"damage":22,"enemies":"3 Shapes","floor":35,"turns":4},{"damage":4,"enemies":"Orb Walker","floor":36,"turns":4},{"damage":33,"enemies":"Transient","floor":39,"turns":5},{"damage":0,"enemies":"Maw","floor":41,"turns":6},{"damage":0,"enemies":"3 Darklings","floor":42,"turns":4},{"damage":13,"enemies":"Giant Head","floor":45,"turns":11},{"damage":29,"enemies":"Reptomancer","floor":47,"turns":7},{"damage":32,"enemies":"4 Shapes","floor":48,"turns":3},{"damage":10,"enemies":"Donu and Deca","floor":50,"turns":11},{"damage":56,"enemies":"Shield and Spear","floor":54,"turns":11},{"damage":13,"enemies":"The Heart","floor":55,"turns":5}],"seed_played":"4682621830917937321","potions_obtained":[{"floor":1,"key":"Dexterity Potion"},{"floor":4,"key":"Energy Potion"},{"floor":12,"key":"AttackPotion"},{"floor":18,"key":"Dexterity Potion"},{"floor":24,"key":"Fire Potion"},{"floor":29,"key":"FairyPotion"},{"floor":33,"key":"Energy Potion"},{"floor":36,"key":"Weak Potion"},{"floor":39,"key":"LiquidBronze"},{"floor":42,"key":"Energy Potion"},{"floor":47,"key":"Block Potion"}],"is_trial":false,"path_per_floor":["M","M","?","M","M","E","?","E","T","R","?","M","R","E","R","B",null,"M","$","M","M","?","R","E","$","T","M","R","E","?","$","R","B",null,"M","M","?","$","M","R","M","M","T","R","E","?","E","M","R","B",null,"R","$","E","B"],"character_chosen":"DEFECT","items_purchased":["Runic Capacitor","Capacitor","Consume","Redo","Membership Card","Cold Snap+1","Creative AI","Whetstone","Omamori","SkillPotion","Leap","Energy Potion","PrismaticShard","DataDisk","Hologram","Mind Blast+1","Boot","Go for the Eyes+1","Conserve Battery","PowerPotion","AttackPotion","Leap"],"campfire_rested":7,"item_purchase_floors":[19,19,19,19,25,25,25,25,25,25,25,25,31,38,38,38,53,53,53,53,53,53],"current_hp_per_floor":[68,68,68,68,64,48,73,38,38,38,38,34,56,51,51,44,67,50,50,50,42,9,31,9,9,9,2,24,21,21,21,43,2,57,35,31,31,31,7,29,29,29,29,29,16,66,37,5,39,29,57,66,66,10,0],"gold":45,"neow_bonus":"THREE_ENEMY_KILL","is_prod":false,"is_daily":false,"chose_seed":false,"campfire_upgraded":2,"win_rate":0,"timestamp":1553129791,"path_taken":["M","M","?","?","M","E","?","E","T","R","?","M","R","E","R","BOSS","M","$","M","M","?","R","E","$","T","M","R","E","?","?","R","BOSS","M","M","?","$","M","R","M","?","T","R","E","?","E","M","R","BOSS","R","$","E","BOSS"],"build_version":"2019-01-23","purchased_purges":1,"victory":false,"max_hp_per_floor":[75,75,75,75,75,75,75,75,75,75,75,75,75,75,75,75,75,75,75,75,75,75,75,75,75,75,75,75,75,75,75,75,75,75,75,75,75,75,75,75,75,75,75,75,75,66,66,66,66,66,66,66,66,66,66],"card_choices":[{"not_picked":["Scrape","Sunder"],"picked":"FTL","floor":1},{"not_picked":["Beam Cell","Barrage"],"picked":"Chill","floor":2},{"not_picked":["Steam Power","Go for the Eyes"],"picked":"Doom and Gloom","floor":4},{"not_picked":["Heatsinks","Compile Driver"],"picked":"Gash","floor":5},{"not_picked":["White Noise","Rebound"],"picked":"Electrodynamics","floor":6},{"not_picked":["Chaos","Rebound"],"picked":"Leap","floor":8},{"not_picked":["Steam Power","Stack"],"picked":"Leap","floor":12},{"not_picked":["Steam Power","Recycle"],"picked":"Cold Snap+1","floor":14},{"not_picked":["Fission","Hyperbeam+1"],"picked":"Seek","floor":16},{"not_picked":["Barrage+1","Ball Lightning+1"],"picked":"Conserve Battery","floor":18},{"not_picked":["Gash+1","Blizzard+1"],"picked":"Loop","floor":20},{"not_picked":["Stack","Compile Driver+1"],"picked":"Gash+1","floor":21},{"not_picked":["Coolheaded","Compile Driver+1"],"picked":"Steam","floor":22},{"not_picked":["Beam Cell+1","Redo"],"picked":"Steam","floor":24},{"not_picked":["Streamline+1","Chill"],"picked":"Conserve Battery","floor":27},{"not_picked":["Redo","Ball Lightning+1"],"picked":"Reboot","floor":29},{"not_picked":["Grand Finale+1","Multi-Cast"],"picked":"Echo Form","floor":33},{"not_picked":["Pommel Strike+1","Flechettes+1"],"picked":"Glacier+1","floor":35},{"not_picked":["Dropkick+1","True Grit"],"picked":"Scrape+1","floor":36},{"not_picked":["Deadly Poison","Core Surge+1"],"picked":"Blade Dance+1","floor":39},{"not_picked":["Headbutt+1","Clash+1"],"picked":"Hologram+1","floor":41},{"not_picked":["Streamline+1","Hologram+1"],"picked":"Cold Snap+1","floor":42},{"not_picked":["Sunder+1","True Grit+1"],"picked":"Metamorphosis","floor":45},{"not_picked":["Flechettes+1","Seeing Red"],"picked":"Gash+1","floor":47},{"not_picked":["Jack Of All Trades+1","Predator+1"],"picked":"Backflip","floor":48},{"not_picked":["Deadly Poison+1","Twin Strike+1"],"picked":"Body Slam+1","floor":54}],"player_experience":473167,"relics_obtained":[{"floor":6,"key":"Ancient Tea Set"},{"floor":8,"key":"Bottled Tornado"},{"floor":9,"key":"Molten Egg 2"},{"floor":14,"key":"Vajra"},{"floor":22,"key":"Old Coin"},{"floor":22,"key":"Symbiotic Virus"},{"floor":24,"key":"Incense Burner"},{"floor":26,"key":"Oddly Smooth Stone"},{"floor":29,"key":"Letter Opener"},{"floor":45,"key":"Potion Belt"},{"floor":47,"key":"Regal Pillow"},{"floor":54,"key":"Gremlin Horn"}],"event_choices":[{"damage_healed":0,"gold_gain":0,"player_choice":"Upgraded","damage_taken":0,"max_hp_gain":0,"max_hp_loss":0,"event_name":"Upgrade Shrine","floor":3,"gold_loss":0,"cards_upgraded":["Zap"]},{"damage_healed":25,"gold_gain":0,"player_choice":"Banana","damage_taken":0,"max_hp_gain":0,"max_hp_loss":0,"event_name":"Big Fish","floor":7,"gold_loss":0},{"damage_healed":0,"gold_gain":0,"player_choice":"Take Wound","damage_taken":0,"relics_obtained":["Golden Idol"],"max_hp_gain":0,"max_hp_loss":0,"event_name":"Golden Idol","floor":11,"gold_loss":0,"cards_obtained":["Injury"]},{"damage_healed":0,"gold_gain":0,"player_choice":"Fight","damage_taken":0,"max_hp_gain":0,"max_hp_loss":0,"event_name":"Colosseum","floor":22,"gold_loss":0},{"damage_healed":0,"gold_gain":0,"player_choice":"Fought Nobs","damage_taken":0,"max_hp_gain":0,"max_hp_loss":0,"event_name":"Colosseum","floor":22,"gold_loss":0},{"damage_healed":0,"gold_gain":0,"player_choice":"Opened","damage_taken":0,"relics_obtained":["Tiny Chest"],"max_hp_gain":0,"max_hp_loss":0,"event_name":"The Mausoleum","floor":30,"gold_loss":0},{"damage_healed":0,"gold_gain":0,"player_choice":"Ignored","damage_taken":0,"max_hp_gain":0,"max_hp_loss":0,"event_name":"SecretPortal","floor":37,"gold_loss":0},{"damage_healed":66,"gold_gain":0,"player_choice":"Heal","damage_taken":0,"max_hp_gain":0,"max_hp_loss":9,"event_name":"The Moai Head","floor":46,"gold_loss":0}],"is_beta":false,"boss_relics":[{"not_picked":["Fusion Hammer","Sozu"],"picked":"Astrolabe"},{"not_picked":["Philosopher\u0027s Stone","Runic Dome"],"picked":"FrozenCore"}],"items_purged_floors":[31],"is_endless":false,"potions_floor_spawned":[1,4,12,18,20,24,27,29,33,36,39,42,47],"killed_by":"The Heart","ascension_level":8}