{"gold_per_floor":[113,129,139,152,166,166,200,210,210,210,226,239,239,269,269,369,369,385,385,404,423,522,522,532,549,575,224,244,275,275,288,288,389,389,401,401,676,676,343,370,370,403,454,454,454,467,15,29,29,29],"floor_reached":51,"playtime":2543,"items_purged":["Strike_R","Regret","Strike_R"],"score":1064,"play_id":"5ee431d9-3ffa-4821-b0b4-18f50be42b9d","local_time":"20190512183627","is_ascension_mode":true,"campfire_choices":[{"data":"Flame Barrier","floor":6,"key":"SMITH"},{"data":"Fiend Fire","floor":10,"key":"SMITH"},{"data":"Whirlwind","floor":13,"key":"SMITH"},{"data":"Ghostly Armor","floor":15,"key":"SMITH"},{"data":"Battle Trance","floor":23,"key":"SMITH"},{"data":"Carnage","floor":30,"key":"SMITH"},{"data":"Sever Soul","floor":32,"key":"SMITH"},{"data":"Carnage","floor":41,"key":"SMITH"},{"data":"Demon Form","floor":45,"key":"SMITH"},{"data":"Flame Barrier","floor":49,"key":"SMITH"}],"neow_cost":"NONE","seed_source_timestamp":341987100554287,"circlet_count":0,"master_deck":["Strike_R","Strike_R","Strike_R","Defend_R","Defend_R","Defend_R","Defend_R","Bash","Seeing Red","Clothesline","Whirlwind+1","Flame Barrier+1","Fiend Fire+1","Ghostly Armor+1","Battle Trance+1","Reaper","Mind Blast","Shockwave","Sentinel","Power Through+1","Carnage+1","Corruption","Clothesline+1","Sever Soul+1","Demon Form","Dual Wield+1","Carnage+1","Uppercut","Pommel Strike+1","Demon Form+1","Flame Barrier+1","Mayhem"],"relics":["Philosopher\u0027s Stone","Bronze Scales","The Courier","Centennial Puzzle","Snecko Eye","Potion Belt","Lantern","Juzu Bracelet","Art of War","Runic Cube","Membership Card","Anchor","Self Forming Clay","Red Skull","Vajra","Bag of Preparation","Strange Spoon","Paper Frog"],"potions_floor_usage":[7,12,16,24,29,40,46,50,50,50,50],"damage_taken":[{"damage":0,"enemies":"Cultist","floor":1,"turns":2},{"damage":8,"enemies":"Jaw Worm","floor":2,"turns":3},{"damage":0,"enemies":"Small Slimes","floor":3,"turns":2},{"damage":20,"enemies":"Exordium Wildlife","floor":4,"turns":4},{"damage":11,"enemies":"Lots of Slimes","floor":5,"turns":3},{"damage":6,"enemies":"Gremlin Nob","floor":7,"turns":3},{"damage":0,"enemies":"2 Fungi Beasts","floor":8,"turns":2},{"damage":0,"enemies":"Large Slime","floor":11,"turns":4},{"damage":0,"enemies":"Red Slaver","floor":12,"turns":2},{"damage":5,"enemies":"Lagavulin","floor":14,"turns":4},{"damage":0,"enemies":"Hexaghost","floor":16,"turns":9},{"damage":0,"enemies":"3 Byrds","floor":18,"turns":2},{"damage":0,"enemies":"Chosen","floor":20,"turns":2},{"damage":0,"enemies":"Snecko","floor":21,"turns":3},{"damage":3,"enemies":"Snake Plant","floor":24,"turns":3},{"damage":0,"enemies":"Shelled Parasite and Fungi","floor":25,"turns":3},{"damage":0,"enemies":"Snecko","floor":28,"turns":2},{"damage":3,"enemies":"Slavers","floor":29,"turns":3},{"damage":0,"enemies":"Cultist and Chosen","floor":31,"turns":2},{"damage":0,"enemies":"Collector","floor":33,"turns":4},{"damage":0,"enemies":"Orb Walker","floor":35,"turns":1},{"damage":55,"enemies":"Reptomancer","floor":40,"turns":3},{"damage":10,"enemies":"Giant Head","floor":42,"turns":5},{"damage":0,"enemies":"3 Darklings","floor":46,"turns":2},{"damage":0,"enemies":"Spire Growth","floor":48,"turns":3},{"damage":4,"enemies":"Donu and Deca","floor":50,"turns":4}],"seed_played":"6902783972108448697","potions_obtained":[{"floor":2,"key":"Weak Potion"},{"floor":4,"key":"SkillPotion"},{"floor":5,"key":"SteroidPotion"},{"floor":11,"key":"PowerPotion"},{"floor":14,"key":"AttackPotion"},{"floor":21,"key":"PowerPotion"},{"floor":25,"key":"AttackPotion"},{"floor":28,"key":"Weak Potion"},{"floor":42,"key":"GamblersBrew"}],"is_trial":false,"path_per_floor":["M","M","M","M","M","R","E","M","T","R","M","M","R","E","R","B",null,"M","?","M","M","?","R","M","M","T","$","M","E","R","M","R","B",null,"M","?","?","?","$","E","R","E","T","?","R","M","$","M","R","B",null],"character_chosen":"IRONCLAD","items_purchased":["Corruption","Lantern","Juzu Bracelet","Membership Card","Carnage","Uppercut","Anchor","Mayhem","Bag of Preparation","Strange Spoon","Paper Frog","Strength Potion","BloodPotion","GamblersBrew"],"campfire_rested":0,"item_purchase_floors":[27,27,27,39,39,39,39,47,47,47,47,47,47,47],"current_hp_per_floor":[80,72,72,52,41,41,35,35,35,35,35,35,35,30,30,30,68,68,68,68,68,68,68,69,77,77,77,77,80,80,80,80,80,80,80,76,76,76,76,21,21,23,23,23,23,59,59,59,59,55],"gold":29,"neow_bonus":"BOSS_RELIC","is_prod":false,"is_daily":false,"chose_seed":false,"campfire_upgraded":10,"win_rate":0,"timestamp":1557682587,"path_taken":["M","M","?","?","?","R","E","M","T","R","M","M","R","E","R","BOSS","M","?","M","?","?","R","M","M","T","?","M","E","R","M","R","BOSS","M","?","?","?","$","E","R","E","T","?","R","M","$","M","R","BOSS"],"build_version":"2019-01-23","purchased_purges":3,"victory":true,"max_hp_per_floor":[80,80,80,80,80,80,80,80,80,80,80,80,80,80,80,80,80,80,80,80,80,80,80,80,80,80,80,80,80,80,80,80,80,80,80,76,76,76,76,76,76,76,76,76,76,76,76,76,76,76],"card_choices":[{"not_picked":["Clothesline","Iron Wave"],"picked":"Seeing Red","floor":1},{"not_picked":["Rage","Perfected Strike"],"picked":"Clothesline","floor":2},{"not_picked":["Twin Strike","Shockwave"],"picked":"Whirlwind","floor":3},{"not_picked":["Corruption","Clothesline"],"picked":"Flame Barrier","floor":4},{"not_picked":["Rupture","Body Slam"],"picked":"Fiend Fire","floor":5},{"not_picked":["True Grit","Warcry","Clothesline"],"picked":"SKIP","floor":7},{"not_picked":["Twin Strike","Hemokinesis","Thunderclap"],"picked":"SKIP","floor":8},{"not_picked":["Shrug It Off","Body Slam"],"picked":"Ghostly Armor","floor":11},{"not_picked":["Thunderclap","Wild Strike","Cleave"],"picked":"SKIP","floor":12},{"not_picked":["Cleave","Twin Strike"],"picked":"Battle Trance","floor":14},{"not_picked":["Impervious","Dark Embrace"],"picked":"Reaper","floor":16},{"not_picked":["Sword Boomerang","Flex+1","Bloodletting"],"picked":"SKIP","floor":18},{"not_picked":["Clothesline","Intimidate"],"picked":"Shockwave","floor":20},{"not_picked":["Sever Soul","Combust+1"],"picked":"Sentinel","floor":21},{"not_picked":["Wild Strike","Infernal Blade+1"],"picked":"Power Through+1","floor":24},{"not_picked":["Sword Boomerang","Ghostly Armor"],"picked":"Carnage","floor":25},{"not_picked":["Cleave","Sword Boomerang+1","Battle Trance"],"picked":"SKIP","floor":28},{"not_picked":["Cleave","Sword Boomerang+1","Battle Trance"],"picked":"SKIP","floor":28},{"not_picked":["Offering","Headbutt"],"picked":"Clothesline+1","floor":29},{"not_picked":["Iron Wave","Headbutt+1"],"picked":"Sever Soul","floor":31},{"not_picked":["Impervious","Feed"],"picked":"Demon Form","floor":33},{"not_picked":["Metallicize+1","Dropkick"],"picked":"Dual Wield+1","floor":35},{"not_picked":["Thunderclap","Hemokinesis+1","Metallicize+1"],"picked":"SKIP","floor":40},{"not_picked":["Metallicize","Whirlwind"],"picked":"Pommel Strike+1","floor":42},{"not_picked":["Searing Blow+1","Power Through"],"picked":"Flame Barrier","floor":46},{"not_picked":["Iron Wave+1","Cleave","Spot Weakness"],"picked":"SKIP","floor":48}],"player_experience":233735,"relics_obtained":[{"floor":7,"key":"Bronze Scales"},{"floor":9,"key":"The Courier"},{"floor":14,"key":"Centennial Puzzle"},{"floor":26,"key":"Potion Belt"},{"floor":29,"key":"Art of War"},{"floor":40,"key":"Self Forming Clay"},{"floor":42,"key":"Red Skull"},{"floor":43,"key":"Vajra"}],"event_choices":[{"damage_healed":0,"gold_gain":0,"player_choice":"1 cards matched","damage_taken":0,"max_hp_gain":0,"max_hp_loss":0,"event_name":"Match and Keep!","floor":19,"gold_loss":0,"cards_obtained":["Mind Blast"]},{"damage_healed":0,"gold_gain":99,"player_choice":"Stole From Cult","damage_taken":0,"max_hp_gain":0,"max_hp_loss":0,"event_name":"Nest","floor":22,"gold_loss":0},{"damage_healed":0,"gold_gain":0,"player_choice":"Max HP","damage_taken":0,"max_hp_gain":0,"max_hp_loss":4,"event_name":"Winding Halls","floor":36,"gold_loss":0},{"damage_healed":0,"gold_gain":275,"player_choice":"Desecrate","damage_taken":0,"max_hp_gain":0,"max_hp_loss":0,"event_name":"Golden Shrine","floor":37,"gold_loss":0,"cards_obtained":["Regret"]},{"damage_healed":0,"gold_gain":0,"player_choice":"Ignored","damage_taken":0,"max_hp_gain":0,"max_hp_loss":0,"event_name":"Tomb of Lord Red Mask","floor":38,"gold_loss":0},{"damage_healed":0,"gold_gain":0,"player_choice":"Copied","damage_taken":0,"max_hp_gain":0,"max_hp_loss":0,"event_name":"Duplicator","floor":44,"gold_loss":0,"cards_obtained":["Demon Form"]}],"is_beta":false,"boss_relics":[{"not_picked":["Calling Bell","Runic Dome"],"picked":"Snecko Eye"},{"not_picked":["Tiny House","Fusion Hammer"],"picked":"Runic Cube"}],"items_purged_floors":[27,39,47],"is_endless":false,"potions_floor_spawned":[2,4,5,11,14,21,25,28,42],"ascension_level":5}