{"gold_per_floor":[110,110,35,49,49,89,89,129,154,168,191,207,238,259,259,385,385,401,196,295,309,309,309,344,358,358,65,65,103,128,152,152,271,271,296,246,271,287,307,307,340,340,340,354,372,30,88,88,88,88],"floor_reached":51,"playtime":4536,"items_purged":["Defend_B","Thunder Strike","Undo","Compile Driver","Ball Lightning+1"],"score":915,"play_id":"787e1fef-db5c-44e1-99f7-4d5c100d3ec6","local_time":"20190916154240","is_ascension_mode":true,"campfire_choices":[{"data":"Glacier","floor":7,"key":"SMITH"},{"data":"Zap","floor":15,"key":"SMITH"},{"data":"Barrage","floor":23,"key":"SMITH"},{"data":"Dualcast","floor":28,"key":"SMITH"},{"floor":32,"key":"REST"},{"data":"Hyperbeam","floor":40,"key":"SMITH"},{"floor":49,"key":"REST"}],"neow_cost":"NONE","seed_source_timestamp":19341174978576,"circlet_count":0,"master_deck":["Zap+1","Dualcast+1","Glacier+1","Darkness","Compile Driver","Barrage+1","BootSequence","Conserve Battery+1","Echo Form"],"relics":["Cracked Core","Happy Flower","Golden Idol","Smiling Mask","Gremlin Horn","Vajra","Ancient Tea Set","Odd Mushroom","Pandora\u0027s Box","DataDisk","Pear","Shuriken","Ornamental Fan","Art of War","Nuclear Battery","Bag of Preparation","Symbiotic Virus","Turnip","Nunchaku"],"potions_floor_usage":[6,16,25,41,47,50],"damage_taken":[{"damage":0,"enemies":"Cultist","floor":1,"turns":3},{"damage":3,"enemies":"Small Slimes","floor":4,"turns":3},{"damage":14,"enemies":"Gremlin Nob","floor":6,"turns":3},{"damage":12,"enemies":"Lagavulin","floor":8,"turns":8},{"damage":1,"enemies":"Jaw Worm","floor":10,"turns":2},{"damage":0,"enemies":"Blue Slaver","floor":12,"turns":4},{"damage":6,"enemies":"The Mushroom Lair","floor":13,"turns":5},{"damage":0,"enemies":"Looter","floor":14,"turns":4},{"damage":0,"enemies":"The Guardian","floor":16,"turns":13},{"damage":0,"enemies":"Shell Parasite","floor":18,"turns":5},{"damage":0,"enemies":"3 Byrds","floor":21,"turns":4},{"damage":24,"enemies":"Gremlin Leader","floor":24,"turns":7},{"damage":0,"enemies":"Shelled Parasite and Fungi","floor":25,"turns":4},{"damage":0,"enemies":"Book of Stabbing","floor":29,"turns":4},{"damage":0,"enemies":"Snake Plant","floor":30,"turns":3},{"damage":2,"enemies":"3 Cultists","floor":31,"turns":3},{"damage":30,"enemies":"Champ","floor":33,"turns":9},{"damage":5,"enemies":"3 Shapes","floor":35,"turns":3},{"damage":16,"enemies":"3 Darklings","floor":37,"turns":4},{"damage":0,"enemies":"Jaw Worm Horde","floor":38,"turns":2},{"damage":0,"enemies":"Sphere and 2 Shapes","floor":39,"turns":1},{"damage":30,"enemies":"Giant Head","floor":41,"turns":9},{"damage":3,"enemies":"Transient","floor":44,"turns":5},{"damage":2,"enemies":"Writhing Mass","floor":45,"turns":5},{"damage":11,"enemies":"2 Orb Walkers","floor":47,"turns":4},{"damage":37,"enemies":"Time Eater","floor":50,"turns":16}],"seed_played":"-3675954197589721864","potions_obtained":[{"floor":4,"key":"SkillPotion"},{"floor":6,"key":"Swift Potion"},{"floor":10,"key":"FocusPotion"},{"floor":13,"key":"AttackPotion"},{"floor":16,"key":"SteroidPotion"},{"floor":18,"key":"Regen Potion"},{"floor":30,"key":"FearPotion"},{"floor":35,"key":"EssenceOfSteel"},{"floor":38,"key":"Weak Potion"},{"floor":45,"key":"FairyPotion"}],"is_trial":false,"path_per_floor":["M","?","$","M","?","E","R","E","T","M","T","M","?","M","R","B",null,"M","$","?","M","?","R","E","M","T","$","R","E","M","M","R","B",null,"M","$","M","M","M","R","E","?","T","M","M","$","?","?","R","B",null],"character_chosen":"DEFECT","items_purchased":["DataDisk","Ornamental Fan","Turnip"],"campfire_rested":2,"item_purchase_floors":[19,27,46],"current_hp_per_floor":[75,57,57,54,54,40,40,28,28,27,27,27,21,21,21,21,75,75,75,75,75,61,61,47,56,56,56,56,56,56,54,81,51,90,85,85,69,69,69,69,39,39,39,36,34,34,23,23,50,13],"gold":88,"neow_bonus":"RANDOM_COMMON_RELIC","is_prod":false,"is_daily":false,"chose_seed":false,"campfire_upgraded":5,"win_rate":0,"timestamp":1568626960,"path_taken":["M","?","$","M","?","E","R","E","T","?","?","M","?","M","R","BOSS","M","$","?","M","?","R","E","M","T","?","R","E","M","M","R","BOSS","M","$","M","?","M","R","E","?","T","?","M","?","?","?","R","BOSS"],"build_version":"2019-07-17","purchased_purges":5,"victory":true,"max_hp_per_floor":[75,75,75,75,75,75,75,75,75,75,75,75,75,75,75,75,75,75,75,75,75,80,80,90,90,90,90,90,90,90,90,90,90,90,90,90,90,90,90,90,90,90,90,90,90,90,90,90,90,90],"card_choices":[{"not_picked":["Steam","Melter"],"picked":"Compile Driver","floor":1},{"not_picked":["Ball Lightning","Consume","Leap"],"picked":"SKIP","floor":4},{"not_picked":["Storm","FTL"],"picked":"Glacier","floor":6},{"not_picked":["Leap","Glacier","Barrage"],"picked":"SKIP","floor":8},{"not_picked":["Hologram","Rebound","Genetic Algorithm"],"picked":"SKIP","floor":10},{"not_picked":["Heatsinks","Barrage","Hologram"],"picked":"SKIP","floor":12},{"not_picked":["Stack","Consume"],"picked":"Undo","floor":14},{"not_picked":["Gash","Melter+1","Hello World"],"picked":"SKIP","floor":18},{"not_picked":["BootSequence","Rebound+1","Beam Cell+1"],"picked":"SKIP","floor":21},{"not_picked":["Chaos+1","Turbo","Double Energy"],"picked":"SKIP","floor":24},{"not_picked":["Blizzard+1","Darkness","Stack+1"],"picked":"SKIP","floor":25},{"not_picked":["Chaos","Double Energy"],"picked":"Ball Lightning+1","floor":29},{"not_picked":["Gash+1","Redo+1","Turbo"],"picked":"SKIP","floor":30},{"not_picked":["Go for the Eyes","Compile Driver","Beam Cell"],"picked":"SKIP","floor":31},{"not_picked":["Echo Form","Rainbow"],"picked":"Hyperbeam","floor":33},{"not_picked":["Steam","Rip and Tear+1","Barrage"],"picked":"SKIP","floor":35},{"not_picked":["Conserve Battery+1","Hyperbeam","Storm"],"picked":"SKIP","floor":37},{"not_picked":["Compile Driver","White Noise+1","Conserve Battery"],"picked":"SKIP","floor":38},{"not_picked":["Self Repair+1","Beam Cell+1","Ball Lightning"],"picked":"SKIP","floor":39},{"not_picked":["Echo Form","Self Repair","Gash"],"picked":"SKIP","floor":41},{"not_picked":["Sweeping Beam+1","Stack+1","Rebound+1"],"picked":"SKIP","floor":44},{"not_picked":["Cold Snap","Sweeping Beam","Barrage+1"],"picked":"SKIP","floor":45}],"player_experience":1732181,"relics_obtained":[{"floor":6,"key":"Smiling Mask"},{"floor":8,"key":"Gremlin Horn"},{"floor":9,"key":"Vajra"},{"floor":11,"key":"Ancient Tea Set"},{"floor":13,"key":"Odd Mushroom"},{"floor":24,"key":"Pear"},{"floor":26,"key":"Shuriken"},{"floor":29,"key":"Art of War"},{"floor":41,"key":"Bag of Preparation"},{"floor":43,"key":"Symbiotic Virus"},{"floor":47,"key":"Nunchaku"}],"event_choices":[{"damage_healed":0,"gold_gain":0,"player_choice":"Take Damage","damage_taken":18,"relics_obtained":["Golden Idol"],"max_hp_gain":0,"max_hp_loss":0,"event_name":"Golden Idol","floor":2,"gold_loss":0},{"cards_removed":["Defend_B"],"damage_healed":0,"gold_gain":0,"player_choice":"Card Removal","damage_taken":0,"max_hp_gain":0,"max_hp_loss":0,"event_name":"Wheel of Change","floor":5,"gold_loss":0},{"damage_healed":0,"gold_gain":0,"player_choice":"Fought Mushrooms","damage_taken":0,"max_hp_gain":0,"max_hp_loss":0,"event_name":"Mushrooms","floor":13,"gold_loss":0},{"damage_healed":0,"gold_gain":99,"player_choice":"Stole From Cult","damage_taken":0,"max_hp_gain":0,"max_hp_loss":0,"event_name":"Nest","floor":20,"gold_loss":0},{"damage_healed":0,"gold_gain":0,"player_choice":"Shed Blood","damage_taken":19,"max_hp_gain":5,"max_hp_loss":0,"event_name":"Forgotten Altar","floor":22,"gold_loss":0},{"damage_healed":0,"gold_gain":0,"player_choice":"Forge","damage_taken":0,"max_hp_gain":0,"max_hp_loss":0,"event_name":"Accursed Blacksmith","floor":42,"gold_loss":0,"cards_upgraded":["Conserve Battery"]},{"damage_healed":0,"gold_gain":0,"player_choice":"Fight","damage_taken":0,"max_hp_gain":0,"max_hp_loss":0,"event_name":"Mysterious Sphere","floor":47,"gold_loss":0},{"cards_removed":["Hyperbeam"],"damage_healed":0,"gold_gain":0,"player_choice":"Took Card","damage_taken":0,"max_hp_gain":0,"max_hp_loss":0,"event_name":"NoteForYourself","floor":48,"gold_loss":0,"cards_obtained":["Echo Form"]}],"is_beta":false,"boss_relics":[{"not_picked":["Coffee Dripper","Sozu"],"picked":"Pandora\u0027s Box"},{"not_picked":["Eternal Feather","Orrery"],"picked":"Nuclear Battery"}],"items_purged_floors":[3,19,27,36,46],"is_endless":false,"potions_floor_spawned":[4,6,10,13,16,18,24,30,35,38,45],"ascension_level":1}