{"gold_per_floor":[119,137,150,131,131,131,162,83,83,109,124,124,140,164,164,260,260,272,285,305,318,318],"floor_reached":22,"playtime":1611,"items_purged":[],"score":280,"play_id":"3b526658-453a-426b-a726-69784b3cbe87","local_time":"20190916215145","is_ascension_mode":true,"campfire_choices":[{"floor":6,"key":"REST"},{"floor":12,"key":"REST"},{"floor":15,"key":"REST"}],"neow_cost":"NONE","seed_source_timestamp":357727337718900,"circlet_count":0,"master_deck":["Strike_G","Strike_G","Strike_G","Strike_G","Strike_G","Defend_G","Defend_G","Defend_G","Defend_G","Survivor","Neutralize","Distraction","Dagger Throw","Footwork","Sucker Punch","Footwork","After Image","Dash","Dagger Throw","Quick Slash","Noxious Fumes","After Image","All Out Attack","Calculated Gamble","Flying Knee","Slice+1"],"relics":["Ring of the Snake","Vajra","Mango","Pantograph","The Courier","Odd Mushroom","Runic Pyramid"],"potions_floor_usage":[4,10,11,16,21,22],"damage_taken":[{"damage":10,"enemies":"Jaw Worm","floor":1,"turns":6},{"damage":9,"enemies":"Small Slimes","floor":2,"turns":3},{"damage":4,"enemies":"Cultist","floor":3,"turns":3},{"damage":1,"enemies":"Exordium Thugs","floor":4,"turns":7},{"damage":15,"enemies":"3 Sentries","floor":7,"turns":4},{"damage":24,"enemies":"Gremlin Nob","floor":10,"turns":5},{"damage":1,"enemies":"2 Fungi Beasts","floor":11,"turns":4},{"damage":17,"enemies":"Lots of Slimes","floor":13,"turns":6},{"damage":12,"enemies":"The Mushroom Lair","floor":14,"turns":6},{"damage":24,"enemies":"Slime Boss","floor":16,"turns":10},{"damage":2,"enemies":"Spheric Guardian","floor":18,"turns":8},{"damage":23,"enemies":"3 Byrds","floor":19,"turns":8},{"damage":29,"enemies":"Cultist and Chosen","floor":20,"turns":10},{"damage":9,"enemies":"Shelled Parasite and Fungi","floor":21,"turns":7},{"damage":15,"enemies":"Masked Bandits","floor":22,"turns":2}],"seed_played":"-1099712549738151461","potions_obtained":[{"floor":1,"key":"Energy Potion"},{"floor":7,"key":"AttackPotion"},{"floor":10,"key":"Energy Potion"},{"floor":14,"key":"AttackPotion"},{"floor":16,"key":"Swift Potion"},{"floor":18,"key":"Weak Potion"}],"is_trial":false,"path_per_floor":["M","M","M","M","?","R","E","$","T","E","M","R","M","?","R","B",null,"M","M","M","M","?"],"character_chosen":"THE_SILENT","items_purchased":["After Image"],"campfire_rested":3,"item_purchase_floors":[8],"current_hp_per_floor":[53,44,40,39,21,42,41,41,41,17,16,41,24,12,37,38,73,71,48,19,10,0],"gold":318,"neow_bonus":"REMOVE_CARD","is_prod":false,"is_daily":false,"chose_seed":false,"campfire_upgraded":0,"win_rate":0,"timestamp":1568685105,"path_taken":["M","M","M","M","?","R","E","$","T","E","M","R","M","?","R","BOSS","M","M","M","M","?"],"build_version":"2019-07-17","purchased_purges":0,"victory":false,"max_hp_per_floor":[70,70,70,70,70,70,84,84,84,84,84,84,84,84,84,84,84,84,84,84,84,84],"card_choices":[{"not_picked":["Calculated Gamble","Concentrate"],"picked":"Distraction","floor":1},{"not_picked":["Deadly Poison","Prepared"],"picked":"Dagger Throw","floor":2},{"not_picked":["Sucker Punch","Accuracy"],"picked":"Footwork","floor":3},{"not_picked":["Dodge and Roll","Calculated Gamble"],"picked":"Sucker Punch","floor":4},{"not_picked":["Slice","Blade Dance"],"picked":"Footwork","floor":7},{"not_picked":["Sucker Punch","Deadly Poison"],"picked":"Dash","floor":10},{"not_picked":["Concentrate","Setup"],"picked":"Dagger Throw","floor":11},{"not_picked":["Tools of the Trade","Caltrops"],"picked":"Quick Slash","floor":13},{"not_picked":["Leg Sweep","Reflex"],"picked":"Noxious Fumes","floor":14},{"not_picked":["Night Terror","Die Die Die"],"picked":"After Image","floor":16},{"not_picked":["Slice+1","Quick Slash+1"],"picked":"All Out Attack","floor":18},{"not_picked":["Reflex","Underhanded Strike+1"],"picked":"Calculated Gamble","floor":19},{"not_picked":["Acrobatics","Finisher+1"],"picked":"Flying Knee","floor":20},{"not_picked":["Bane+1","Prepared+1"],"picked":"Slice+1","floor":21}],"player_experience":655642,"relics_obtained":[{"floor":7,"key":"Mango"},{"floor":9,"key":"Pantograph"},{"floor":10,"key":"The Courier"},{"floor":14,"key":"Odd Mushroom"}],"event_choices":[{"damage_healed":0,"gold_gain":0,"player_choice":"Success","damage_taken":18,"relics_obtained":["Vajra"],"max_hp_gain":0,"max_hp_loss":0,"event_name":"Scrap Ooze","floor":5,"gold_loss":0},{"damage_healed":0,"gold_gain":0,"player_choice":"Fought Mushrooms","damage_taken":0,"max_hp_gain":0,"max_hp_loss":0,"event_name":"Mushrooms","floor":14,"gold_loss":0},{"damage_healed":0,"gold_gain":0,"player_choice":"Fought Bandits","damage_taken":0,"max_hp_gain":0,"max_hp_loss":0,"event_name":"Masked Bandits","floor":22,"gold_loss":0}],"is_beta":false,"boss_relics":[{"not_picked":["Runic Dome","Philosopher\u0027s Stone"],"picked":"Runic Pyramid"}],"items_purged_floors":[],"is_endless":false,"potions_floor_spawned":[1,7,10,14,16,18],"killed_by":"Masked Bandits","ascension_level":8}