{"gold_per_floor":[115,115,132,63,82,108,108,137,137,36,36],"floor_reached":11,"playtime":761,"items_purged":[],"score":130,"play_id":"3b798ea9-4f8e-41aa-b413-080146f6300f","local_time":"20190930194948","is_ascension_mode":true,"campfire_choices":[{"data":"Pummel","floor":7,"key":"SMITH"}],"neow_cost":"NONE","seed_source_timestamp":1129299648639100,"circlet_count":0,"master_deck":["AscendersBane","Strike_R","Strike_R","Strike_R","Strike_R","Strike_R","Defend_R","Defend_R","Defend_R","Defend_R","Bash","Heavy Blade+1","Heavy Blade","Battle Trance","Pummel+1","Battle Trance"],"relics":["Burning Blood","NeowsBlessing","Torii","Nunchaku"],"potions_floor_usage":[6,6,8,11,11],"damage_taken":[{"damage":0,"enemies":"2 Louse","floor":1,"turns":2},{"damage":0,"enemies":"Cultist","floor":3,"turns":1},{"damage":0,"enemies":"Jaw Worm","floor":5,"turns":1},{"damage":26,"enemies":"Gremlin Nob","floor":6,"turns":4},{"damage":56,"enemies":"Lagavulin","floor":8,"turns":6},{"damage":18,"enemies":"Gremlin Nob","floor":11,"turns":2}],"seed_played":"4719216953410645948","potions_obtained":[{"floor":3,"key":"Strength Potion"},{"floor":5,"key":"GamblersBrew"},{"floor":6,"key":"GamblersBrew"}],"is_trial":false,"path_per_floor":["M","?","M","$","M","E","R","E","T","$","E"],"character_chosen":"IRONCLAD","items_purchased":["Battle Trance","Explosive Potion","Fire Potion"],"campfire_rested":0,"item_purchase_floors":[4,10,10],"current_hp_per_floor":[78,78,80,80,80,60,60,10,10,10,0],"gold":36,"neow_bonus":"THREE_ENEMY_KILL","is_prod":false,"is_daily":false,"chose_seed":false,"campfire_upgraded":1,"win_rate":0,"timestamp":1569887388,"path_taken":["M","?","?","$","?","E","R","E","T","?","E"],"build_version":"2019-07-17","purchased_purges":0,"victory":false,"max_hp_per_floor":[80,80,80,80,80,80,80,80,80,80,80],"card_choices":[{"not_picked":["Clash","Wild Strike"],"picked":"Heavy Blade","floor":1},{"not_picked":["Thunderclap","Metallicize"],"picked":"Heavy Blade","floor":3},{"not_picked":["Hemokinesis","Iron Wave"],"picked":"Pummel","floor":5},{"not_picked":["Blood for Blood","Headbutt"],"picked":"Battle Trance","floor":6},{"not_picked":["Wild Strike","Bloodletting","Searing Blow"],"picked":"SKIP","floor":8}],"player_experience":743518,"relics_obtained":[{"floor":6,"key":"Torii"},{"floor":8,"key":"Nunchaku"}],"event_choices":[{"damage_healed":0,"gold_gain":0,"player_choice":"Upgraded","damage_taken":0,"max_hp_gain":0,"max_hp_loss":0,"event_name":"Upgrade Shrine","floor":2,"gold_loss":0,"cards_upgraded":["Heavy Blade"]}],"is_beta":false,"boss_relics":[],"items_purged_floors":[],"is_endless":false,"potions_floor_spawned":[3,5,6],"killed_by":"Gremlin Nob","ascension_level":12}