{"gold_per_floor":[117,30,46,65,77,111,111,130,179,197,223,241,241,261,261,360,360,378,378,303,322,338,338],"floor_reached":23,"playtime":1038,"items_purged":[],"score":331,"play_id":"68ba5b28-3395-408d-b52c-b75ec298fccf","local_time":"20190929215926","is_ascension_mode":true,"campfire_choices":[{"floor":7,"key":"REST"},{"data":"Seeing Red","floor":13,"key":"SMITH"},{"floor":15,"key":"REST"}],"neow_cost":"NONE","seed_source_timestamp":1050400611747199,"circlet_count":0,"master_deck":["AscendersBane","Strike_R","Strike_R","Strike_R","Strike_R","Defend_R","Defend_R","Defend_R","Bash","Shrug It Off","Metallicize","Clash","Thunderclap","Flex","Inflame","Demon Form","Seeing Red+1","Shrug It Off","Carnage","Feed","Anger","Sword Boomerang+1","Cleave+1"],"relics":["Burning Blood","Regal Pillow","Happy Flower","Question Card","Velvet Choker","Vajra"],"potions_floor_usage":[6,11,22],"damage_taken":[{"damage":7,"enemies":"2 Louse","floor":1,"turns":3},{"damage":1,"enemies":"Jaw Worm","floor":3,"turns":6},{"damage":6,"enemies":"Cultist","floor":4,"turns":3},{"damage":16,"enemies":"Exordium Wildlife","floor":5,"turns":3},{"damage":30,"enemies":"3 Sentries","floor":6,"turns":9},{"damage":11,"enemies":"Looter","floor":8,"turns":3},{"damage":16,"enemies":"Blue Slaver","floor":10,"turns":4},{"damage":4,"enemies":"Lagavulin","floor":11,"turns":5},{"damage":3,"enemies":"Exordium Thugs","floor":12,"turns":4},{"damage":19,"enemies":"Exordium Wildlife","floor":14,"turns":4},{"damage":40,"enemies":"Hexaghost","floor":16,"turns":8},{"damage":11,"enemies":"Chosen","floor":18,"turns":5},{"damage":24,"enemies":"2 Thieves","floor":21,"turns":4},{"damage":31,"enemies":"Cultist and Chosen","floor":22,"turns":6},{"damage":44,"enemies":"Book of Stabbing","floor":23,"turns":4}],"seed_played":"-8628297033113821441","potions_obtained":[{"floor":5,"key":"Poison Potion"},{"floor":6,"key":"FearPotion"},{"floor":11,"key":"BloodPotion"},{"floor":21,"key":"Ancient Potion"}],"is_trial":false,"path_per_floor":["M","$","M","M","M","E","R","M","T","M","E","M","R","M","R","B",null,"M","?","?","M","M","E"],"character_chosen":"IRONCLAD","items_purchased":["Metallicize","Clash"],"campfire_rested":2,"item_purchase_floors":[2,2],"current_hp_per_floor":[71,71,76,76,66,42,80,75,75,65,67,70,70,57,80,46,72,67,67,67,49,44,0],"gold":338,"neow_bonus":"REMOVE_CARD","is_prod":false,"is_daily":false,"chose_seed":false,"campfire_upgraded":1,"win_rate":0,"timestamp":1569808766,"path_taken":["M","$","M","M","M","E","R","M","T","M","E","M","R","M","R","BOSS","M","?","?","M","M","E"],"build_version":"2019-07-17","purchased_purges":0,"victory":false,"max_hp_per_floor":[80,80,80,80,80,80,80,80,80,80,80,80,80,80,80,80,80,80,80,80,80,80,80],"card_choices":[{"not_picked":["Sword Boomerang","Spot Weakness"],"picked":"Shrug It Off","floor":1},{"not_picked":["Body Slam","Havoc"],"picked":"Thunderclap","floor":3},{"not_picked":["Headbutt","Spot Weakness"],"picked":"Flex","floor":4},{"not_picked":["Disarm","Flex"],"picked":"Inflame","floor":5},{"not_picked":["Hemokinesis","Dual Wield","Clothesline"],"picked":"SKIP","floor":6},{"not_picked":["Perfected Strike","Headbutt"],"picked":"Demon Form","floor":8},{"not_picked":["Wild Strike","Thunderclap","Armaments"],"picked":"SKIP","floor":10},{"not_picked":["Barricade","Headbutt"],"picked":"Seeing Red","floor":11},{"not_picked":["Spot Weakness","Cleave","Hemokinesis"],"picked":"Shrug It Off","floor":12},{"not_picked":["Combust","Cleave","Twin Strike"],"picked":"Carnage","floor":14},{"not_picked":["Dark Embrace","Juggernaut","Fiend Fire"],"picked":"Feed","floor":16},{"not_picked":["Pommel Strike","Thunderclap","True Grit"],"picked":"Anger","floor":18},{"not_picked":["Body Slam","Anger","Rampage"],"picked":"Sword Boomerang+1","floor":21},{"not_picked":["Intimidate","Body Slam","True Grit"],"picked":"Cleave+1","floor":22}],"player_experience":735004,"relics_obtained":[{"floor":6,"key":"Regal Pillow"},{"floor":9,"key":"Happy Flower"},{"floor":11,"key":"Question Card"}],"event_choices":[{"damage_healed":0,"gold_gain":0,"player_choice":"Opened","damage_taken":0,"relics_obtained":["Vajra"],"max_hp_gain":0,"max_hp_loss":0,"event_name":"The Mausoleum","floor":19,"gold_loss":0},{"cards_removed":["Strike_R"],"damage_healed":0,"gold_gain":0,"player_choice":"Gave Gold","damage_taken":0,"max_hp_gain":0,"max_hp_loss":0,"event_name":"Beggar","floor":20,"gold_loss":75}],"is_beta":false,"boss_relics":[{"not_picked":["Snecko Eye","Cursed Key"],"picked":"Velvet Choker"}],"items_purged_floors":[],"is_endless":false,"potions_floor_spawned":[5,6,11,21],"killed_by":"Book of Stabbing","ascension_level":12}