{"gold_per_floor":[109,126,301,315,315,350,370,388,436,23,23,23,57,57,57,154,154,174,188,199,216,230,262,262,281,305,305,305,324,324],"floor_reached":30,"playtime":1853,"items_purged":[],"score":277,"play_id":"966cc239-4524-4e49-a5c6-67fb33e5ebcf","local_time":"20190114185808","is_ascension_mode":true,"campfire_choices":[{"floor":11,"key":"REST"},{"data":"Dagger Spray","floor":15,"key":"SMITH"},{"floor":24,"key":"REST"},{"floor":27,"key":"REST"}],"neow_cost":"NONE","seed_source_timestamp":15813774047308,"circlet_count":0,"master_deck":["Defend_G","Defend_G","Defend_G","Defend_G","Strike_G","Strike_G","Strike_G","Survivor","Neutralize","Dagger Spray+1","PiercingWail","Quick Slash","Predator","Endless Agony","Prepared","Panache","Crippling Poison","Backflip","Glass Knife","Bullet Time","Burst","Terror","Sucker Punch+1","Deadly Poison+1","Venomology","Backstab","After Image","Dagger Throw","Escape Plan","PiercingWail","Crippling Poison"],"relics":["Empty Cage","Bag of Marbles","Dream Catcher","Darkstone Periapt","Runic Pyramid","Boot","Bronze Scales","Enchiridion"],"potions_floor_usage":[6,16,20,21,22,22,23,23,29,29,30,30],"damage_taken":[{"damage":5,"enemies":"Small Slimes","floor":1,"turns":5},{"damage":0,"enemies":"2 Louse","floor":2,"turns":3},{"damage":3,"enemies":"Cultist","floor":4,"turns":5},{"damage":20,"enemies":"Gremlin Nob","floor":6,"turns":4},{"damage":0,"enemies":"3 Louse","floor":7,"turns":1},{"damage":0,"enemies":"Looter","floor":8,"turns":2},{"damage":5,"enemies":"3 Sentries","floor":13,"turns":4},{"damage":31,"enemies":"Slime Boss","floor":16,"turns":7},{"damage":5,"enemies":"Shell Parasite","floor":18,"turns":5},{"damage":24,"enemies":"2 Thieves","floor":19,"turns":4},{"damage":11,"enemies":"Snake Plant","floor":20,"turns":4},{"damage":2,"enemies":"Shelled Parasite and Fungi","floor":21,"turns":3},{"damage":8,"enemies":"Cultist and Chosen","floor":22,"turns":4},{"damage":18,"enemies":"Gremlin Leader","floor":23,"turns":5},{"damage":7,"enemies":"3 Cultists","floor":25,"turns":5},{"damage":12,"enemies":"Centurion and Healer","floor":29,"turns":6},{"damage":21,"enemies":"Book of Stabbing","floor":30,"turns":3}],"seed_played":"1923859594286369922","potions_obtained":[{"floor":4,"key":"Fire Potion"},{"floor":7,"key":"Weak Potion"},{"floor":13,"key":"Strength Potion"},{"floor":16,"key":"SpeedPotion"},{"floor":20,"key":"AttackPotion"},{"floor":22,"key":"AttackPotion"},{"floor":25,"key":"SpeedPotion"},{"floor":29,"key":"Ancient Potion"}],"is_trial":false,"path_per_floor":["M","M","?","M","?","E","M","M","T","$","R","?","E","?","R","B",null,"M","M","M","M","M","E","R","M","T","R","?","M","E"],"character_chosen":"THE_SILENT","items_purchased":["Panache","Dream Catcher","Crippling Poison"],"campfire_rested":3,"item_purchase_floors":[10,10,10],"current_hp_per_floor":[65,65,65,62,62,42,42,42,42,42,63,63,58,58,58,27,70,65,41,30,28,20,2,23,16,16,37,21,9,0],"gold":324,"neow_bonus":"BOSS_RELIC","is_prod":false,"is_daily":false,"chose_seed":false,"campfire_upgraded":1,"win_rate":0,"timestamp":1547510288,"path_taken":["M","M","?","M","?","E","M","?","T","$","R","?","E","?","R","BOSS","M","M","M","M","M","E","R","M","T","R","?","M","E"],"build_version":"2019-01-10","purchased_purges":0,"victory":false,"max_hp_per_floor":[70,70,70,70,70,70,70,70,70,70,70,70,70,70,70,70,70,70,70,70,70,70,70,70,70,70,70,70,70,70],"card_choices":[{"not_picked":["Riddle With Holes","Blade Dance"],"picked":"Dagger Spray","floor":1},{"not_picked":["Deflect","Underhanded Strike"],"picked":"PiercingWail","floor":2},{"not_picked":["Blade Dance","Slice"],"picked":"Quick Slash","floor":4},{"not_picked":["Dodge and Roll","Sucker Punch"],"picked":"Predator","floor":6},{"not_picked":["Acrobatics","Quick Slash"],"picked":"Endless Agony","floor":7},{"not_picked":["Poisoned Stab","Acrobatics"],"picked":"Prepared","floor":8},{"not_picked":["Dodge and Roll","Deadly Poison"],"picked":"Backflip","floor":11},{"not_picked":["Venomology","Deflect"],"picked":"Glass Knife","floor":13},{"not_picked":["Bullet Time","Envenom"],"picked":"Burst","floor":16},{"not_picked":["Underhanded Strike","All Out Attack"],"picked":"Terror","floor":18},{"not_picked":["Concentrate","Outmaneuver"],"picked":"Sucker Punch+1","floor":19},{"not_picked":["Quick Slash","Underhanded Strike"],"picked":"Deadly Poison+1","floor":20},{"not_picked":["Sucker Punch+1","Flechettes"],"picked":"Venomology","floor":21},{"not_picked":["PiercingWail","Outmaneuver"],"picked":"Backstab","floor":22},{"not_picked":["Skewer","PiercingWail+1"],"picked":"After Image","floor":23},{"not_picked":["Blade Dance","Underhanded Strike"],"picked":"Dagger Throw","floor":24},{"not_picked":["Poisoned Stab","Underhanded Strike"],"picked":"Escape Plan","floor":25},{"not_picked":["Backflip","Reflex"],"picked":"PiercingWail","floor":27},{"not_picked":["Masterful Stab","Concentrate"],"picked":"Crippling Poison","floor":29}],"player_experience":402096,"relics_obtained":[{"floor":6,"key":"Bag of Marbles"},{"floor":13,"key":"Darkstone Periapt"},{"floor":23,"key":"Boot"},{"floor":26,"key":"Bronze Scales"},{"floor":28,"key":"Enchiridion"}],"event_choices":[{"damage_healed":0,"gold_gain":175,"player_choice":"AGREE","damage_taken":0,"max_hp_gain":0,"max_hp_loss":0,"event_name":"Liars Game","floor":3,"gold_loss":0,"cards_obtained":["Doubt"]},{"cards_removed":["Doubt"],"damage_healed":0,"gold_gain":0,"player_choice":"Removed Curses","damage_taken":0,"max_hp_gain":0,"max_hp_loss":0,"event_name":"Fountain of Cleansing","floor":5,"gold_loss":0},{"damage_healed":0,"gold_gain":0,"player_choice":"Leave","damage_taken":0,"max_hp_gain":0,"max_hp_loss":0,"event_name":"The Cleric","floor":12,"gold_loss":0},{"damage_healed":0,"gold_gain":0,"cards_transformed":["Strike_G"],"player_choice":"Change","damage_taken":0,"max_hp_gain":0,"max_hp_loss":0,"event_name":"Living Wall","floor":14,"gold_loss":0,"cards_obtained":["Bullet Time"]},{"damage_healed":0,"gold_gain":0,"player_choice":"Obtained Book","damage_taken":16,"max_hp_gain":0,"max_hp_loss":0,"event_name":"Cursed Tome","floor":28,"gold_loss":0}],"is_beta":false,"boss_relics":[{"not_picked":["Philosopher\u0027s Stone","Sozu"],"picked":"Runic Pyramid"}],"items_purged_floors":[],"is_endless":false,"potions_floor_spawned":[4,7,13,16,20,22,25,29],"killed_by":"Book of Stabbing","ascension_level":1}