{"gold_per_floor":[161,236,256,256,256,256,282,282,282,302,38,38,50,50,50,152,152,171,181,194,194,194,229,229,263,342,342,19,19,45,45,45,143,143,154,206,217,217,217,217,243,266,301,326,355,24,44,44,44,44],"floor_reached":50,"playtime":3826,"items_purged":["Strike_R","Bash+1"],"score":741,"play_id":"ebbb0724-6a08-4c7c-8581-66e401ccc252","local_time":"20190904150336","is_ascension_mode":true,"campfire_choices":[{"data":"Corruption","floor":6,"key":"SMITH"},{"data":"Carnage","floor":8,"key":"SMITH"},{"data":"Brutality","floor":12,"key":"SMITH"},{"data":"Bludgeon","floor":15,"key":"SMITH"},{"data":"Dark Embrace","floor":24,"key":"SMITH"},{"data":"Feel No Pain","floor":27,"key":"SMITH"},{"floor":29,"key":"REST"},{"floor":32,"key":"REST"},{"floor":40,"key":"REST"},{"data":"Mayhem","floor":49,"key":"SMITH"}],"neow_cost":"NONE","seed_source_timestamp":1730408145753595,"circlet_count":0,"master_deck":["Strike_R+1","Strike_R+1","Defend_R","Defend_R","Defend_R","Carnage+1","Pummel","Corruption+1","Brutality+1","Ghostly Armor+1","Apotheosis+1","Bludgeon+1","Dark Embrace+1","Feel No Pain+1","Armaments+1","Blood for Blood+1","Shrug It Off+1","Chrysalis+1","Warcry+1","Fiend Fire+1","Pommel Strike+1","Mayhem+1","Armaments+1","Pommel Strike+1","Doubt"],"relics":["Tiny House","Whetstone","Blood Vial","Toxic Egg 2","Busted Crown","Nilry\u0027s Codex","Ice Cream","Potion Belt","Molten Egg 2","Lantern","Blue Candle","White Beast Statue","CatCart","MawBank","Ornamental Fan"],"potions_floor_usage":[16,23,23,23,36,37,37,44,50,50,50,50,50],"damage_taken":[{"damage":0,"enemies":"2 Louse","floor":1,"turns":2},{"damage":0,"enemies":"Cultist","floor":3,"turns":3},{"damage":22,"enemies":"Gremlin Nob","floor":7,"turns":4},{"damage":5,"enemies":"Jaw Worm","floor":10,"turns":5},{"damage":10,"enemies":"Exordium Wildlife","floor":13,"turns":4},{"damage":46,"enemies":"Hexaghost","floor":16,"turns":9},{"damage":18,"enemies":"Shell Parasite","floor":18,"turns":4},{"damage":23,"enemies":"3 Byrds","floor":19,"turns":6},{"damage":13,"enemies":"Cultist and Chosen","floor":20,"turns":7},{"damage":4,"enemies":"Gremlin Leader","floor":23,"turns":4},{"damage":4,"enemies":"Book of Stabbing","floor":25,"turns":4},{"damage":17,"enemies":"Slavers","floor":30,"turns":3},{"damage":47,"enemies":"Automaton","floor":33,"turns":6},{"damage":3,"enemies":"3 Shapes","floor":35,"turns":4},{"damage":42,"enemies":"Orin","floor":36,"turns":5},{"damage":34,"enemies":"3 Darklings","floor":37,"turns":5},{"damage":20,"enemies":"Nemesis","floor":41,"turns":5},{"damage":4,"enemies":"Maw","floor":42,"turns":5},{"damage":46,"enemies":"4 Shapes","floor":44,"turns":6},{"damage":19,"enemies":"Writhing Mass","floor":45,"turns":3},{"damage":13,"enemies":"3 Darklings","floor":47,"turns":5},{"damage":121,"enemies":"Awakened One","floor":50,"turns":6}],"seed_played":"-4835120996077591400","potions_obtained":[{"floor":0,"key":"Dexterity Potion"},{"floor":1,"key":"BloodPotion"},{"floor":7,"key":"BloodPotion"},{"floor":19,"key":"GamblersBrew"},{"floor":25,"key":"AttackPotion"},{"floor":30,"key":"BloodPotion"},{"floor":35,"key":"Weak Potion"},{"floor":36,"key":"Ancient Potion"},{"floor":37,"key":"Strength Potion"},{"floor":41,"key":"BloodPotion"},{"floor":42,"key":"Energy Potion"},{"floor":44,"key":"SpeedPotion"},{"floor":45,"key":"Energy Potion"},{"floor":47,"key":"PowerPotion"}],"is_trial":false,"path_per_floor":["M","?","M","?","T","R","E","R","T","M","$","R","M","?","R","B",null,"M","M","M","?","?","E","R","E","T","R","$","R","E","?","R","B",null,"M","?","M","?","?","R","E","M","T","M","M","$","M","?","R","B"],"character_chosen":"IRONCLAD","items_purchased":["Apotheosis+1","Chrysalis+1","Lantern","Ornamental Fan"],"campfire_rested":3,"item_purchase_floors":[11,28,28,46],"current_hp_per_floor":[77,69,69,69,69,69,47,47,47,44,44,44,36,36,36,13,67,51,30,19,19,3,22,22,20,20,20,20,45,30,30,55,10,66,65,25,14,14,14,39,21,19,19,32,15,15,4,85,85,0],"gold":44,"neow_bonus":"BOSS_RELIC","is_prod":false,"is_daily":false,"chose_seed":false,"campfire_upgraded":7,"win_rate":0,"timestamp":1567605816,"path_taken":["M","?","?","?","?","R","E","R","T","?","?","R","M","?","R","BOSS","M","M","?","?","?","E","R","E","T","R","$","R","E","?","R","BOSS","M","?","M","?","?","R","E","M","T","M","?","$","M","?","R","BOSS"],"build_version":"2019-07-17","purchased_purges":2,"victory":false,"max_hp_per_floor":[85,85,85,85,85,85,85,85,85,85,85,85,85,85,85,85,85,85,85,85,85,85,85,85,85,85,85,85,85,85,85,85,85,85,85,85,85,85,85,85,85,85,85,85,85,85,85,85,85,85],"card_choices":[{"not_picked":["Blood for Blood","Warcry"],"picked":"Carnage","floor":0},{"not_picked":["Cleave","Body Slam"],"picked":"Pummel","floor":1},{"not_picked":["Clash","Anger"],"picked":"Corruption","floor":3},{"not_picked":["Perfected Strike","Headbutt"],"picked":"Brutality","floor":7},{"not_picked":["Headbutt","Reckless Charge"],"picked":"Ghostly Armor+1","floor":10},{"not_picked":["Fire Breathing","Headbutt","Body Slam"],"picked":"SKIP","floor":13},{"not_picked":["Bludgeon","Reaper"],"picked":"Dark Embrace","floor":16},{"not_picked":[],"picked":"Feel No Pain","floor":18},{"not_picked":[],"picked":"Armaments+1","floor":19},{"not_picked":[],"picked":"Blood for Blood+1","floor":20},{"not_picked":[],"picked":"Dual Wield+1","floor":23},{"not_picked":["Sword Boomerang+1"],"picked":"SKIP","floor":25},{"not_picked":[],"picked":"Warcry+1","floor":30},{"not_picked":[],"picked":"Fiend Fire+1","floor":33},{"not_picked":["Rampage+1"],"picked":"SKIP","floor":35},{"not_picked":[],"picked":"Pommel Strike+1","floor":36},{"not_picked":["Heavy Blade+1"],"picked":"SKIP","floor":37},{"not_picked":[],"picked":"Mayhem","floor":38},{"not_picked":["Clothesline+1"],"picked":"SKIP","floor":41},{"not_picked":["Body Slam+1"],"picked":"SKIP","floor":42},{"not_picked":[],"picked":"Pommel Strike+1","floor":44},{"not_picked":["Perfected Strike+1"],"picked":"SKIP","floor":45},{"not_picked":["Sword Boomerang+1"],"picked":"SKIP","floor":47}],"player_experience":327869,"relics_obtained":[{"floor":5,"key":"Whetstone"},{"floor":7,"key":"Blood Vial"},{"floor":9,"key":"Toxic Egg 2"},{"floor":22,"key":"Nilry\u0027s Codex"},{"floor":23,"key":"Ice Cream"},{"floor":25,"key":"Potion Belt"},{"floor":26,"key":"Molten Egg 2"},{"floor":30,"key":"Blue Candle"},{"floor":36,"key":"CatCart"},{"floor":41,"key":"MawBank"}],"event_choices":[{"damage_healed":0,"gold_gain":75,"player_choice":"Touch","damage_taken":8,"max_hp_gain":0,"max_hp_loss":0,"event_name":"FaceTrader","floor":2,"gold_loss":0},{"cards_removed":["Strike_R"],"damage_healed":0,"gold_gain":0,"player_choice":"Forget","damage_taken":0,"max_hp_gain":0,"max_hp_loss":0,"event_name":"Living Wall","floor":4,"gold_loss":0},{"damage_healed":0,"gold_gain":0,"cards_transformed":["Strike_R"],"player_choice":"Transformed","damage_taken":0,"max_hp_gain":0,"max_hp_loss":0,"event_name":"Transmorgrifier","floor":14,"gold_loss":0,"cards_obtained":["Bludgeon"]},{"damage_healed":0,"gold_gain":0,"player_choice":"Read","damage_taken":0,"max_hp_gain":0,"max_hp_loss":0,"event_name":"The Library","floor":21,"gold_loss":0,"cards_obtained":["Shrug It Off"]},{"damage_healed":0,"gold_gain":0,"player_choice":"Obtained Book","damage_taken":16,"max_hp_gain":0,"max_hp_loss":0,"event_name":"Cursed Tome","floor":22,"gold_loss":0},{"cards_removed":["Defend_R"],"damage_healed":0,"gold_gain":0,"player_choice":"Elegance","damage_taken":0,"max_hp_gain":0,"max_hp_loss":0,"event_name":"Back to Basics","floor":31,"gold_loss":0},{"damage_healed":0,"gold_gain":0,"player_choice":"Fight","damage_taken":0,"max_hp_gain":0,"max_hp_loss":0,"event_name":"OrinTheCat","floor":36,"gold_loss":0},{"damage_healed":0,"gold_gain":0,"player_choice":"Memory 1","damage_taken":0,"max_hp_gain":0,"max_hp_loss":0,"event_name":"SensoryStone","floor":38,"gold_loss":0},{"damage_healed":0,"gold_gain":0,"cards_transformed":["Dual Wield"],"player_choice":"Transformed","damage_taken":0,"max_hp_gain":0,"max_hp_loss":0,"event_name":"Transmorgrifier","floor":39,"gold_loss":0,"cards_obtained":["Armaments"]},{"damage_healed":81,"gold_gain":0,"player_choice":"Heal","damage_taken":0,"max_hp_gain":0,"max_hp_loss":0,"event_name":"MindBloom","floor":48,"gold_loss":0,"cards_obtained":["Doubt"]}],"is_beta":false,"boss_relics":[{"not_picked":["theSenshi:MoonKaleidoScopeRelic","Sozu"],"picked":"Busted Crown"},{"not_picked":["Runic Pyramid","Lizard Tail"],"picked":"White Beast Statue"}],"items_purged_floors":[11,46],"is_endless":false,"potions_floor_spawned":[1,7,19,25,30,35,36,37,41,42,44,45,47],"killed_by":"Awakened One","ascension_level":6}