{"gold_per_floor":[10,25,25,48,73,73,73,113,137,137,175,175,125,145,145,269,269,284,53,53,53,69,69],"floor_reached":23,"playtime":942,"items_purged":[],"score":294,"play_id":"89f61888-2a7b-4258-9e9e-d9283ab348a0","local_time":"20190907165253","is_ascension_mode":true,"campfire_choices":[{"floor":6,"key":"REST"},{"floor":10,"key":"REST"},{"floor":12,"key":"REST"},{"data":"Madness","floor":15,"key":"SMITH"}],"neow_cost":"NO_GOLD","seed_source_timestamp":85095390487500,"circlet_count":0,"master_deck":["Strike_R","Strike_R","Strike_R","Strike_R","Strike_R","Defend_R","Defend_R","Bash","Dramatic Entrance","Madness+1","Heavy Blade","Flex","Twin Strike","Clash","Heavy Blade","Uppercut","Flex","Exhume","Flex","Apotheosis","Infernal Blade","RitualDagger","Ghostly","Ghostly","Ghostly","Ghostly","Ghostly","Havoc+1"],"relics":["Burning Blood","Golden Idol","Bag of Marbles","Happy Flower","Blood Vial","Lizard Tail"],"potions_floor_usage":[5,5],"damage_taken":[{"damage":1,"enemies":"2 Louse","floor":1,"turns":3},{"damage":2,"enemies":"Jaw Worm","floor":2,"turns":3},{"damage":10,"enemies":"Small Slimes","floor":4,"turns":3},{"damage":18,"enemies":"Exordium Thugs","floor":5,"turns":4},{"damage":40,"enemies":"3 Sentries","floor":8,"turns":8},{"damage":10,"enemies":"Gremlin Nob","floor":11,"turns":3},{"damage":7,"enemies":"Exordium Wildlife","floor":14,"turns":2},{"damage":39,"enemies":"Slime Boss","floor":16,"turns":9},{"damage":16,"enemies":"Chosen","floor":18,"turns":4},{"damage":4,"enemies":"Shell Parasite","floor":22,"turns":5},{"damage":64,"enemies":"Gremlin Leader","floor":23,"turns":8}],"seed_played":"593495406569842107","potions_obtained":[{"floor":1,"key":"SkillPotion"},{"floor":2,"key":"Block Potion"},{"floor":4,"key":"Ancient Potion"},{"floor":22,"key":"SpeedPotion"}],"is_trial":false,"path_per_floor":["M","M","?","M","M","R","?","E","T","R","E","R","?","M","R","B",null,"M","$","?","?","M","E"],"character_chosen":"IRONCLAD","items_purchased":["Apotheosis","Infernal Blade"],"campfire_rested":3,"item_purchase_floors":[19,19],"current_hp_per_floor":[77,80,60,56,44,68,61,27,27,51,47,71,71,72,72,41,70,62,62,56,40,40,0],"gold":69,"neow_bonus":"RANDOM_COLORLESS_2","is_prod":false,"is_daily":false,"chose_seed":false,"campfire_upgraded":1,"win_rate":0,"timestamp":1567889573,"path_taken":["M","M","?","M","M","R","?","E","T","R","E","R","?","M","R","BOSS","M","$","?","?","M","E"],"build_version":"2019-07-17","purchased_purges":0,"victory":false,"max_hp_per_floor":[80,80,80,80,80,80,80,80,80,80,80,80,80,80,80,80,80,80,80,80,40,40,40],"card_choices":[{"not_picked":["Shrug It Off","Combust"],"picked":"Heavy Blade","floor":1},{"not_picked":["Cleave","True Grit"],"picked":"Flex","floor":2},{"not_picked":["Sword Boomerang","Heavy Blade"],"picked":"Twin Strike","floor":4},{"not_picked":["Limit Break","Rupture"],"picked":"Clash","floor":5},{"not_picked":["Pummel","Havoc"],"picked":"Heavy Blade","floor":8},{"not_picked":["Dual Wield","True Grit"],"picked":"Uppercut","floor":11},{"not_picked":["Clash","Wild Strike"],"picked":"Flex","floor":14},{"not_picked":["Brutality","Dark Embrace"],"picked":"Exhume","floor":16},{"not_picked":["Clothesline+1","Headbutt"],"picked":"Flex","floor":18},{"not_picked":["Thunderclap","Dual Wield+1"],"picked":"Havoc+1","floor":22}],"player_experience":497682,"relics_obtained":[{"floor":8,"key":"Bag of Marbles"},{"floor":9,"key":"Happy Flower"},{"floor":11,"key":"Blood Vial"}],"event_choices":[{"damage_healed":0,"gold_gain":0,"player_choice":"Take Damage","damage_taken":20,"relics_obtained":["Golden Idol"],"max_hp_gain":0,"max_hp_loss":0,"event_name":"Golden Idol","floor":3,"gold_loss":0},{"cards_removed":["Defend_R"],"damage_healed":0,"gold_gain":0,"player_choice":"Card Removal","damage_taken":7,"max_hp_gain":0,"max_hp_loss":0,"event_name":"Golden Wing","floor":7,"gold_loss":0},{"cards_removed":["Defend_R"],"damage_healed":0,"gold_gain":0,"player_choice":"Card Removal","damage_taken":0,"max_hp_gain":0,"max_hp_loss":0,"event_name":"The Cleric","floor":13,"gold_loss":50},{"damage_healed":0,"gold_gain":0,"player_choice":"Joined the Cult","damage_taken":6,"max_hp_gain":0,"max_hp_loss":0,"event_name":"Nest","floor":20,"gold_loss":0,"cards_obtained":["RitualDagger"]},{"damage_healed":0,"gold_gain":0,"player_choice":"Became a Ghost","damage_taken":0,"max_hp_gain":0,"max_hp_loss":40,"event_name":"Ghosts","floor":21,"gold_loss":0,"cards_obtained":["Ghostly","Ghostly","Ghostly","Ghostly","Ghostly"]}],"is_beta":false,"boss_relics":[{"not_picked":["Coffee Dripper","Snecko Eye"],"picked":"Lizard Tail"}],"items_purged_floors":[],"is_endless":false,"potions_floor_spawned":[1,2,4,22],"killed_by":"Gremlin Leader","ascension_level":7}