{"gold_per_floor":[109,284,294,309,384,417,417,428,453,453,525,554,604,574],"floor_reached":14,"playtime":412,"items_purged":[],"score":137,"play_id":"17d27331-939d-4451-8af1-72b799f38bf2","local_time":"20190910143707","is_ascension_mode":true,"campfire_choices":[{"floor":7,"key":"REST"},{"floor":10,"key":"REST"}],"neow_cost":"NONE","seed_source_timestamp":336682628691200,"circlet_count":0,"master_deck":["Strike_R","Strike_R","Strike_R","Strike_R","Strike_R","Defend_R","Defend_R","Defend_R","Defend_R","Bash","Clothesline","Doubt","Heavy Blade","Shrug It Off","Heavy Blade","Spot Weakness","Feed"],"relics":["Burning Blood","NeowsBlessing","Art of War","Dream Catcher","Potion Belt"],"potions_floor_usage":[6,8],"damage_taken":[{"damage":0,"enemies":"Small Slimes","floor":1,"turns":1},{"damage":0,"enemies":"2 Louse","floor":3,"turns":1},{"damage":0,"enemies":"Jaw Worm","floor":4,"turns":1},{"damage":54,"enemies":"3 Sentries","floor":6,"turns":14},{"damage":29,"enemies":"Exordium Thugs","floor":8,"turns":4},{"damage":45,"enemies":"Lagavulin","floor":12,"turns":8},{"damage":8,"enemies":"Looter","floor":14,"turns":2}],"seed_played":"-5459957998637066766","potions_obtained":[{"floor":1,"key":"Block Potion"},{"floor":6,"key":"PowerPotion"}],"is_trial":false,"path_per_floor":["M","?","M","M","?","E","R","M","T","R","?","E","T","M"],"character_chosen":"IRONCLAD","items_purchased":[],"campfire_rested":2,"item_purchase_floors":[],"current_hp_per_floor":[78,78,80,80,69,21,45,22,22,46,46,7,7,0],"gold":574,"neow_bonus":"THREE_ENEMY_KILL","is_prod":false,"is_daily":false,"chose_seed":false,"campfire_upgraded":0,"win_rate":0,"timestamp":1568140627,"path_taken":["M","?","M","M","?","E","R","M","T","R","?","E","?","M"],"build_version":"2019-07-17","purchased_purges":0,"victory":false,"max_hp_per_floor":[80,80,80,80,80,80,80,80,80,80,80,80,80,80],"card_choices":[{"not_picked":["Corruption","Cleave"],"picked":"Clothesline","floor":1},{"not_picked":["True Grit","Reckless Charge"],"picked":"Heavy Blade","floor":3},{"not_picked":["Thunderclap","Corruption"],"picked":"Shrug It Off","floor":4},{"not_picked":["Hemokinesis","Combust"],"picked":"Heavy Blade","floor":6},{"not_picked":["Power Through","Burning Pact"],"picked":"Spot Weakness","floor":8},{"not_picked":["Clothesline","Wild Strike"],"picked":"Feed","floor":12}],"player_experience":538680,"relics_obtained":[{"floor":6,"key":"Art of War"},{"floor":12,"key":"Dream Catcher"},{"floor":13,"key":"Potion Belt"}],"event_choices":[{"damage_healed":0,"gold_gain":175,"player_choice":"AGREE","damage_taken":0,"max_hp_gain":0,"max_hp_loss":0,"event_name":"Liars Game","floor":2,"gold_loss":0,"cards_obtained":["Doubt"]},{"damage_healed":0,"gold_gain":75,"player_choice":"Gather Gold","damage_taken":11,"max_hp_gain":0,"max_hp_loss":0,"event_name":"World of Goop","floor":5,"gold_loss":0},{"damage_healed":0,"gold_gain":72,"player_choice":"Gained Gold","damage_taken":0,"max_hp_gain":0,"max_hp_loss":0,"event_name":"Golden Wing","floor":11,"gold_loss":0}],"is_beta":false,"boss_relics":[],"items_purged_floors":[],"is_endless":false,"potions_floor_spawned":[1,6],"killed_by":"Looter","ascension_level":8}