{"gold_per_floor":[110,210,9,9,9,41,41,73,73,73,107,126,158,158,158,263,263,279,297,128,53,69,103,103,134,134,84,84,111,61,71,71,169,169,182,182,132,132,147,182,198,230,230,230],"floor_reached":44,"playtime":2217,"items_purged":["Strike_R","Strike_R","Writhe"],"score":900,"play_id":"902b18b4-ffb3-4b32-a4ae-6124f5f42f8f","local_time":"20190907180407","is_ascension_mode":true,"campfire_choices":[{"data":"Headbutt","floor":7,"key":"SMITH"},{"data":"Berserk","floor":10,"key":"SMITH"},{"data":"Berserk","floor":15,"key":"SMITH"},{"data":"Reaper","floor":24,"key":"SMITH"},{"floor":28,"key":"REST"},{"data":"Double Tap","floor":32,"key":"SMITH"}],"neow_cost":"NONE","seed_source_timestamp":88092920160700,"circlet_count":0,"master_deck":["Strike_R","Strike_R","Strike_R","Bash","Headbutt+1","Flex","Berserk+1","Headbutt","Havoc","Shrug It Off","Madness","Berserk+1","Double Tap+1","Whirlwind+1","Infernal Blade+1","Cleave+1","Anger","Pommel Strike+1","Pummel","Flash of Steel","Flex","Reaper+1","Anger","Warcry","Twin Strike","Feed","Burning Pact+1","Master of Strategy","Dramatic Entrance","Panache","Headbutt+1","Rupture+1","Parasite","Pummel","Whirlwind"],"relics":["Burning Blood","NeowsBlessing","Brimstone","Happy Flower","Kunai","Mummified Hand","Self Forming Clay","Centennial Puzzle","Incense Burner","Astrolabe","Bottled Tornado","Smiling Mask","Matryoshka","Thread and Needle","Philosopher\u0027s Stone","PreservedInsect","Boot","Darkstone Periapt"],"potions_floor_usage":[11,13,18,23,33,41,41,42],"damage_taken":[{"damage":0,"enemies":"Jaw Worm","floor":1,"turns":1},{"damage":0,"enemies":"3 Sentries","floor":6,"turns":1},{"damage":0,"enemies":"Gremlin Nob","floor":8,"turns":1},{"damage":9,"enemies":"Lagavulin","floor":11,"turns":4},{"damage":0,"enemies":"Cultist","floor":12,"turns":2},{"damage":5,"enemies":"3 Sentries","floor":13,"turns":4},{"damage":0,"enemies":"Slime Boss","floor":16,"turns":6},{"damage":0,"enemies":"Spheric Guardian","floor":18,"turns":2},{"damage":0,"enemies":"3 Byrds","floor":19,"turns":2},{"damage":1,"enemies":"Snecko","floor":22,"turns":3},{"damage":40,"enemies":"Slavers","floor":23,"turns":3},{"damage":24,"enemies":"Book of Stabbing","floor":25,"turns":3},{"damage":58,"enemies":"Slavers","floor":29,"turns":3},{"damage":0,"enemies":"3 Cultists","floor":31,"turns":3},{"damage":51,"enemies":"Collector","floor":33,"turns":5},{"damage":25,"enemies":"Orb Walker","floor":35,"turns":3},{"damage":17,"enemies":"3 Darklings","floor":39,"turns":2},{"damage":24,"enemies":"Reptomancer","floor":40,"turns":3},{"damage":50,"enemies":"Writhing Mass","floor":41,"turns":4},{"damage":23,"enemies":"Nemesis","floor":42,"turns":3},{"damage":40,"enemies":"Sphere and 2 Shapes","floor":44,"turns":2}],"seed_played":"7789059901743113106","potions_obtained":[{"floor":1,"key":"Energy Potion"},{"floor":11,"key":"Block Potion"},{"floor":16,"key":"Poison Potion"},{"floor":18,"key":"Fruit Juice"},{"floor":25,"key":"Ancient Potion"},{"floor":29,"key":"GamblersBrew"},{"floor":39,"key":"Fire Potion"},{"floor":41,"key":"Poison Potion"},{"floor":42,"key":"Energy Potion"}],"is_trial":false,"path_per_floor":["M","?","$","T","$","E","R","E","T","R","E","M","E","?","R","B",null,"M","M","$","?","M","E","R","E","T","$","R","E","$","M","R","B",null,"M","?","$","?","M","E","M","E","T","M"],"character_chosen":"IRONCLAD","items_purchased":["Brimstone","Pummel","Flash of Steel"],"campfire_rested":1,"item_purchase_floors":[3,20,20],"current_hp_per_floor":[78,78,78,78,78,80,80,80,80,80,77,80,80,80,80,80,80,85,85,85,85,85,51,51,52,52,52,77,33,33,61,61,30,71,64,86,86,76,91,73,37,20,20,0],"gold":230,"neow_bonus":"THREE_ENEMY_KILL","is_prod":false,"is_daily":false,"chose_seed":false,"campfire_upgraded":5,"win_rate":0,"timestamp":1567893847,"path_taken":["M","?","$","?","$","E","R","E","T","R","E","?","E","?","R","BOSS","M","M","?","?","M","E","R","E","T","?","R","E","$","M","R","BOSS","M","?","$","?","M","E","M","E","T","M"],"build_version":"2019-07-17","purchased_purges":3,"victory":false,"max_hp_per_floor":[80,80,80,80,80,80,80,80,80,80,80,80,80,80,80,80,80,85,85,85,85,85,85,85,85,85,85,85,85,85,85,85,85,85,88,88,88,88,91,91,91,91,91,91],"card_choices":[{"not_picked":["Hemokinesis","Bloodletting"],"picked":"Headbutt","floor":1},{"not_picked":["Ghostly Armor","Sword Boomerang"],"picked":"Flex","floor":6},{"not_picked":["Pommel Strike","Armaments"],"picked":"Berserk","floor":8},{"not_picked":["Bloodletting","Disarm"],"picked":"Headbutt","floor":11},{"not_picked":["Twin Strike","Reckless Charge"],"picked":"Havoc","floor":12},{"not_picked":["True Grit","Wild Strike"],"picked":"Shrug It Off","floor":13},{"not_picked":["Bludgeon","Juggernaut"],"picked":"Double Tap","floor":16},{"not_picked":["Clash","Clothesline+1"],"picked":"Anger","floor":18},{"not_picked":["Shockwave+1","Perfected Strike"],"picked":"Pommel Strike+1","floor":19},{"not_picked":["Perfected Strike+1","Warcry"],"picked":"Flex","floor":22},{"not_picked":["Intimidate+1","Sentinel"],"picked":"Reaper","floor":23},{"not_picked":["Rage+1","Twin Strike"],"picked":"Anger","floor":25},{"not_picked":["Intimidate","Iron Wave"],"picked":"Warcry","floor":29},{"not_picked":["Sever Soul","Intimidate"],"picked":"Twin Strike","floor":31},{"not_picked":["Reaper","Limit Break"],"picked":"Feed","floor":33},{"not_picked":["Iron Wave","True Grit"],"picked":"Burning Pact+1","floor":35},{"not_picked":["Trip","Enlightenment"],"picked":"Master of Strategy","floor":38},{"not_picked":["Purity","Madness"],"picked":"Dramatic Entrance","floor":38},{"not_picked":["Discovery","Swift Strike"],"picked":"Panache","floor":38},{"not_picked":["Iron Wave","Rupture+1"],"picked":"Headbutt+1","floor":39},{"not_picked":["Perfected Strike","Power Through"],"picked":"Rupture+1","floor":40},{"not_picked":["Sentinel+1","Uppercut"],"picked":"Pummel","floor":41},{"not_picked":["Perfected Strike+1","Iron Wave"],"picked":"Whirlwind","floor":42}],"player_experience":500385,"relics_obtained":[{"floor":4,"key":"Happy Flower"},{"floor":6,"key":"Kunai"},{"floor":8,"key":"Mummified Hand"},{"floor":9,"key":"Self Forming Clay"},{"floor":11,"key":"Centennial Puzzle"},{"floor":13,"key":"Incense Burner"},{"floor":23,"key":"Bottled Tornado"},{"floor":25,"key":"Smiling Mask"},{"floor":26,"key":"Matryoshka"},{"floor":29,"key":"Thread and Needle"},{"floor":40,"key":"PreservedInsect"},{"floor":42,"key":"Boot"},{"floor":43,"key":"Darkstone Periapt"}],"event_choices":[{"damage_healed":0,"gold_gain":100,"player_choice":"Gold","damage_taken":0,"max_hp_gain":0,"max_hp_loss":0,"event_name":"Wheel of Change","floor":2,"gold_loss":0},{"damage_healed":0,"gold_gain":0,"player_choice":"2 cards matched","damage_taken":0,"max_hp_gain":0,"max_hp_loss":0,"event_name":"Match and Keep!","floor":14,"gold_loss":0,"cards_obtained":["Madness","Berserk"]},{"cards_removed":["Defend_R"],"damage_healed":0,"gold_gain":0,"player_choice":"Gave Gold","damage_taken":0,"max_hp_gain":0,"max_hp_loss":0,"event_name":"Beggar","floor":21,"gold_loss":75},{"damage_healed":22,"gold_gain":0,"player_choice":"Writhe","damage_taken":0,"max_hp_gain":0,"max_hp_loss":0,"event_name":"Winding Halls","floor":36,"gold_loss":0,"cards_obtained":["Writhe"]},{"damage_healed":0,"gold_gain":0,"player_choice":"Memory 3","damage_taken":10,"max_hp_gain":0,"max_hp_loss":0,"event_name":"SensoryStone","floor":38,"gold_loss":0}],"is_beta":false,"boss_relics":[{"not_picked":["Busted Crown","Mark of Pain"],"picked":"Astrolabe"},{"not_picked":["White Beast Statue","Velvet Choker"],"picked":"Philosopher\u0027s Stone"}],"items_purged_floors":[27,30,37],"is_endless":false,"potions_floor_spawned":[1,11,16,18,25,29,39,41,42],"killed_by":"Sphere and 2 Shapes","ascension_level":7}