{"gold_per_floor":[113,113,113,127,55,85,98,126,126,126,142,170,38,73,73,175,175,158,178,195,209,229,229,243,243,243,243,276,276,302,0,0,0],"floor_reached":33,"playtime":1495,"items_purged":[],"score":528,"play_id":"acee4ef0-7e73-4766-a3eb-450a9c20280b","local_time":"20191002204322","is_ascension_mode":true,"campfire_choices":[{"floor":10,"key":"REST"},{"floor":15,"key":"REST"},{"floor":23,"key":"REST"},{"floor":25,"key":"REST"},{"data":"Corruption","floor":27,"key":"SMITH"},{"floor":32,"key":"REST"}],"neow_cost":"NONE","seed_source_timestamp":1304581346024600,"circlet_count":0,"master_deck":["AscendersBane","Strike_R+1","Strike_R+1","Strike_R+1","Strike_R+1","Strike_R+1","Defend_R+1","Defend_R+1","Defend_R+1","Defend_R+1","Bash","Carnage+1","Corruption+1","Intimidate","Battle Trance","Entrench","Burning Pact","Carnage","Bludgeon","Sentinel","Infernal Blade","Pummel","Carnage","Burning Pact"],"relics":["Burning Blood","NeowsBlessing","GremlinMask","Omamori","Mummified Hand","War Paint","Odd Mushroom","Incense Burner","Mark of Pain","Regal Pillow","Meat on the Bone","Membership Card","Bronze Scales"],"potions_floor_usage":[12,12,14,16,19,22,22,33,33],"damage_taken":[{"damage":0,"enemies":"2 Louse","floor":1,"turns":1},{"damage":0,"enemies":"Cultist","floor":4,"turns":1},{"damage":0,"enemies":"Lagavulin","floor":6,"turns":1},{"damage":7,"enemies":"Jaw Worm","floor":7,"turns":2},{"damage":25,"enemies":"Gremlin Nob","floor":8,"turns":4},{"damage":15,"enemies":"Exordium Wildlife","floor":11,"turns":4},{"damage":24,"enemies":"The Mushroom Lair","floor":12,"turns":4},{"damage":31,"enemies":"Lagavulin","floor":14,"turns":6},{"damage":58,"enemies":"Slime Boss","floor":16,"turns":13},{"damage":36,"enemies":"2 Thieves","floor":18,"turns":4},{"damage":8,"enemies":"Chosen","floor":19,"turns":5},{"damage":15,"enemies":"Snake Plant","floor":20,"turns":4},{"damage":4,"enemies":"Snecko","floor":21,"turns":4},{"damage":7,"enemies":"Chosen and Byrds","floor":22,"turns":4},{"damage":16,"enemies":"Snake Plant","floor":24,"turns":4},{"damage":31,"enemies":"Book of Stabbing","floor":28,"turns":5},{"damage":44,"enemies":"Slavers","floor":30,"turns":5},{"damage":60,"enemies":"Automaton","floor":33,"turns":8}],"seed_played":"-8558728253503262890","potions_obtained":[{"floor":8,"key":"SteroidPotion"},{"floor":11,"key":"Energy Potion"},{"floor":14,"key":"BloodPotion"},{"floor":18,"key":"GamblersBrew"},{"floor":20,"key":"Fire Potion"},{"floor":21,"key":"AttackPotion"},{"floor":30,"key":"AttackPotion"}],"is_trial":false,"path_per_floor":["M","?","?","M","$","E","M","E","T","R","M","?","$","E","R","B",null,"M","M","M","M","M","R","M","R","T","R","E","?","E","$","R","B"],"character_chosen":"IRONCLAD","items_purchased":["Corruption","Fruit Juice","Burning Pact","Membership Card","Bronze Scales","Block Potion"],"campfire_rested":5,"item_purchase_floors":[5,13,13,31,31,31],"current_hp_per_floor":[78,62,62,68,68,74,73,54,54,78,69,51,51,31,56,25,70,40,38,29,31,30,55,45,70,70,70,45,45,7,7,47,0],"gold":0,"neow_bonus":"THREE_ENEMY_KILL","is_prod":false,"is_daily":false,"chose_seed":false,"campfire_upgraded":1,"win_rate":0,"timestamp":1570063402,"path_taken":["M","?","?","M","$","E","?","E","T","R","M","?","?","E","R","BOSS","M","M","M","M","M","R","M","R","T","R","E","?","E","$","R","BOSS"],"build_version":"2019-07-17","purchased_purges":0,"victory":false,"max_hp_per_floor":[80,80,80,80,80,80,80,80,80,80,80,80,80,85,85,85,85,85,85,85,85,85,85,85,85,85,85,85,85,85,85,85,85],"card_choices":[{"not_picked":["Iron Wave","Wild Strike"],"picked":"Carnage","floor":1},{"not_picked":["Flex","Heavy Blade","Iron Wave"],"picked":"SKIP","floor":4},{"not_picked":["Heavy Blade","Berserk"],"picked":"Intimidate","floor":6},{"not_picked":["Heavy Blade","Wild Strike","Clash"],"picked":"SKIP","floor":7},{"not_picked":["Cleave","Rupture"],"picked":"Battle Trance","floor":8},{"not_picked":["Anger","Clash","Corruption"],"picked":"SKIP","floor":11},{"not_picked":["Havoc","Disarm"],"picked":"Entrench","floor":12},{"not_picked":["Sword Boomerang","Wild Strike"],"picked":"Carnage","floor":14},{"not_picked":["Double Tap","Berserk"],"picked":"Bludgeon","floor":16},{"not_picked":["Clash","Shrug It Off"],"picked":"Sentinel","floor":18},{"not_picked":["Perfected Strike","Whirlwind"],"picked":"Infernal Blade","floor":19},{"not_picked":["Sword Boomerang","Perfected Strike+1"],"picked":"Pummel","floor":20},{"not_picked":["Anger","Perfected Strike"],"picked":"Carnage","floor":21},{"not_picked":["Fire Breathing+1","Thunderclap","Whirlwind+1"],"picked":"SKIP","floor":22},{"not_picked":["Iron Wave","Cleave","Anger"],"picked":"SKIP","floor":24},{"not_picked":["Double Tap","Flex"],"picked":"Burning Pact","floor":28},{"not_picked":["Heavy Blade","Iron Wave","Twin Strike"],"picked":"SKIP","floor":30}],"player_experience":777291,"relics_obtained":[{"floor":6,"key":"Omamori"},{"floor":8,"key":"Mummified Hand"},{"floor":9,"key":"War Paint"},{"floor":12,"key":"Odd Mushroom"},{"floor":14,"key":"Incense Burner"},{"floor":28,"key":"Regal Pillow"},{"floor":30,"key":"Meat on the Bone"}],"event_choices":[{"damage_healed":0,"gold_gain":0,"player_choice":"Entered Light","damage_taken":16,"max_hp_gain":0,"max_hp_loss":0,"event_name":"Shining Light","floor":2,"gold_loss":0,"cards_upgraded":["Carnage","Strike_R"]},{"damage_healed":0,"gold_gain":0,"player_choice":"Trade","damage_taken":0,"relics_obtained":["GremlinMask"],"max_hp_gain":0,"max_hp_loss":0,"event_name":"FaceTrader","floor":3,"gold_loss":0},{"damage_healed":0,"gold_gain":0,"player_choice":"Fought Mushrooms","damage_taken":0,"max_hp_gain":0,"max_hp_loss":0,"event_name":"Mushrooms","floor":12,"gold_loss":0},{"damage_healed":0,"gold_gain":0,"player_choice":"Simplicity","damage_taken":0,"max_hp_gain":0,"max_hp_loss":0,"event_name":"Back to Basics","floor":29,"gold_loss":0,"cards_upgraded":["Strike_R","Strike_R","Strike_R","Strike_R","Defend_R","Defend_R"]}],"is_beta":false,"boss_relics":[{"not_picked":["Calling Bell","Runic Pyramid"],"picked":"Mark of Pain"}],"items_purged_floors":[],"is_endless":false,"potions_floor_spawned":[8,11,14,18,20,21,30],"killed_by":"Automaton","ascension_level":12}