{"gold_per_floor":[113,113,66,141,151,176,195,222,222,222,172,199,213,231,231,326,326,344,344,354,354,2,28,28,60,60,60],"floor_reached":27,"playtime":1422,"items_purged":[],"score":413,"play_id":"24e1c58c-5f05-4a51-bb42-5c1158bc0933","local_time":"20181228020349","is_ascension_mode":true,"campfire_choices":[{"data":"Flex","floor":10,"key":"SMITH"},{"data":"Perfected Strike","floor":15,"key":"SMITH"},{"floor":24,"key":"REST"}],"neow_cost":"NONE","seed_source_timestamp":637145830055793,"circlet_count":0,"master_deck":["Strike_R","Strike_R","Strike_R","Strike_R","Strike_R","Defend_R","Bash","Headbutt","Iron Wave","Discovery","Impervious","Thunderclap","Perfected Strike","Immolate","Perfected Strike","Flex+1","Inflame","Thunderclap","Perfected Strike+1","Limit Break","Writhe","Doubt","Shame","Sword Boomerang+1","Necronomicurse","Cleave+1","Cleave+1","Wild Strike+1","Reaper+1","Wild Strike+1","Heavy Blade+1","Twin Strike+1"],"relics":["Burning Blood","NeowsBlessing","Regal Pillow","Pantograph","PreservedInsect","Dream Catcher","Calling Bell","Art of War","Molten Egg 2","Turnip","Necronomicon","Strange Spoon","Darkstone Periapt","Bag of Marbles"],"potions_floor_usage":[8,20,20],"damage_taken":[{"damage":0,"enemies":"Small Slimes","floor":1,"turns":1},{"damage":0,"enemies":"Cultist","floor":5,"turns":1},{"damage":0,"enemies":"Gremlin Nob","floor":6,"turns":1},{"damage":9,"enemies":"Jaw Worm","floor":7,"turns":4},{"damage":5,"enemies":"3 Sentries","floor":8,"turns":5},{"damage":10,"enemies":"Gremlin Nob","floor":12,"turns":3},{"damage":7,"enemies":"2 Fungi Beasts","floor":13,"turns":2},{"damage":7,"enemies":"3 Louse","floor":14,"turns":3},{"damage":0,"enemies":"Slime Boss","floor":16,"turns":7},{"damage":33,"enemies":"Spheric Guardian","floor":18,"turns":4},{"damage":5,"enemies":"3 Byrds","floor":20,"turns":5},{"damage":30,"enemies":"Gremlin Leader","floor":23,"turns":3},{"damage":21,"enemies":"Book of Stabbing","floor":25,"turns":3},{"damage":52,"enemies":"Slavers","floor":27,"turns":3}],"seed_played":"543719842331041563","potions_obtained":[{"floor":6,"key":"SpeedPotion"},{"floor":14,"key":"Dexterity Potion"},{"floor":16,"key":"EssenceOfSteel"},{"floor":18,"key":"EssenceOfSteel"}],"is_trial":false,"path_per_floor":["M","?","$","?","M","E","M","E","T","R","?","E","M","M","R","B",null,"M","?","M","?","$","E","R","E","T","E"],"character_chosen":"IRONCLAD","items_purchased":["Thunderclap","Reaper+1","Strange Spoon"],"campfire_rested":1,"item_purchase_floors":[3,22,22],"current_hp_per_floor":[80,80,80,69,75,80,77,78,78,78,78,74,73,72,72,80,80,53,37,38,38,38,14,53,52,52,0],"gold":60,"neow_bonus":"THREE_ENEMY_KILL","is_prod":false,"is_daily":false,"chose_seed":false,"campfire_upgraded":2,"win_rate":0,"timestamp":1545980629,"path_taken":["M","?","?","?","M","E","M","E","T","R","?","E","?","M","R","BOSS","M","?","M","?","$","E","R","E","T","E"],"build_version":"2018-12-20","purchased_purges":0,"victory":false,"max_hp_per_floor":[80,80,80,80,80,80,80,80,80,80,80,80,80,80,80,80,80,80,80,80,80,80,80,80,80,80,80],"card_choices":[{"not_picked":["Shrug It Off","Twin Strike"],"picked":"Headbutt","floor":1},{"not_picked":["Spot Weakness","Uppercut"],"picked":"Perfected Strike","floor":5},{"not_picked":["Blood for Blood","Heavy Blade"],"picked":"Immolate","floor":6},{"not_picked":["Flex","Warcry"],"picked":"Perfected Strike","floor":7},{"not_picked":["Spot Weakness","Double Tap"],"picked":"Flex","floor":8},{"not_picked":["Cleave","Combust"],"picked":"Inflame","floor":12},{"not_picked":["Power Through","True Grit"],"picked":"Thunderclap","floor":13},{"not_picked":["Armaments","Burning Pact"],"picked":"Perfected Strike","floor":14},{"not_picked":["Demon Form","Impervious"],"picked":"Limit Break","floor":16},{"not_picked":["Shrug It Off","Armaments+1"],"picked":"Sword Boomerang+1","floor":18},{"not_picked":["Thunderclap+1","Power Through"],"picked":"Cleave+1","floor":20},{"not_picked":["Havoc","Metallicize"],"picked":"Wild Strike+1","floor":23},{"not_picked":["Flex","Anger+1"],"picked":"Heavy Blade+1","floor":24},{"not_picked":["Pommel Strike+1","Thunderclap+1"],"picked":"Twin Strike+1","floor":25}],"player_experience":232975,"relics_obtained":[{"floor":6,"key":"Regal Pillow"},{"floor":8,"key":"Pantograph"},{"floor":9,"key":"PreservedInsect"},{"floor":12,"key":"Dream Catcher"},{"floor":17,"key":"Art of War"},{"floor":17,"key":"Molten Egg 2"},{"floor":17,"key":"Turnip"},{"floor":19,"key":"Necronomicon"},{"floor":23,"key":"Darkstone Periapt"},{"floor":25,"key":"Bag of Marbles"}],"event_choices":[{"damage_healed":0,"gold_gain":0,"player_choice":"3 cards matched","damage_taken":0,"max_hp_gain":0,"max_hp_loss":0,"event_name":"Match and Keep!","floor":2,"gold_loss":0,"cards_obtained":["Iron Wave","Discovery","Impervious"]},{"damage_healed":0,"gold_gain":75,"player_choice":"Gather Gold","damage_taken":11,"max_hp_gain":0,"max_hp_loss":0,"event_name":"World of Goop","floor":4,"gold_loss":0},{"cards_removed":["Defend_R"],"damage_healed":0,"gold_gain":0,"player_choice":"Card Removal","damage_taken":0,"max_hp_gain":0,"max_hp_loss":0,"event_name":"The Cleric","floor":11,"gold_loss":50},{"damage_healed":0,"gold_gain":0,"player_choice":"Obtained Book","damage_taken":16,"max_hp_gain":0,"max_hp_loss":0,"event_name":"Cursed Tome","floor":19,"gold_loss":0},{"damage_healed":0,"gold_gain":0,"cards_transformed":["Defend_R","Defend_R"],"player_choice":"Became Test Subject","damage_taken":0,"max_hp_gain":0,"max_hp_loss":0,"event_name":"Drug Dealer","floor":21,"gold_loss":0,"cards_obtained":["Cleave","Wild Strike"]}],"is_beta":false,"boss_relics":[{"not_picked":["Busted Crown","Eternal Feather"],"picked":"Calling Bell"}],"items_purged_floors":[],"is_endless":false,"potions_floor_spawned":[6,14,16,18],"killed_by":"Slavers","ascension_level":4}