{"gold_per_floor":[109,129,149,169,179,179,179,191,191,222,232,249,249,268,268,372,372,384,395,47,59,70,70,105,105,105,105,105],"floor_reached":28,"playtime":2152,"items_purged":[],"score":283,"play_id":"7607af09-276a-4d98-b71d-f8c96385837a","local_time":"20181225143234","is_ascension_mode":true,"campfire_choices":[{"data":"Chaos","floor":6,"key":"SMITH"},{"data":"White Noise","floor":13,"key":"SMITH"},{"floor":15,"key":"REST"},{"floor":23,"key":"REST"},{"data":"Zap","floor":25,"key":"SMITH"},{"data":"Dualcast","floor":27,"key":"SMITH"}],"neow_cost":"NONE","seed_source_timestamp":422144835579535,"circlet_count":0,"master_deck":["Strike_B","Strike_B","Strike_B+1","Strike_B","Defend_B","Defend_B","Defend_B","Defend_B","Zap+1","Dualcast+1","Storm","Sweeping Beam+1","Hologram","FTL","Chaos+1","Ball Lightning","BootSequence","Steam","White Noise+1","Go for the Eyes","Creative AI","Genetic Algorithm+1","Redo+1","All For One","Violence","Defragment","Beam Cell","Steam+1","Defragment"],"relics":["Cracked Core","NeowsBlessing","Turnip","Nuclear Battery","Torii","Frozen Egg 2"],"potions_floor_usage":[14,14,16,19,21,24,28],"damage_taken":[{"damage":0,"enemies":"2 Louse","floor":1,"turns":1},{"damage":0,"enemies":"Small Slimes","floor":2,"turns":1},{"damage":0,"enemies":"Jaw Worm","floor":3,"turns":1},{"damage":9,"enemies":"Gremlin Gang","floor":4,"turns":3},{"damage":3,"enemies":"Blue Slaver","floor":5,"turns":4},{"damage":2,"enemies":"Looter","floor":8,"turns":3},{"damage":20,"enemies":"Lagavulin","floor":10,"turns":6},{"damage":0,"enemies":"2 Fungi Beasts","floor":11,"turns":2},{"damage":2,"enemies":"Lots of Slimes","floor":12,"turns":2},{"damage":16,"enemies":"Exordium Thugs","floor":14,"turns":4},{"damage":19,"enemies":"The Guardian","floor":16,"turns":10},{"damage":10,"enemies":"Chosen","floor":18,"turns":6},{"damage":24,"enemies":"3 Byrds","floor":19,"turns":3},{"damage":24,"enemies":"Centurion and Healer","floor":21,"turns":3},{"damage":12,"enemies":"Cultist and Chosen","floor":22,"turns":5},{"damage":10,"enemies":"Slavers","floor":24,"turns":5},{"damage":22,"enemies":"Colosseum Slavers","floor":28,"turns":2}],"seed_played":"4997653985710800380","potions_obtained":[{"floor":1,"key":"Explosive Potion"},{"floor":10,"key":"PowerPotion"},{"floor":12,"key":"Energy Potion"},{"floor":14,"key":"EssenceOfSteel"},{"floor":16,"key":"Regen Potion"},{"floor":19,"key":"Swift Potion"},{"floor":22,"key":"SpeedPotion"}],"is_trial":false,"path_per_floor":["M","M","M","M","M","R","?","M","T","E","M","M","R","M","R","B",null,"M","M","$","M","M","R","E","R","T","R","?"],"character_chosen":"DEFECT","items_purchased":["All For One","Violence","Defragment"],"campfire_rested":2,"item_purchase_floors":[20,20,20],"current_hp_per_floor":[75,75,75,66,63,63,48,46,46,26,26,24,24,8,30,11,75,65,46,46,22,10,32,22,22,22,22,0],"gold":105,"neow_bonus":"THREE_ENEMY_KILL","is_prod":false,"is_daily":false,"chose_seed":false,"campfire_upgraded":4,"win_rate":0,"timestamp":1545766354,"path_taken":["M","M","M","M","M","R","?","M","T","E","M","M","R","M","R","BOSS","M","M","$","M","M","R","E","R","T","R","?"],"build_version":"2018-12-20","purchased_purges":0,"victory":false,"max_hp_per_floor":[75,75,75,75,75,75,75,75,75,75,75,75,75,75,75,75,75,75,75,75,75,75,75,75,75,75,75,75],"card_choices":[{"not_picked":["Recycle","Steam"],"picked":"Storm","floor":1},{"not_picked":["Doom and Gloom","Ball Lightning"],"picked":"Sweeping Beam","floor":2},{"not_picked":["Sweeping Beam","Storm"],"picked":"Hologram","floor":3},{"not_picked":["Go for the Eyes","Beam Cell"],"picked":"FTL","floor":4},{"not_picked":["Turbo","Hologram"],"picked":"Chaos","floor":5},{"not_picked":["Sunder","Blizzard"],"picked":"Ball Lightning","floor":8},{"not_picked":["Scrape","Meteor Strike"],"picked":"BootSequence","floor":10},{"not_picked":["Turbo","Leap"],"picked":"Steam","floor":11},{"not_picked":["Chill","Compile Driver"],"picked":"White Noise","floor":12},{"not_picked":["Rip and Tear","FTL"],"picked":"Go for the Eyes","floor":14},{"not_picked":["Thunder Strike","Meteor Strike"],"picked":"Creative AI","floor":16},{"not_picked":["Reinforced Body","Rebound"],"picked":"Genetic Algorithm+1","floor":18},{"not_picked":["Loop","Sunder"],"picked":"Redo+1","floor":19},{"not_picked":["Coolheaded","Sweeping Beam+1"],"picked":"Beam Cell","floor":21},{"not_picked":["Skim","Cold Snap+1"],"picked":"Steam+1","floor":22},{"not_picked":["Rip and Tear","Reprogram+1"],"picked":"Defragment","floor":24}],"player_experience":136349,"relics_obtained":[{"floor":10,"key":"Turnip"},{"floor":24,"key":"Torii"},{"floor":26,"key":"Frozen Egg 2"}],"event_choices":[{"damage_healed":0,"gold_gain":0,"player_choice":"Entered Light","damage_taken":15,"max_hp_gain":0,"max_hp_loss":0,"event_name":"Shining Light","floor":7,"gold_loss":0,"cards_upgraded":["Strike_B","Sweeping Beam"]},{"damage_healed":0,"gold_gain":0,"player_choice":"Fight","damage_taken":0,"max_hp_gain":0,"max_hp_loss":0,"event_name":"Colosseum","floor":28,"gold_loss":0}],"is_beta":false,"boss_relics":[{"not_picked":["Cursed Key","Astrolabe"],"picked":"Nuclear Battery"}],"items_purged_floors":[],"is_endless":false,"potions_floor_spawned":[1,10,12,14,16,19,22],"killed_by":"Colosseum Slavers","ascension_level":3}