{"gold_per_floor":[111,186,166,178,198,198,229,229,229,229,229,404,436,436],"floor_reached":14,"playtime":436,"items_purged":[],"score":154,"play_id":"6ea5b9e0-caa0-4a5d-b77c-920d08c4fe6b","local_time":"20191002201817","is_ascension_mode":true,"campfire_choices":[{"data":"Shockwave","floor":6,"key":"SMITH"},{"floor":8,"key":"REST"},{"floor":10,"key":"REST"}],"neow_cost":"NONE","seed_source_timestamp":1304135793056800,"circlet_count":0,"master_deck":["AscendersBane","Strike_R","Strike_R","Strike_R","Strike_R","Strike_R","Defend_R","Defend_R+1","Defend_R","Defend_R","Bash+1","Intimidate","Shockwave+1","Barricade","Doubt","Body Slam"],"relics":["Burning Blood","Gremlin Horn","Juzu Bracelet","Girya"],"potions_floor_usage":[5,7],"damage_taken":[{"damage":2,"enemies":"2 Louse","floor":1,"turns":3},{"damage":13,"enemies":"Small Slimes","floor":4,"turns":4},{"damage":6,"enemies":"Cultist","floor":5,"turns":4},{"damage":42,"enemies":"Lagavulin","floor":7,"turns":7},{"damage":62,"enemies":"3 Sentries","floor":13,"turns":12},{"damage":13,"enemies":"Large Slime","floor":14,"turns":1}],"seed_played":"-4273917216840481419","potions_obtained":[{"floor":1,"key":"AttackPotion"},{"floor":3,"key":"Swift Potion"}],"is_trial":false,"path_per_floor":["M","?","?","M","M","R","E","R","T","R","?","?","E","M"],"character_chosen":"IRONCLAD","items_purchased":[],"campfire_rested":2,"item_purchase_floors":[],"current_hp_per_floor":[84,73,73,66,66,66,30,56,56,82,64,64,8,0],"gold":436,"neow_bonus":"TEN_PERCENT_HP_BONUS","is_prod":false,"is_daily":false,"chose_seed":false,"campfire_upgraded":1,"win_rate":0,"timestamp":1570061897,"path_taken":["M","?","?","?","M","R","E","R","T","R","?","?","E","M"],"build_version":"2019-07-17","purchased_purges":0,"victory":false,"max_hp_per_floor":[88,88,88,88,88,88,88,88,88,88,88,88,88,88],"card_choices":[{"not_picked":["Rampage","Sword Boomerang","Thunderclap"],"picked":"SKIP","floor":1},{"not_picked":["Wild Strike","Pommel Strike"],"picked":"Intimidate","floor":4},{"not_picked":["Iron Wave","Battle Trance"],"picked":"Shockwave","floor":5},{"not_picked":["Havoc","Pommel Strike"],"picked":"Barricade","floor":7},{"not_picked":["Clash","Bloodletting"],"picked":"Body Slam","floor":13}],"player_experience":776855,"relics_obtained":[{"floor":7,"key":"Gremlin Horn"},{"floor":9,"key":"Juzu Bracelet"},{"floor":13,"key":"Girya"}],"event_choices":[{"damage_healed":0,"gold_gain":75,"player_choice":"Gather Gold","damage_taken":11,"max_hp_gain":0,"max_hp_loss":0,"event_name":"World of Goop","floor":2,"gold_loss":0},{"damage_healed":0,"gold_gain":0,"player_choice":"Bought 1 Potion","damage_taken":0,"max_hp_gain":0,"max_hp_loss":0,"event_name":"The Woman in Blue","floor":3,"gold_loss":0},{"damage_healed":0,"gold_gain":0,"player_choice":"Entered Light","damage_taken":18,"max_hp_gain":0,"max_hp_loss":0,"event_name":"Shining Light","floor":11,"gold_loss":0,"cards_upgraded":["Defend_R","Bash"]},{"damage_healed":0,"gold_gain":175,"player_choice":"AGREE","damage_taken":0,"max_hp_gain":0,"max_hp_loss":0,"event_name":"Liars Game","floor":12,"gold_loss":0,"cards_obtained":["Doubt"]}],"is_beta":false,"boss_relics":[],"items_purged_floors":[],"is_endless":false,"potions_floor_spawned":[1],"killed_by":"Large Slime","ascension_level":12}