{"gold_per_floor":[115,128,138,151,163,163,192,192,192,192,207,207,221,221,221,344,344,344,344,344,344,100,100,100,100,100,100,100,100,100,100,100,100,100,100,100,100,100,100,100,100,100,100,100,100],"floor_reached":45,"playtime":2472,"items_purged":["Defend_G"],"score":553,"play_id":"2e795a90-cac0-4a18-8f91-de8926cd04dd","local_time":"20190112185021","is_ascension_mode":true,"campfire_choices":[{"floor":6,"key":"REST"},{"floor":10,"key":"REST"},{"data":"Distraction","floor":12,"key":"SMITH"},{"floor":15,"key":"REST"},{"floor":24,"key":"REST"},{"floor":27,"key":"REST"},{"data":"Noxious Fumes","floor":29,"key":"SMITH"},{"floor":32,"key":"REST"},{"floor":40,"key":"REST"},{"floor":44,"key":"REST"}],"neow_cost":"NONE","seed_source_timestamp":345904254391664,"circlet_count":0,"master_deck":["Defend_G","Defend_G","Defend_G","Defend_G","Strike_G","Strike_G","Survivor","Neutralize","Flechettes","Deadly Poison","PiercingWail","Crippling Poison","Infinite Blades","Catalyst","Distraction+1","Poisoned Stab","After Image+1","Sucker Punch","Enlightenment","Dark Shackles","Swift Strike","Predator","Escape Plan","Noxious Fumes+1","Deadly Poison","Deadly Poison","Crippling Poison","Flechettes","Glass Knife","Dagger Throw+1","PiercingWail+1","Magnetism","Good Instincts","Panache","Dash+1"],"relics":["Empty Cage","Sundial","Golden Idol","Kunai","Ectoplasm","Pen Nib","Meat on the Bone","Bottled Flame","WristBlade","Pantograph","Mummified Hand"],"potions_floor_usage":[7,11,13,23,23,28,33,41,45],"damage_taken":[{"damage":4,"enemies":"Cultist","floor":1,"turns":6},{"damage":1,"enemies":"Jaw Worm","floor":2,"turns":5},{"damage":3,"enemies":"2 Louse","floor":3,"turns":3},{"damage":2,"enemies":"Red Slaver","floor":4,"turns":6},{"damage":3,"enemies":"Blue Slaver","floor":5,"turns":5},{"damage":47,"enemies":"Gremlin Nob","floor":7,"turns":5},{"damage":17,"enemies":"Large Slime","floor":11,"turns":7},{"damage":24,"enemies":"Gremlin Gang","floor":13,"turns":4},{"damage":30,"enemies":"The Guardian","floor":16,"turns":9},{"damage":0,"enemies":"3 Byrds","floor":18,"turns":5},{"damage":8,"enemies":"Chosen","floor":20,"turns":6},{"damage":18,"enemies":"Centurion and Healer","floor":21,"turns":7},{"damage":1,"enemies":"Gremlin Leader","floor":23,"turns":6},{"damage":0,"enemies":"Snake Plant","floor":25,"turns":4},{"damage":27,"enemies":"Slavers","floor":28,"turns":6},{"damage":18,"enemies":"Snecko","floor":30,"turns":6},{"damage":18,"enemies":"Book of Stabbing","floor":31,"turns":5},{"damage":18,"enemies":"Automaton","floor":33,"turns":10},{"damage":19,"enemies":"3 Darklings","floor":35,"turns":5},{"damage":3,"enemies":"Orb Walker","floor":38,"turns":4},{"damage":42,"enemies":"Nemesis","floor":41,"turns":7},{"damage":44,"enemies":"Spire Growth","floor":45,"turns":5}],"seed_played":"3284703750252479830","potions_obtained":[{"floor":1,"key":"LiquidBronze"},{"floor":3,"key":"LiquidBronze"},{"floor":7,"key":"Regen Potion"},{"floor":25,"key":"Regen Potion"},{"floor":28,"key":"Ancient Potion"},{"floor":31,"key":"Dexterity Potion"},{"floor":33,"key":"SteroidPotion"},{"floor":38,"key":"Explosive Potion"}],"is_trial":false,"path_per_floor":["M","M","M","M","M","R","E","?","T","R","M","R","M","?","R","B",null,"M","?","M","M","$","E","R","M","T","R","E","R","M","E","R","B",null,"M","?","?","M","?","R","E","?","T","R","M"],"character_chosen":"THE_SILENT","items_purchased":["GhostInAJar","Block Potion","SkillPotion"],"campfire_rested":8,"item_purchase_floors":[22,22,22],"current_hp_per_floor":[66,65,62,60,57,70,23,23,23,42,40,40,16,16,35,5,65,65,41,33,15,15,14,33,33,33,52,40,40,34,28,47,41,65,46,46,46,43,33,52,22,22,22,41,0],"gold":100,"neow_bonus":"BOSS_RELIC","is_prod":false,"is_daily":false,"chose_seed":false,"campfire_upgraded":2,"win_rate":0,"timestamp":1547337021,"path_taken":["M","?","M","M","M","R","E","?","T","R","M","R","M","?","R","BOSS","M","?","M","M","$","E","R","M","T","R","E","R","?","E","R","BOSS","M","?","?","?","?","R","E","?","T","R","M"],"build_version":"2019-01-10","purchased_purges":1,"victory":false,"max_hp_per_floor":[70,70,70,70,70,70,70,65,65,65,65,65,65,65,65,65,65,65,65,65,65,65,65,65,65,65,65,65,65,65,65,65,65,65,65,65,65,65,65,65,65,65,65,65,65],"card_choices":[{"not_picked":["Bane","Acrobatics"],"picked":"Flechettes","floor":1},{"not_picked":["Setup","Grand Finale"],"picked":"Deadly Poison","floor":2},{"not_picked":["Quick Slash","Blade Dance"],"picked":"PiercingWail","floor":3},{"not_picked":["Slice","PiercingWail"],"picked":"Crippling Poison","floor":4},{"not_picked":["Calculated Gamble","Escape Plan"],"picked":"Infinite Blades","floor":5},{"not_picked":["Poisoned Stab","Concentrate"],"picked":"Catalyst","floor":7},{"not_picked":["Caltrops","Prepared"],"picked":"Distraction","floor":11},{"not_picked":["Slice","All Out Attack"],"picked":"Poisoned Stab","floor":13},{"not_picked":["A Thousand Cuts","Venomology"],"picked":"After Image","floor":16},{"not_picked":["Prepared","Slice+1"],"picked":"Sucker Punch","floor":18},{"not_picked":["Heel Hook+1","Distraction"],"picked":"Predator","floor":20},{"not_picked":["Sucker Punch+1","Bane"],"picked":"Escape Plan","floor":21},{"not_picked":["Predator","Choke"],"picked":"Noxious Fumes","floor":23},{"not_picked":["Acrobatics+1","Storm of Steel"],"picked":"Deadly Poison","floor":25},{"not_picked":["Heel Hook","Quick Slash"],"picked":"Deadly Poison","floor":28},{"not_picked":["Slice","Riddle With Holes"],"picked":"Crippling Poison","floor":30},{"not_picked":["Tactician","Concentrate"],"picked":"Flechettes","floor":31},{"not_picked":["Wraith Form v2","Phantasmal Killer"],"picked":"Glass Knife","floor":33},{"not_picked":["Poisoned Stab","Dagger Spray"],"picked":"Dagger Throw+1","floor":35},{"not_picked":["Finisher","Escape Plan"],"picked":"PiercingWail+1","floor":38},{"not_picked":["Enlightenment","PanicButton"],"picked":"Magnetism","floor":39},{"not_picked":["Flash of Steel","Trip"],"picked":"Good Instincts","floor":39},{"not_picked":["Discovery","Jack Of All Trades"],"picked":"Panache","floor":39},{"not_picked":["Sucker Punch","Deflect"],"picked":"Dash+1","floor":41}],"player_experience":377511,"relics_obtained":[{"floor":7,"key":"Sundial"},{"floor":9,"key":"Kunai"},{"floor":23,"key":"Pen Nib"},{"floor":28,"key":"Meat on the Bone"},{"floor":31,"key":"Bottled Flame"},{"floor":41,"key":"Pantograph"},{"floor":43,"key":"Mummified Hand"}],"event_choices":[{"damage_healed":0,"gold_gain":0,"player_choice":"Lose Max HP","damage_taken":0,"relics_obtained":["Golden Idol"],"max_hp_gain":0,"max_hp_loss":5,"event_name":"Golden Idol","floor":8,"gold_loss":0},{"damage_healed":0,"gold_gain":0,"player_choice":"Searched \u00271\u0027 times","damage_taken":0,"max_hp_gain":0,"max_hp_loss":0,"event_name":"Dead Adventurer","floor":14,"gold_loss":0},{"damage_healed":0,"gold_gain":0,"player_choice":"CARD CARD CARD ","damage_taken":24,"max_hp_gain":0,"max_hp_loss":0,"event_name":"Knowing Skull","floor":19,"potions_obtained":[],"gold_loss":0,"cards_obtained":["Enlightenment","Dark Shackles","Swift Strike"]},{"cards_removed":["Strike_G"],"damage_healed":0,"gold_gain":0,"player_choice":"Removed Attack","damage_taken":0,"max_hp_gain":0,"max_hp_loss":0,"event_name":"Falling","floor":36,"gold_loss":0},{"damage_healed":0,"gold_gain":0,"player_choice":"Upgraded","damage_taken":0,"max_hp_gain":0,"max_hp_loss":0,"event_name":"Upgrade Shrine","floor":37,"gold_loss":0,"cards_upgraded":["After Image"]},{"damage_healed":0,"gold_gain":0,"player_choice":"Memory 3","damage_taken":10,"max_hp_gain":0,"max_hp_loss":0,"event_name":"SensoryStone","floor":39,"gold_loss":0},{"damage_healed":0,"gold_gain":0,"player_choice":"Ignored","damage_taken":0,"max_hp_gain":0,"max_hp_loss":0,"event_name":"Mysterious Sphere","floor":42,"gold_loss":0}],"is_beta":false,"boss_relics":[{"not_picked":["Runic Dome","Coffee Dripper"],"picked":"Ectoplasm"},{"not_picked":["Snecko Eye","Fusion Hammer"],"picked":"WristBlade"}],"items_purged_floors":[22],"is_endless":false,"potions_floor_spawned":[1,3,7,25,28,31,33,38],"killed_by":"Spire Growth","ascension_level":1}