{"gold_per_floor":[115,115,135,205,205,230,230,264,289,308,328,345,355,372,372,473,473,485,485,47,61,79,99,124,49,97,196,210,210,221,221,221,324,324,340,355,372,772,165,165,197,213,213,0,0,26,26,26,26],"floor_reached":49,"playtime":3917,"items_purged":[],"score":608,"play_id":"7880ed07-12b8-4d38-aff7-157641169587","local_time":"20190113003844","is_ascension_mode":true,"campfire_choices":[{"data":"Envenom","floor":7,"key":"SMITH"},{"floor":15,"key":"REST"},{"floor":29,"key":"REST"},{"floor":32,"key":"REST"},{"floor":40,"key":"REST"},{"data":"Apotheosis","floor":45,"key":"SMITH"},{"floor":49,"key":"REST"}],"neow_cost":"NONE","seed_source_timestamp":365348058863493,"circlet_count":0,"master_deck":["Neutralize","Escape Plan","Envenom+1","Venomology","Corpse Explosion","Malaise","Flechettes","Adrenaline","Corpse Explosion","Glass Knife","Deadly Poison","Dash","Accuracy","Sucker Punch","Endless Agony","Adrenaline","Deflect","Flechettes","Backflip","Blade Dance","Tools of the Trade","Skewer+1","Uppercut+1","Backflip","Force Field","Cloak And Dagger+1","Warcry+1","Apotheosis+1","Headbutt+1","Conserve Battery+1","Double Tap","Stack","Conserve Battery+1","Secret Weapon","Jack Of All Trades","Steam+1","True Grit+1","Infinite Blades+1","Mind Blast+1","Panache","Thinking Ahead"],"relics":["Pandora\u0027s Box","Art of War","Pen Nib","White Beast Statue","Nilry\u0027s Codex","PrismaticShard","Mercury Hourglass","Molten Egg 2","Lantern","WristBlade","Old Coin","Bronze Scales","DollysMirror","Kunai","Mummified Hand","Red Mask","Anchor"],"potions_floor_usage":[6,11,12,13,14,14,18,18,18,21,21,22,23,23,24,24,24,28,28,28,28,30,31,31,33,35,38,41,41,41,42,46,46],"damage_taken":[{"damage":0,"enemies":"Cultist","floor":1,"turns":2},{"damage":0,"enemies":"2 Louse","floor":3,"turns":1},{"damage":1,"enemies":"Lagavulin","floor":6,"turns":5},{"damage":22,"enemies":"Gremlin Nob","floor":8,"turns":5},{"damage":7,"enemies":"Small Slimes","floor":10,"turns":2},{"damage":6,"enemies":"Red Slaver","floor":11,"turns":2},{"damage":0,"enemies":"Blue Slaver","floor":12,"turns":2},{"damage":0,"enemies":"3 Louse","floor":13,"turns":1},{"damage":4,"enemies":"Large Slime","floor":14,"turns":4},{"damage":3,"enemies":"Hexaghost","floor":16,"turns":8},{"damage":8,"enemies":"3 Byrds","floor":18,"turns":3},{"damage":17,"enemies":"Shell Parasite","floor":21,"turns":3},{"damage":16,"enemies":"Snecko","floor":22,"turns":5},{"damage":12,"enemies":"3 Cultists","floor":23,"turns":3},{"damage":6,"enemies":"Book of Stabbing","floor":24,"turns":4},{"damage":0,"enemies":"Snake Plant","floor":28,"turns":3},{"damage":6,"enemies":"Centurion and Healer","floor":30,"turns":3},{"damage":0,"enemies":"Snecko","floor":31,"turns":2},{"damage":38,"enemies":"Automaton","floor":33,"turns":12},{"damage":0,"enemies":"Orb Walker","floor":35,"turns":3},{"damage":7,"enemies":"3 Shapes","floor":36,"turns":2},{"damage":3,"enemies":"Spire Growth","floor":37,"turns":4},{"damage":15,"enemies":"Mind Bloom Boss Battle","floor":38,"turns":6},{"damage":2,"enemies":"Nemesis","floor":41,"turns":9},{"damage":14,"enemies":"Transient","floor":42,"turns":5},{"damage":9,"enemies":"Reptomancer","floor":46,"turns":6}],"seed_played":"-7605463207230191798","potions_obtained":[{"floor":6,"key":"Weak Potion"},{"floor":10,"key":"Block Potion"},{"floor":11,"key":"GhostInAJar"},{"floor":13,"key":"Regen Potion"},{"floor":18,"key":"SteroidPotion"},{"floor":21,"key":"FearPotion"},{"floor":22,"key":"Energy Potion"},{"floor":23,"key":"Block Potion"},{"floor":24,"key":"EssenceOfSteel"},{"floor":28,"key":"Swift Potion"},{"floor":30,"key":"SmokeBomb"},{"floor":33,"key":"Ancient Potion"},{"floor":35,"key":"FairyPotion"},{"floor":36,"key":"SteroidPotion"},{"floor":37,"key":"GhostInAJar"},{"floor":38,"key":"EssenceOfSteel"},{"floor":41,"key":"Dexterity Potion"},{"floor":42,"key":"Block Potion"},{"floor":46,"key":"LiquidBronze"}],"is_trial":false,"path_per_floor":["M","?","M","?","?","E","R","E","T","M","M","M","M","M","R","B",null,"M","?","$","M","M","M","E","?","T","?","M","R","M","M","R","B",null,"M","M","M","?","$","R","E","M","T","?","R","E","?","?","R"],"character_chosen":"THE_SILENT","items_purchased":["PrismaticShard","Mercury Hourglass","Bronze Scales","DollysMirror","Secret Weapon","Jack Of All Trades"],"campfire_rested":5,"item_purchase_floors":[20,20,39,39,39,39],"current_hp_per_floor":[70,70,70,70,70,69,69,47,47,40,34,34,34,42,63,60,70,62,46,46,38,22,10,4,4,4,4,4,25,19,19,40,2,70,70,63,60,45,45,66,64,50,50,50,50,41,31,31,52],"gold":26,"neow_bonus":"BOSS_RELIC","is_prod":false,"is_daily":false,"chose_seed":false,"campfire_upgraded":2,"win_rate":0,"timestamp":1547357924,"path_taken":["M","?","?","?","?","E","R","E","T","M","?","M","M","M","R","BOSS","M","?","$","M","M","M","E","?","T","?","M","R","M","M","R","BOSS","M","M","M","?","$","R","E","M","T","?","R","E","?","?","R"],"build_version":"2019-01-10","purchased_purges":0,"victory":false,"max_hp_per_floor":[70,70,70,70,70,70,70,70,70,70,70,70,70,70,70,70,70,70,70,70,70,70,70,70,70,70,70,70,70,70,70,70,70,70,70,70,70,70,70,70,70,70,70,70,70,70,70,70,70],"card_choices":[{"not_picked":["Slice","Heel Hook"],"picked":"Deadly Poison","floor":1},{"not_picked":["Poisoned Stab","Slice"],"picked":"Dash","floor":3},{"not_picked":["Skewer","Calculated Gamble"],"picked":"Sucker Punch","floor":6},{"not_picked":["Slice","Bane"],"picked":"Endless Agony","floor":8},{"not_picked":["Calculated Gamble","Poisoned Stab"],"picked":"Adrenaline","floor":10},{"not_picked":["Outmaneuver","Underhanded Strike"],"picked":"Deflect","floor":11},{"not_picked":["Underhanded Strike","Outmaneuver"],"picked":"Flechettes","floor":12},{"not_picked":["Masterful Stab","Outmaneuver"],"picked":"Backflip","floor":13},{"not_picked":["Poisoned Stab","Deflect"],"picked":"Blade Dance","floor":14},{"not_picked":["Unload","Night Terror"],"picked":"Tools of the Trade","floor":16},{"not_picked":["Flying Knee","Slice"],"picked":"Skewer+1","floor":18},{"not_picked":["Body Slam","Master of Strategy"],"picked":"Uppercut+1","floor":21},{"not_picked":["Concentrate","Finisher"],"picked":"Spot Weakness","floor":22},{"not_picked":["Evolve","Dark Shackles"],"picked":"Backflip","floor":23},{"not_picked":["Warcry+1","Thunderclap"],"picked":"Force Field","floor":24},{"not_picked":["Anger+1","Sweeping Beam+1"],"picked":"Cloak And Dagger+1","floor":28},{"not_picked":["Turbo","Underhanded Strike+1"],"picked":"Warcry+1","floor":30},{"not_picked":["Buffer","Envenom"],"picked":"Apotheosis","floor":33},{"not_picked":["Gash+1","Sword Boomerang+1"],"picked":"Headbutt+1","floor":35},{"not_picked":["Sword Boomerang+1","Blood for Blood+1"],"picked":"Conserve Battery+1","floor":36},{"not_picked":["Steam Power","Underhanded Strike+1"],"picked":"Double Tap","floor":37},{"not_picked":["Havoc","Turbo"],"picked":"Stack","floor":38},{"not_picked":["Armaments","Biased Cognition"],"picked":"Steam+1","floor":41},{"not_picked":["Sweeping Beam+1","Sweeping Beam+1"],"picked":"True Grit+1","floor":42},{"not_picked":["Predator+1","Fire Breathing"],"picked":"Infinite Blades+1","floor":46},{"not_picked":["Good Instincts","Sadistic Nature"],"picked":"Mind Blast+1","floor":47},{"not_picked":["Discovery","Dramatic Entrance+1"],"picked":"Panache","floor":47},{"not_picked":["Madness","Swift Strike+1"],"picked":"Thinking Ahead","floor":47}],"player_experience":389075,"relics_obtained":[{"floor":6,"key":"Art of War"},{"floor":8,"key":"Pen Nib"},{"floor":19,"key":"Nilry\u0027s Codex"},{"floor":24,"key":"Molten Egg 2"},{"floor":26,"key":"Lantern"},{"floor":38,"key":"Old Coin"},{"floor":41,"key":"Kunai"},{"floor":43,"key":"Mummified Hand"},{"floor":46,"key":"Anchor"}],"event_choices":[{"cards_removed":["Acrobatics"],"damage_healed":0,"gold_gain":0,"player_choice":"Card Removal","damage_taken":0,"max_hp_gain":0,"max_hp_loss":0,"event_name":"Wheel of Change","floor":2,"gold_loss":0},{"damage_healed":0,"gold_gain":70,"player_choice":"Gained Gold","damage_taken":0,"max_hp_gain":0,"max_hp_loss":0,"event_name":"Golden Wing","floor":4,"gold_loss":0},{"damage_healed":0,"gold_gain":0,"cards_transformed":["Survivor"],"player_choice":"Transformed","damage_taken":0,"max_hp_gain":0,"max_hp_loss":0,"event_name":"Transmorgrifier","floor":5,"gold_loss":0,"cards_obtained":["Accuracy"]},{"damage_healed":0,"gold_gain":0,"player_choice":"Obtained Book","damage_taken":16,"max_hp_gain":0,"max_hp_loss":0,"event_name":"Cursed Tome","floor":19,"gold_loss":0},{"cards_removed":["Spot Weakness"],"damage_healed":0,"gold_gain":0,"player_choice":"Gave Gold","damage_taken":0,"max_hp_gain":0,"max_hp_loss":0,"event_name":"Beggar","floor":25,"gold_loss":75},{"damage_healed":0,"gold_gain":99,"player_choice":"Stole From Cult","damage_taken":0,"max_hp_gain":0,"max_hp_loss":0,"event_name":"Nest","floor":27,"gold_loss":0},{"damage_healed":0,"gold_gain":0,"player_choice":"Fight","damage_taken":0,"max_hp_gain":0,"max_hp_loss":0,"event_name":"MindBloom","floor":38,"gold_loss":0},{"damage_healed":0,"gold_gain":0,"player_choice":"Paid","damage_taken":0,"relics_obtained":["Red Mask"],"max_hp_gain":0,"max_hp_loss":0,"event_name":"Tomb of Lord Red Mask","floor":44,"gold_loss":213},{"damage_healed":0,"gold_gain":0,"player_choice":"Memory 3","damage_taken":10,"max_hp_gain":0,"max_hp_loss":0,"event_name":"SensoryStone","floor":47,"gold_loss":0},{"damage_healed":0,"gold_gain":0,"player_choice":"Ignored","damage_taken":0,"max_hp_gain":0,"max_hp_loss":0,"event_name":"The Moai Head","floor":48,"gold_loss":0}],"is_beta":false,"boss_relics":[{"not_picked":["Philosopher\u0027s Stone","Runic Dome"],"picked":"White Beast Statue"},{"not_picked":["Sozu","HoveringKite"],"picked":"WristBlade"}],"items_purged_floors":[],"is_endless":false,"potions_floor_spawned":[6,10,11,12,13,18,21,22,23,24,28,30,31,33,35,36,37,38,41,42,46],"ascension_level":1}