{"gold_per_floor":[13,26,26,26,44,44,71,71,71,71,71,71,96,106,106,203,203,183,17,17,27,45,45,60,60,60,95,95],"floor_reached":28,"playtime":1302,"items_purged":["Strike_G"],"score":393,"play_id":"4fc6b7c6-27d5-4d8f-b5b4-c7e0cc0a2ea4","local_time":"20190924214532","is_ascension_mode":true,"campfire_choices":[{"floor":6,"key":"REST"},{"floor":10,"key":"REST"},{"data":"Footwork","floor":12,"key":"SMITH"},{"data":"Dagger Throw","floor":15,"key":"SMITH"},{"floor":23,"key":"REST"},{"floor":25,"key":"REST"}],"neow_cost":"NO_GOLD","seed_source_timestamp":617296770671600,"circlet_count":0,"master_deck":["Strike_G","Strike_G","Defend_G","Defend_G","Defend_G","Defend_G","Survivor","Neutralize","Quick Slash","Footwork+1","Dagger Throw+1","Caltrops","Glass Knife","Flying Knee+1","Flash of Steel","Escape Plan+1","Well Laid Plans"],"relics":["Ring of the Snake","Ice Cream","Matryoshka","Bag of Marbles","Black Star","Dream Catcher","Mercury Hourglass","Boot","Regal Pillow"],"potions_floor_usage":[13,13,13,22,22],"damage_taken":[{"damage":2,"enemies":"2 Louse","floor":1,"turns":3},{"damage":1,"enemies":"Small Slimes","floor":2,"turns":3},{"damage":1,"enemies":"Cultist","floor":5,"turns":4},{"damage":31,"enemies":"3 Sentries","floor":7,"turns":15},{"damage":0,"enemies":"Gremlin Nob","floor":13,"turns":2},{"damage":0,"enemies":"Red Slaver","floor":14,"turns":4},{"damage":7,"enemies":"The Guardian","floor":16,"turns":14},{"damage":22,"enemies":"2 Thieves","floor":18,"turns":4},{"damage":14,"enemies":"3 Byrds","floor":21,"turns":4},{"damage":14,"enemies":"Centurion and Healer","floor":22,"turns":4},{"damage":9,"enemies":"Snecko","floor":24,"turns":6},{"damage":40,"enemies":"Slavers","floor":27,"turns":5},{"damage":2,"enemies":"3 Cultists","floor":28,"turns":2}],"seed_played":"-3018439251924526773","potions_obtained":[{"floor":1,"key":"Energy Potion"},{"floor":5,"key":"FearPotion"},{"floor":7,"key":"SteroidPotion"},{"floor":16,"key":"Strength Potion"},{"floor":18,"key":"Energy Potion"},{"floor":27,"key":"LiquidBronze"}],"is_trial":false,"path_per_floor":["M","M","?","$","M","R","E","?","T","R","$","R","E","M","R","B",null,"M","$","?","M","M","R","M","R","T","E","M"],"character_chosen":"THE_SILENT","items_purchased":["Flash of Steel"],"campfire_rested":4,"item_purchase_floors":[19],"current_hp_per_floor":[61,60,60,60,59,70,39,39,39,60,60,60,60,60,60,53,66,44,44,37,23,9,30,21,42,42,2,0],"gold":95,"neow_bonus":"REMOVE_TWO","is_prod":false,"is_daily":false,"chose_seed":false,"campfire_upgraded":2,"win_rate":0,"timestamp":1569375932,"path_taken":["M","M","?","$","M","R","E","?","T","R","$","R","E","M","R","BOSS","M","$","?","M","?","R","M","R","T","E","M"],"build_version":"2019-07-17","purchased_purges":1,"victory":false,"max_hp_per_floor":[70,70,70,70,70,70,70,70,70,70,70,70,70,70,70,70,70,70,70,70,70,70,70,70,70,70,70,70],"card_choices":[{"not_picked":["Outmaneuver","Dodge and Roll","Eviscerate"],"picked":"SKIP","floor":1},{"not_picked":["Distraction","Deadly Poison"],"picked":"Quick Slash","floor":2},{"not_picked":["Predator","Calculated Gamble"],"picked":"Footwork","floor":5},{"not_picked":["Endless Agony","Riddle With Holes"],"picked":"Dagger Throw","floor":7},{"not_picked":["Dodge and Roll","Crippling Poison"],"picked":"Caltrops","floor":13},{"not_picked":["Acrobatics","Blade Dance","Masterful Stab"],"picked":"SKIP","floor":14},{"not_picked":["Grand Finale","Adrenaline"],"picked":"Glass Knife","floor":16},{"not_picked":["Slice","Dodge and Roll"],"picked":"Flying Knee+1","floor":18},{"not_picked":["Deadly Poison","Backflip","Accuracy"],"picked":"SKIP","floor":21},{"not_picked":["Grand Finale","Slice"],"picked":"Escape Plan+1","floor":22},{"not_picked":["Dagger Throw","Blade Dance"],"picked":"Well Laid Plans","floor":24},{"not_picked":["Backflip","Flying Knee","Bane"],"picked":"SKIP","floor":27}],"player_experience":722981,"relics_obtained":[{"floor":7,"key":"Ice Cream"},{"floor":9,"key":"Matryoshka"},{"floor":13,"key":"Bag of Marbles"},{"floor":26,"key":"Dream Catcher"},{"floor":26,"key":"Mercury Hourglass"},{"floor":27,"key":"Boot"},{"floor":27,"key":"Regal Pillow"}],"event_choices":[{"cards_removed":["Strike_G"],"damage_healed":0,"gold_gain":0,"player_choice":"Forget","damage_taken":0,"max_hp_gain":0,"max_hp_loss":0,"event_name":"Living Wall","floor":3,"gold_loss":0},{"damage_healed":0,"gold_gain":0,"player_choice":"Ignored","damage_taken":0,"max_hp_gain":0,"max_hp_loss":0,"event_name":"Liars Game","floor":8,"gold_loss":0},{"damage_healed":0,"gold_gain":0,"player_choice":"Damaged","damage_taken":7,"max_hp_gain":0,"max_hp_loss":0,"event_name":"Wheel of Change","floor":20,"gold_loss":0}],"is_beta":false,"boss_relics":[{"not_picked":["HoveringKite","Ectoplasm"],"picked":"Black Star"}],"items_purged_floors":[19],"is_endless":false,"potions_floor_spawned":[1,5,7,16,18,27],"killed_by":"3 Cultists","ascension_level":9}