{"gold_per_floor":[110,120,135,154,23,55,67,128,128,128],"floor_reached":10,"playtime":835,"items_purged":[],"score":112,"play_id":"7b036be8-3d4f-4345-a84b-466992f2cb9e","local_time":"20190916184025","is_ascension_mode":true,"campfire_choices":[],"neow_cost":"NONE","seed_source_timestamp":347023523636700,"circlet_count":0,"master_deck":["Strike_G","Strike_G","Strike_G","Strike_G","Strike_G","Defend_G","Defend_G","Defend_G","Defend_G","Defend_G","Survivor","Neutralize","Cloak And Dagger","Prepared","Slice","Leg Sweep","Noxious Fumes","Footwork","Distraction","Well Laid Plans"],"relics":["Ring of the Snake","Bag of Preparation","Tiny Chest","Letter Opener"],"potions_floor_usage":[6,6,7,8,10],"damage_taken":[{"damage":0,"enemies":"Cultist","floor":1,"turns":4},{"damage":2,"enemies":"Jaw Worm","floor":2,"turns":5},{"damage":2,"enemies":"Small Slimes","floor":3,"turns":4},{"damage":7,"enemies":"2 Fungi Beasts","floor":4,"turns":4},{"damage":16,"enemies":"Lagavulin","floor":6,"turns":7},{"damage":0,"enemies":"Blue Slaver","floor":7,"turns":5},{"damage":9,"enemies":"3 Sentries","floor":8,"turns":8},{"damage":40,"enemies":"Gremlin Nob","floor":10,"turns":6}],"seed_played":"-4381718980329039969","potions_obtained":[{"floor":3,"key":"Energy Potion"},{"floor":4,"key":"GhostInAJar"},{"floor":7,"key":"SkillPotion"},{"floor":8,"key":"Weak Potion"}],"is_trial":false,"path_per_floor":["M","M","M","M","$","E","M","E","T","E"],"character_chosen":"THE_SILENT","items_purchased":["Noxious Fumes","SteroidPotion"],"campfire_rested":0,"item_purchase_floors":[5,5],"current_hp_per_floor":[70,68,66,59,59,43,43,34,34,0],"gold":128,"neow_bonus":"TEN_PERCENT_HP_BONUS","is_prod":false,"is_daily":false,"chose_seed":false,"campfire_upgraded":0,"win_rate":0,"timestamp":1568673625,"path_taken":["M","?","M","M","$","E","M","E","T","E"],"build_version":"2019-07-17","purchased_purges":0,"victory":false,"max_hp_per_floor":[77,77,77,77,77,77,77,77,77,77],"card_choices":[{"not_picked":["Endless Agony","Quick Slash"],"picked":"Cloak And Dagger","floor":1},{"not_picked":["Deflect","Bane"],"picked":"Prepared","floor":2},{"not_picked":["Setup","Bane"],"picked":"Slice","floor":3},{"not_picked":["Deflect","Calculated Gamble"],"picked":"Leg Sweep","floor":4},{"not_picked":["Quick Slash","Backflip"],"picked":"Footwork","floor":6},{"not_picked":["Deflect","Dodge and Roll"],"picked":"Distraction","floor":7},{"not_picked":["Slice","Dagger Spray"],"picked":"Well Laid Plans","floor":8}],"player_experience":649393,"relics_obtained":[{"floor":6,"key":"Bag of Preparation"},{"floor":8,"key":"Tiny Chest"},{"floor":9,"key":"Letter Opener"}],"event_choices":[],"is_beta":false,"boss_relics":[],"items_purged_floors":[],"is_endless":false,"potions_floor_spawned":[3,4,7,8],"killed_by":"Gremlin Nob","ascension_level":8}