{"gold_per_floor":[117,134,134,134,148,180,193,224,224,237,237,257,289,300,300,397,397,411,411,431,104,104,139,139,157,157,157,157],"floor_reached":28,"playtime":1989,"items_purged":[],"score":351,"play_id":"0db38637-234a-48ef-892f-aae14146713d","local_time":"20190211181954","is_ascension_mode":true,"campfire_choices":[{"floor":11,"key":"REST"},{"data":"Immolate","floor":15,"key":"SMITH"},{"floor":24,"key":"REST"},{"floor":27,"key":"REST"}],"neow_cost":"TEN_PERCENT_HP_LOSS","seed_source_timestamp":0,"circlet_count":0,"master_deck":["Strike_R","Strike_R","Strike_R","Strike_R","Defend_R","Defend_R","Defend_R","Bash","Clothesline","Cleave","Disarm","Double Tap","Shrug It Off","Havoc","Uppercut","Carnage","Immolate+1","Shockwave","Carnage","Juggernaut","Anger+1","Entrench+1","Reaper","Metallicize","Bludgeon","Battle Trance","Inflame","Warcry"],"special_seed":0,"relics":["Burning Blood","Gambling Chip","Dream Catcher","Sundial","Pear","Bottled Lightning","White Beast Statue","Potion Belt","Omamori"],"potions_floor_usage":[7,7,10,13,13,23,23,23,25,28],"damage_taken":[{"damage":6,"enemies":"Cultist","floor":1,"turns":3},{"damage":8,"enemies":"2 Louse","floor":2,"turns":4},{"damage":4,"enemies":"Jaw Worm","floor":5,"turns":4},{"damage":19,"enemies":"Gremlin Nob","floor":6,"turns":4},{"damage":2,"enemies":"Exordium Thugs","floor":7,"turns":3},{"damage":40,"enemies":"3 Sentries","floor":8,"turns":7},{"damage":0,"enemies":"Gremlin Gang","floor":10,"turns":2},{"damage":14,"enemies":"Looter","floor":12,"turns":3},{"damage":14,"enemies":"Gremlin Nob","floor":13,"turns":3},{"damage":14,"enemies":"Lots of Slimes","floor":14,"turns":3},{"damage":12,"enemies":"Slime Boss","floor":16,"turns":4},{"damage":28,"enemies":"Spheric Guardian","floor":18,"turns":4},{"damage":31,"enemies":"2 Thieves","floor":20,"turns":4},{"damage":21,"enemies":"Gremlin Leader","floor":23,"turns":8},{"damage":24,"enemies":"Snake Plant","floor":25,"turns":4},{"damage":59,"enemies":"Book of Stabbing","floor":28,"turns":6}],"seed_played":"-376746986762627915","potions_obtained":[{"floor":5,"key":"Fire Potion"},{"floor":6,"key":"Energy Potion"},{"floor":8,"key":"Explosive Potion"},{"floor":10,"key":"AttackPotion"},{"floor":12,"key":"GamblersBrew"},{"floor":18,"key":"Ancient Potion"},{"floor":20,"key":"PowerPotion"},{"floor":23,"key":"AttackPotion"},{"floor":25,"key":"BloodPotion"}],"is_trial":false,"path_per_floor":["M","M","?","?","M","E","M","E","T","M","R","M","E","M","R","B",null,"M","?","M","$","T","E","R","M","T","R","E"],"character_chosen":"IRONCLAD","items_purchased":["Reaper","Metallicize","SkillPotion","Fire Potion"],"campfire_rested":3,"item_purchase_floors":[21,21,21,21],"current_hp_per_floor":[72,70,70,70,72,59,63,29,39,45,69,61,53,45,45,39,71,49,49,24,24,24,21,45,27,27,51,0],"gold":157,"neow_bonus":"ONE_RARE_RELIC","is_prod":false,"is_daily":false,"chose_seed":false,"campfire_upgraded":1,"win_rate":0,"timestamp":1549927194,"path_taken":["M","M","?","?","M","E","M","E","T","M","R","M","E","?","R","BOSS","M","?","M","$","?","E","R","M","T","R","E"],"build_version":"2019-01-23","purchased_purges":0,"victory":false,"max_hp_per_floor":[72,72,72,72,72,72,72,72,82,82,82,82,82,82,82,82,82,82,82,82,82,82,82,82,82,82,82,82],"card_choices":[{"not_picked":["Pommel Strike","Twin Strike"],"picked":"Clothesline","floor":1},{"not_picked":["Sever Soul","Wild Strike"],"picked":"Cleave","floor":2},{"not_picked":["Havoc","Cleave"],"picked":"Disarm","floor":5},{"not_picked":["Armaments","Disarm"],"picked":"Double Tap","floor":6},{"not_picked":["Dual Wield","Heavy Blade"],"picked":"Shrug It Off","floor":7},{"not_picked":["Whirlwind","Body Slam"],"picked":"Havoc","floor":8},{"not_picked":["Warcry","Clash"],"picked":"Uppercut","floor":10},{"not_picked":["Body Slam","Sword Boomerang"],"picked":"Carnage","floor":11},{"not_picked":["Bloodletting","Evolve"],"picked":"Immolate","floor":12},{"not_picked":["Warcry","Sword Boomerang"],"picked":"Shockwave","floor":13},{"not_picked":["Hemokinesis","Pommel Strike"],"picked":"Carnage","floor":14},{"not_picked":["Brutality","Limit Break"],"picked":"Juggernaut","floor":16},{"not_picked":["Body Slam","Dropkick+1"],"picked":"Anger+1","floor":18},{"not_picked":["Perfected Strike","Whirlwind"],"picked":"Entrench+1","floor":20},{"not_picked":["Armaments","Havoc"],"picked":"Bludgeon","floor":23},{"not_picked":["Reckless Charge+1","True Grit"],"picked":"Battle Trance","floor":24},{"not_picked":["Wild Strike","Spot Weakness"],"picked":"Inflame","floor":25},{"not_picked":["Perfected Strike","Anger"],"picked":"Warcry","floor":27}],"player_experience":454230,"relics_obtained":[{"floor":6,"key":"Dream Catcher"},{"floor":8,"key":"Sundial"},{"floor":9,"key":"Pear"},{"floor":13,"key":"Bottled Lightning"},{"floor":22,"key":"Potion Belt"},{"floor":23,"key":"Omamori"}],"event_choices":[{"damage_healed":0,"gold_gain":0,"player_choice":"Leave","damage_taken":0,"max_hp_gain":0,"max_hp_loss":0,"event_name":"The Cleric","floor":3,"gold_loss":0},{"cards_removed":["Defend_R"],"damage_healed":0,"gold_gain":0,"player_choice":"Offered Basic","damage_taken":0,"max_hp_gain":0,"max_hp_loss":0,"event_name":"Bonfire Elementals","floor":4,"gold_loss":0},{"cards_removed":["Strike_R"],"damage_healed":0,"gold_gain":0,"player_choice":"Purged","damage_taken":0,"max_hp_gain":0,"max_hp_loss":0,"event_name":"Purifier","floor":19,"gold_loss":0}],"is_beta":false,"boss_relics":[{"not_picked":["Runic Dome","Snecko Eye"],"picked":"White Beast Statue"}],"items_purged_floors":[],"is_endless":false,"potions_floor_spawned":[5,6,8,10,12,18,20,23,25],"killed_by":"Book of Stabbing","ascension_level":7}