{"gold_per_floor":[119,133,133,145,160,186,186,186,234,253,285,285,296,322,322,423,423,433,448,11,11,11,11,11],"floor_reached":24,"playtime":1112,"items_purged":[],"score":360,"play_id":"c2beb69c-b4e6-49e2-b4ee-2c411f19bb99","local_time":"20190914223836","is_ascension_mode":true,"campfire_choices":[{"floor":7,"key":"REST"},{"floor":12,"key":"REST"},{"floor":15,"key":"REST"},{"floor":23,"key":"REST"}],"neow_cost":"CURSE","seed_source_timestamp":188236148458300,"circlet_count":0,"master_deck":["AscendersBane","Strike_R+1","Strike_R+1","Strike_R+1","Strike_R+1","Strike_R+1","Defend_R+1","Defend_R+1","Defend_R+1","Defend_R+1","Bash","Clothesline","Cleave","Shrug It Off","Metallicize","Warcry","Clothesline","Shrug It Off","Bludgeon","Flex","Offering","Thunderclap","Infernal Blade","Mayhem","Headbutt"],"relics":["Black Blood","Bottled Lightning","Lantern","Oddly Smooth Stone","Sundial","Meat on the Bone","Pantograph"],"potions_floor_usage":[10,11,16,16,18,24],"damage_taken":[{"damage":11,"enemies":"Small Slimes","floor":1,"turns":4},{"damage":12,"enemies":"Jaw Worm","floor":2,"turns":3},{"damage":10,"enemies":"Cultist","floor":4,"turns":4},{"damage":17,"enemies":"Looter","floor":5,"turns":3},{"damage":54,"enemies":"Lagavulin","floor":6,"turns":9},{"damage":1,"enemies":"Red Slaver","floor":10,"turns":2},{"damage":34,"enemies":"3 Sentries","floor":11,"turns":8},{"damage":7,"enemies":"Large Slime","floor":13,"turns":5},{"damage":30,"enemies":"Gremlin Nob","floor":14,"turns":4},{"damage":21,"enemies":"The Guardian","floor":16,"turns":10},{"damage":43,"enemies":"3 Byrds","floor":18,"turns":6},{"damage":38,"enemies":"Shell Parasite","floor":19,"turns":6},{"damage":48,"enemies":"Book of Stabbing","floor":24,"turns":6}],"seed_played":"-514806633069577717","potions_obtained":[{"floor":4,"key":"LiquidBronze"},{"floor":6,"key":"Fire Potion"},{"floor":10,"key":"Ancient Potion"},{"floor":13,"key":"Fire Potion"},{"floor":14,"key":"LiquidBronze"},{"floor":16,"key":"SkillPotion"},{"floor":19,"key":"Poison Potion"}],"is_trial":false,"path_per_floor":["M","M","?","M","M","E","R","?","T","M","E","R","M","E","R","B",null,"M","M","$","?","?","R","E"],"character_chosen":"IRONCLAD","items_purchased":["Meat on the Bone","Mayhem","Headbutt"],"campfire_rested":4,"item_purchase_floors":[20,20,20],"current_hp_per_floor":[83,77,70,66,55,7,35,35,35,40,12,40,39,15,43,28,79,46,18,18,18,18,46,0],"gold":11,"neow_bonus":"TWENTY_PERCENT_HP_BONUS","is_prod":false,"is_daily":false,"chose_seed":false,"campfire_upgraded":0,"win_rate":0,"timestamp":1568515116,"path_taken":["M","M","?","M","M","E","R","?","T","M","E","R","M","E","R","BOSS","M","M","$","?","?","R","E"],"build_version":"2019-07-17","purchased_purges":0,"victory":false,"max_hp_per_floor":[96,96,96,96,96,96,96,96,96,96,96,96,96,96,96,96,96,96,96,96,96,96,96,96],"card_choices":[{"not_picked":["Perfected Strike","Anger"],"picked":"Clothesline","floor":1},{"not_picked":["Armaments","Body Slam"],"picked":"Cleave","floor":2},{"not_picked":["Headbutt","Evolve"],"picked":"Shrug It Off","floor":4},{"not_picked":["Disarm","Sever Soul"],"picked":"Metallicize","floor":5},{"not_picked":["Second Wind","Headbutt"],"picked":"Warcry","floor":6},{"not_picked":["Evolve","Disarm"],"picked":"Clothesline","floor":10},{"not_picked":["Second Wind","Power Through"],"picked":"Shrug It Off","floor":11},{"not_picked":["Cleave","Body Slam"],"picked":"Bludgeon","floor":13},{"not_picked":["Pummel","Pommel Strike"],"picked":"Flex","floor":14},{"not_picked":["Brutality","Limit Break"],"picked":"Offering","floor":16},{"not_picked":["True Grit","Perfected Strike"],"picked":"Thunderclap","floor":18},{"not_picked":["Sword Boomerang+1","Wild Strike"],"picked":"Infernal Blade","floor":19}],"player_experience":616687,"relics_obtained":[{"floor":6,"key":"Bottled Lightning"},{"floor":9,"key":"Lantern"},{"floor":11,"key":"Oddly Smooth Stone"},{"floor":14,"key":"Sundial"},{"floor":22,"key":"Pantograph"}],"event_choices":[{"cards_removed":["Regret"],"damage_healed":0,"gold_gain":0,"player_choice":"Card Removal","damage_taken":7,"max_hp_gain":0,"max_hp_loss":0,"event_name":"Golden Wing","floor":3,"gold_loss":0},{"damage_healed":0,"gold_gain":0,"player_choice":"Bought 0 Potions","damage_taken":0,"max_hp_gain":0,"max_hp_loss":0,"event_name":"The Woman in Blue","floor":8,"gold_loss":0},{"damage_healed":0,"gold_gain":0,"player_choice":"Simplicity","damage_taken":0,"max_hp_gain":0,"max_hp_loss":0,"event_name":"Back to Basics","floor":21,"gold_loss":0,"cards_upgraded":["Strike_R","Strike_R","Strike_R","Strike_R","Strike_R","Defend_R","Defend_R","Defend_R","Defend_R"]},{"damage_healed":0,"gold_gain":0,"player_choice":"Relic","damage_taken":0,"max_hp_gain":0,"max_hp_loss":0,"event_name":"Wheel of Change","floor":22,"gold_loss":0}],"is_beta":false,"boss_relics":[{"not_picked":["Busted Crown","Mark of Pain"],"picked":"Black Blood"}],"items_purged_floors":[],"is_endless":false,"potions_floor_spawned":[4,6,10,13,14,16,19],"killed_by":"Book of Stabbing","ascension_level":11}