{"gold_per_floor":[109,39,49,49,66,66,98,45,45,45,55,89,100,100,100,202,202,188,198,43,43,58,84,13,13,13,32,32,45,45],"floor_reached":30,"playtime":1864,"items_purged":[],"score":351,"play_id":"8e41c06c-3af9-49fb-b6f8-161471f37a36","local_time":"20190907154733","is_ascension_mode":true,"campfire_choices":[{"data":"Envenom","floor":10,"key":"SMITH"},{"floor":15,"key":"REST"},{"floor":28,"key":"REST"}],"neow_cost":"NONE","seed_source_timestamp":80252050449300,"circlet_count":0,"master_deck":["Strike_G","Strike_G","Defend_G","Defend_G","Defend_G","Survivor","Neutralize","Footwork","Noxious Fumes","Dagger Throw+1","Flying Knee","Envenom+1","Dagger Throw+1","Cloak And Dagger","Adrenaline","Well Laid Plans","Bullet Time","Storm of Steel+1","Malaise+1","Acrobatics+1","Footwork","Corpse Explosion","Shame","Blur","Distraction","Noxious Fumes","Deep Breath","Backflip","Deadly Poison+1"],"relics":["Ring of the Snake","NeowsBlessing","Question Card","Orichalcum","Astrolabe","Oddly Smooth Stone","Art of War","Whetstone","Bottled Flame"],"potions_floor_usage":[7,16,27,30,30],"damage_taken":[{"damage":0,"enemies":"Jaw Worm","floor":1,"turns":1},{"damage":0,"enemies":"Cultist","floor":3,"turns":1},{"damage":0,"enemies":"2 Louse","floor":5,"turns":1},{"damage":12,"enemies":"3 Sentries","floor":7,"turns":8},{"damage":11,"enemies":"Exordium Thugs","floor":11,"turns":5},{"damage":8,"enemies":"Lagavulin","floor":12,"turns":6},{"damage":1,"enemies":"Large Slime","floor":13,"turns":4},{"damage":27,"enemies":"The Guardian","floor":16,"turns":9},{"damage":20,"enemies":"2 Thieves","floor":18,"turns":4},{"damage":15,"enemies":"Chosen","floor":19,"turns":6},{"damage":7,"enemies":"Snecko","floor":22,"turns":7},{"damage":14,"enemies":"Book of Stabbing","floor":23,"turns":6},{"damage":0,"enemies":"Centurion and Healer","floor":27,"turns":6},{"damage":4,"enemies":"Snake Plant","floor":29,"turns":6},{"damage":31,"enemies":"Gremlin Leader","floor":30,"turns":3}],"seed_played":"-2893806319633457982","potions_obtained":[{"floor":3,"key":"Regen Potion"},{"floor":13,"key":"Swift Potion"},{"floor":16,"key":"Ancient Potion"},{"floor":18,"key":"SteroidPotion"},{"floor":19,"key":"GhostInAJar"},{"floor":29,"key":"SpeedPotion"}],"is_trial":false,"path_per_floor":["M","$","M","?","M","?","E","$","T","R","M","E","M","?","R","B",null,"M","M","$","?","M","E","$","?","T","M","R","M","E"],"character_chosen":"THE_SILENT","items_purchased":["Noxious Fumes","Dagger Throw","Oddly Smooth Stone","Noxious Fumes"],"campfire_rested":2,"item_purchase_floors":[2,8,20,24],"current_hp_per_floor":[63,63,63,63,63,56,59,59,59,59,48,40,39,39,60,33,61,41,26,26,26,19,5,5,5,5,5,26,22,0],"gold":45,"neow_bonus":"THREE_ENEMY_KILL","is_prod":false,"is_daily":false,"chose_seed":false,"campfire_upgraded":1,"win_rate":0,"timestamp":1567885653,"path_taken":["M","$","M","?","?","?","E","$","T","R","M","E","M","?","R","BOSS","M","M","$","?","M","E","$","?","T","?","R","M","E"],"build_version":"2019-07-17","purchased_purges":0,"victory":false,"max_hp_per_floor":[70,70,70,70,70,70,70,70,70,70,70,70,70,70,70,70,70,70,70,70,70,70,70,70,70,70,70,70,70,70],"card_choices":[{"not_picked":["Quick Slash","Dagger Spray"],"picked":"Footwork","floor":1},{"not_picked":["Blur","Deadly Poison"],"picked":"Dagger Throw","floor":3},{"not_picked":["Dagger Spray","Deflect"],"picked":"Flying Knee","floor":5},{"not_picked":["Underhanded Strike","Flying Knee"],"picked":"Envenom","floor":7},{"not_picked":["Caltrops","Poisoned Stab","Quick Slash"],"picked":"Cloak And Dagger","floor":11},{"not_picked":["Blade Dance","Caltrops","Flying Knee"],"picked":"Adrenaline","floor":12},{"not_picked":["Riddle With Holes","Concentrate","Skewer"],"picked":"Well Laid Plans","floor":13},{"not_picked":["Corpse Explosion","Glass Knife","Die Die Die"],"picked":"Bullet Time","floor":16},{"not_picked":["Dodge and Roll+1","PiercingWail","Sucker Punch"],"picked":"Footwork","floor":18},{"not_picked":["Underhanded Strike+1","Escape Plan","Slice"],"picked":"Corpse Explosion","floor":19},{"not_picked":["Prepared","Deadly Poison","Eviscerate"],"picked":"Blur","floor":22},{"not_picked":["Dagger Spray","Expertise","Terror+1"],"picked":"Distraction","floor":23},{"not_picked":["Flying Knee+1","Riddle With Holes","Reflex"],"picked":"Backflip","floor":27},{"not_picked":["Well Laid Plans","Acrobatics","Quick Slash"],"picked":"Deadly Poison+1","floor":29}],"player_experience":493029,"relics_obtained":[{"floor":7,"key":"Question Card"},{"floor":12,"key":"Orichalcum"},{"floor":23,"key":"Whetstone"},{"floor":26,"key":"Bottled Flame"}],"event_choices":[{"cards_removed":["Defend_G"],"damage_healed":0,"gold_gain":0,"player_choice":"Offered Basic","damage_taken":0,"max_hp_gain":0,"max_hp_loss":0,"event_name":"Bonfire Elementals","floor":4,"gold_loss":0},{"cards_removed":["Strike_G"],"damage_healed":0,"gold_gain":0,"player_choice":"Card Removal","damage_taken":7,"max_hp_gain":0,"max_hp_loss":0,"event_name":"Golden Wing","floor":6,"gold_loss":0},{"damage_healed":0,"gold_gain":0,"player_choice":"Ignored","damage_taken":0,"max_hp_gain":0,"max_hp_loss":0,"event_name":"Upgrade Shrine","floor":14,"gold_loss":0},{"damage_healed":0,"gold_gain":0,"player_choice":"Stole Relic","damage_taken":0,"relics_obtained":["Art of War"],"max_hp_gain":0,"max_hp_loss":0,"event_name":"Addict","floor":21,"gold_loss":0,"cards_obtained":["Shame"]},{"damage_healed":0,"gold_gain":0,"player_choice":"1 cards matched","damage_taken":0,"max_hp_gain":0,"max_hp_loss":0,"event_name":"Match and Keep!","floor":25,"gold_loss":0,"cards_obtained":["Deep Breath"]}],"is_beta":false,"boss_relics":[{"not_picked":["Fusion Hammer","WristBlade"],"picked":"Astrolabe"}],"items_purged_floors":[],"is_endless":false,"potions_floor_spawned":[3,13,16,18,19,29],"killed_by":"Gremlin Leader","ascension_level":7}