{"gold_per_floor":[112,125,125,125,140,140,170,17,17,17,35,35,48,61,61,184,184,202,202,223,247,27,71,84,120,120,159,182,182,223,32,32,153,153,168,188,188,208,231,274,288,288,288,288,321,1,17,38,38,38],"floor_reached":50,"playtime":6597,"items_purged":[],"score":743,"play_id":"7ef47b34-21c9-4582-a52a-816ea0415d94","local_time":"20181226191748","is_ascension_mode":true,"campfire_choices":[{"data":"Infinite Blades","floor":6,"key":"SMITH"},{"data":"Dagger Throw","floor":10,"key":"SMITH"},{"data":"Dagger Throw","floor":15,"key":"SMITH"},{"data":"Glass Knife","floor":29,"key":"SMITH"},{"data":"Apotheosis","floor":32,"key":"SMITH"},{"floor":44,"key":"RECALL"},{"data":"Acrobatics","floor":49,"key":"SMITH"}],"neow_cost":"NONE","seed_source_timestamp":521218649851497,"circlet_count":0,"master_deck":["Defend_G","Defend_G","Defend_G","Defend_G","Defend_G","Strike_G","Strike_G","Strike_G","Survivor","Neutralize","Infinite Blades+1","Dagger Throw+1","Dodge and Roll","Dagger Throw+1","Poisoned Stab","Dagger Throw","Well Laid Plans","Footwork+1","Venomology","Backstab","Infinite Blades+1","Prepared+1","Dagger Spray","Adrenaline","Flying Knee+1","PiercingWail","Flying Knee","Glass Knife+1","Doppelganger","Apotheosis+1","Bullet Time","Backflip+1","Dagger Throw+1","Accuracy+1","Choke+1","Poisoned Stab+1","Blade Dance+1","Skewer+1","Cloak And Dagger+1","Terror+1","Expertise","Cloak And Dagger+1","Acrobatics","Infinite Blades+1","Cloak And Dagger","Secret Technique","Reflex+1","Blade Dance","Dagger Throw","Acrobatics+1"],"relics":["Ring of the Snake","Kunai","Meat on the Bone","Lantern","Golden Idol","Coffee Dripper","Bronze Scales","Turnip","Pen Nib","Prayer Wheel","Mummified Hand","Omamori","WristBlade","Thread and Needle","Frozen Egg 2","Potion Belt"],"potions_floor_usage":[7,16,18,20,21,23,24,24,24,25,27,27,27,28,30,33,33,36,39,39,39,39,39,39,41,47,47,50],"damage_taken":[{"damage":0,"enemies":"2 Louse","floor":1,"turns":4},{"damage":0,"enemies":"Small Slimes","floor":2,"turns":4},{"damage":0,"enemies":"Jaw Worm","floor":5,"turns":4},{"damage":6,"enemies":"Gremlin Nob","floor":7,"turns":5},{"damage":2,"enemies":"Gremlin Gang","floor":11,"turns":5},{"damage":2,"enemies":"Exordium Thugs","floor":13,"turns":4},{"damage":2,"enemies":"Looter","floor":14,"turns":3},{"damage":3,"enemies":"Slime Boss","floor":16,"turns":8},{"damage":6,"enemies":"2 Thieves","floor":18,"turns":3},{"damage":0,"enemies":"Chosen","floor":20,"turns":4},{"damage":0,"enemies":"Snecko","floor":21,"turns":4},{"damage":8,"enemies":"Gremlin Leader","floor":23,"turns":7},{"damage":0,"enemies":"3 Cultists","floor":24,"turns":4},{"damage":13,"enemies":"Slavers","floor":25,"turns":6},{"damage":0,"enemies":"Gremlin Leader","floor":27,"turns":6},{"damage":0,"enemies":"Snake Plant","floor":28,"turns":4},{"damage":5,"enemies":"Slavers","floor":30,"turns":4},{"damage":39,"enemies":"Champ","floor":33,"turns":8},{"damage":6,"enemies":"Orb Walker","floor":35,"turns":3},{"damage":0,"enemies":"3 Darklings","floor":36,"turns":3},{"damage":15,"enemies":"Sphere and 2 Shapes","floor":38,"turns":4},{"damage":1,"enemies":"4 Shapes","floor":39,"turns":5},{"damage":7,"enemies":"Giant Head","floor":40,"turns":6},{"damage":0,"enemies":"Transient","floor":41,"turns":5},{"damage":0,"enemies":"Nemesis","floor":45,"turns":3},{"damage":4,"enemies":"Writhing Mass","floor":47,"turns":2},{"damage":0,"enemies":"Maw","floor":48,"turns":4},{"damage":36,"enemies":"Time Eater","floor":50,"turns":2}],"seed_played":"7020488613610263404","potions_obtained":[{"floor":1,"key":"GhostInAJar"},{"floor":13,"key":"PowerPotion"},{"floor":16,"key":"SteroidPotion"},{"floor":18,"key":"Poison Potion"},{"floor":23,"key":"GhostInAJar"},{"floor":24,"key":"PowerPotion"},{"floor":27,"key":"Fire Potion"},{"floor":28,"key":"FearPotion"},{"floor":33,"key":"GhostInAJar"},{"floor":35,"key":"Energy Potion"},{"floor":40,"key":"Poison Potion"},{"floor":48,"key":"LiquidBronze"}],"is_trial":false,"path_per_floor":["M","M","?","?","M","R","E","$","T","R","M","?","M","M","R","B",null,"M","?","M","M","$","E","M","E","T","E","M","R","E","$","R","B",null,"M","M","?","M","M","E","M","?","T","R","E","$","M","M","R","B"],"character_chosen":"THE_SILENT","items_purchased":["Lantern","Bronze Scales","Regen Potion","Apotheosis","Infinite Blades+1","Cloak And Dagger","Secret Technique","Explosive Potion"],"campfire_rested":0,"item_purchase_floors":[8,22,22,31,46,46,46,46],"current_hp_per_floor":[70,70,63,51,51,51,45,45,45,45,43,43,41,39,39,36,65,59,59,59,59,59,51,63,50,50,50,50,50,45,45,45,18,65,59,59,59,44,43,36,36,36,36,36,36,36,32,32,32,0],"gold":38,"neow_bonus":"THREE_CARDS","is_prod":false,"is_daily":false,"chose_seed":false,"campfire_upgraded":6,"win_rate":0,"timestamp":1545869868,"path_taken":["M","M","?","?","M","R","E","$","T","R","M","?","M","M","R","BOSS","M","?","M","M","$","E","M","E","T","E","?","R","E","$","R","BOSS","M","M","?","M","M","E","M","?","T","R","E","$","M","M","R","BOSS"],"build_version":"2018-12-20","purchased_purges":0,"victory":false,"max_hp_per_floor":[70,70,70,70,70,70,70,70,70,70,70,65,65,65,65,65,65,65,65,65,65,65,65,65,65,65,65,65,65,65,65,65,65,65,65,65,65,65,65,65,65,62,62,62,62,62,62,62,62,62],"card_choices":[{"not_picked":["Blade Dance","Acrobatics"],"picked":"Infinite Blades","floor":0},{"not_picked":["Tactician","Outmaneuver"],"picked":"Dagger Throw","floor":1},{"not_picked":["Acrobatics","Bane"],"picked":"Dodge and Roll","floor":2},{"not_picked":["Prepared","Quick Slash"],"picked":"Dagger Throw","floor":5},{"not_picked":["Calculated Gamble","Bane"],"picked":"Poisoned Stab","floor":7},{"not_picked":["Masterful Stab","Acrobatics"],"picked":"Dagger Throw","floor":11},{"not_picked":["Infinite Blades","Distraction"],"picked":"Well Laid Plans","floor":13},{"not_picked":["After Image","Prepared"],"picked":"Footwork","floor":14},{"not_picked":["Wraith Form v2","Tools of the Trade"],"picked":"Venomology","floor":16},{"not_picked":["Quick Slash","Concentrate"],"picked":"Backstab","floor":18},{"not_picked":["Prepared+1","Reflex+1"],"picked":"Infinite Blades+1","floor":20},{"not_picked":["Slice+1","Cloak And Dagger+1"],"picked":"Prepared+1","floor":21},{"not_picked":["Blade Dance","Quick Slash"],"picked":"Dagger Spray","floor":23},{"not_picked":["Backflip","Setup+1"],"picked":"Adrenaline","floor":24},{"not_picked":["Eviscerate","Poisoned Stab"],"picked":"Flying Knee+1","floor":25},{"not_picked":["Predator","Glass Knife"],"picked":"PiercingWail","floor":27},{"not_picked":["Deadly Poison","Endless Agony"],"picked":"Flying Knee","floor":28},{"not_picked":["Sucker Punch","Acrobatics"],"picked":"Glass Knife","floor":28},{"not_picked":["Poisoned Stab","Dagger Spray"],"picked":"Doppelganger","floor":30},{"not_picked":["Grand Finale","Wraith Form v2"],"picked":"Bullet Time","floor":33},{"not_picked":["Dash","Deflect+1"],"picked":"Backflip+1","floor":35},{"not_picked":["Terror+1","Prepared"],"picked":"Dagger Throw+1","floor":35},{"not_picked":["Endless Agony","Predator"],"picked":"Accuracy+1","floor":36},{"not_picked":["Poisoned Stab","Sucker Punch+1"],"picked":"Choke+1","floor":36},{"not_picked":["Endless Agony+1","Flechettes"],"picked":"Poisoned Stab+1","floor":38},{"not_picked":["Flying Knee+1","Slice"],"picked":"Blade Dance+1","floor":38},{"not_picked":["Predator+1","PiercingWail+1"],"picked":"Skewer+1","floor":39},{"not_picked":["Prepared+1","Outmaneuver"],"picked":"Cloak And Dagger+1","floor":39},{"not_picked":["Well Laid Plans","Leg Sweep"],"picked":"Terror+1","floor":40},{"not_picked":["Quick Slash","Deflect+1"],"picked":"Expertise","floor":41},{"not_picked":["Quick Slash","Deadly Poison+1"],"picked":"Cloak And Dagger+1","floor":41},{"not_picked":["Corpse Explosion","Deflect"],"picked":"Acrobatics","floor":45},{"not_picked":["Dagger Throw","Dash+1"],"picked":"Reflex+1","floor":47},{"not_picked":["Reflex","Quick Slash+1"],"picked":"Blade Dance","floor":47},{"not_picked":["Flying Knee","Bane+1"],"picked":"Dagger Throw","floor":48},{"not_picked":["Prepared","Deadly Poison"],"picked":"Acrobatics","floor":48}],"player_experience":171802,"relics_obtained":[{"floor":7,"key":"Meat on the Bone"},{"floor":23,"key":"Turnip"},{"floor":25,"key":"Pen Nib"},{"floor":26,"key":"Prayer Wheel"},{"floor":27,"key":"Mummified Hand"},{"floor":30,"key":"Omamori"},{"floor":40,"key":"Thread and Needle"},{"floor":43,"key":"Frozen Egg 2"},{"floor":45,"key":"Potion Belt"}],"event_choices":[{"cards_removed":["Strike_G"],"damage_healed":0,"gold_gain":0,"player_choice":"Card Removal","damage_taken":7,"max_hp_gain":0,"max_hp_loss":0,"event_name":"Golden Wing","floor":3,"gold_loss":0},{"damage_healed":0,"gold_gain":0,"player_choice":"Success","damage_taken":12,"relics_obtained":["Kunai"],"max_hp_gain":0,"max_hp_loss":0,"event_name":"Scrap Ooze","floor":4,"gold_loss":0},{"damage_healed":0,"gold_gain":0,"player_choice":"Lose Max HP","damage_taken":0,"relics_obtained":["Golden Idol"],"max_hp_gain":0,"max_hp_loss":5,"event_name":"Golden Idol","floor":12,"gold_loss":0},{"damage_healed":0,"gold_gain":0,"player_choice":"Upgraded","damage_taken":0,"max_hp_gain":0,"max_hp_loss":0,"event_name":"Upgrade Shrine","floor":19,"gold_loss":0,"cards_upgraded":["Footwork"]},{"cards_removed":["Strike_G"],"damage_healed":0,"gold_gain":0,"player_choice":"Removed Attack","damage_taken":0,"max_hp_gain":0,"max_hp_loss":0,"event_name":"Falling","floor":37,"gold_loss":0},{"damage_healed":0,"gold_gain":0,"player_choice":"Max HP","damage_taken":0,"max_hp_gain":0,"max_hp_loss":3,"event_name":"Winding Halls","floor":42,"gold_loss":0}],"is_beta":false,"boss_relics":[{"not_picked":["White Beast Statue","Fusion Hammer"],"picked":"Coffee Dripper"},{"not_picked":["Pandora\u0027s Box","Ring of the Serpent"],"picked":"WristBlade"}],"items_purged_floors":[],"is_endless":false,"potions_floor_spawned":[1,13,16,18,23,24,27,28,33,35,38,40,48],"killed_by":"Time Eater","ascension_level":1}