{"gold_per_floor":[119,294,308,318,16,16,43,55,91,103,144,168,190,277,289,397,409,434,456,482,13,13,42,42,42],"floor_reached":25,"playtime":2945,"items_purged":["Doubt","Strike_B"],"score":221,"play_id":"62db1d37-ed72-468e-b5ff-c27827b71ea5","local_time":"20181222131303","is_ascension_mode":false,"campfire_choices":[{"data":"Loop","floor":6,"key":"SMITH"},{"data":"Steam","floor":8,"key":"SMITH"},{"data":"Dualcast","floor":15,"key":"SMITH"},{"floor":24,"key":"REST"}],"neow_cost":"NONE","seed_source_timestamp":157365806132115,"circlet_count":0,"master_deck":["Strike_B","Strike_B","Strike_B","Defend_B","Defend_B","Defend_B","Defend_B","Zap","Dualcast+1","Steam+1","Glacier","Ball Lightning","Loop+1","All For One","Beam Cell","Cold Snap","Thunder Strike","Redo","Gash+1","Genetic Algorithm","Violence","All For One","Hello World","Discovery","RitualDagger","Double Energy+1"],"relics":["Cracked Core","Boot","MawBank","Smiling Mask","Bag of Preparation","Black Star","Vajra","Orichalcum"],"potions_floor_usage":[10,16,16,18],"damage_taken":[{"damage":0,"enemies":"Small Slimes","floor":1,"turns":3},{"damage":0,"enemies":"Jaw Worm","floor":3,"turns":5},{"damage":0,"enemies":"2 Louse","floor":4,"turns":3},{"damage":28,"enemies":"Gremlin Nob","floor":11,"turns":6},{"damage":0,"enemies":"Red Slaver","floor":12,"turns":3},{"damage":2,"enemies":"3 Louse","floor":13,"turns":3},{"damage":31,"enemies":"The Guardian","floor":16,"turns":11},{"damage":3,"enemies":"Shell Parasite","floor":18,"turns":7},{"damage":3,"enemies":"Spheric Guardian","floor":19,"turns":4},{"damage":38,"enemies":"3 Cultists","floor":20,"turns":6},{"damage":28,"enemies":"Gremlin Leader","floor":23,"turns":6},{"damage":35,"enemies":"Slavers","floor":25,"turns":3}],"seed_played":"-7011599970198427842","potions_obtained":[{"floor":3,"key":"Block Potion"},{"floor":4,"key":"Weak Potion"},{"floor":10,"key":"Fruit Juice"},{"floor":10,"key":"Dexterity Potion"}],"is_trial":false,"path_per_floor":["M","?","M","M","$","R","T","R","T","?","E","M","M","?","R","B",null,"M","M","M","$","?","E","R","E"],"character_chosen":"DEFECT","items_purchased":["Boot","Loop","Violence","All For One","Hello World","Discovery"],"campfire_rested":1,"item_purchase_floors":[5,5,21,21,21,21],"current_hp_per_floor":[82,82,82,82,82,82,82,82,82,87,59,59,57,46,46,15,87,84,81,43,43,37,9,35,0],"gold":42,"neow_bonus":"TEN_PERCENT_HP_BONUS","is_prod":false,"is_daily":false,"chose_seed":false,"campfire_upgraded":3,"win_rate":0.0,"timestamp":1545502383,"path_taken":["M","?","M","M","$","R","?","R","T","?","E","?","M","?","R","BOSS","M","M","M","$","?","E","R","E"],"build_version":"2018-12-20","purchased_purges":2,"victory":false,"max_hp_per_floor":[82,82,82,82,82,82,82,82,82,87,87,87,87,87,87,87,87,87,87,87,87,87,87,87,87],"card_choices":[{"not_picked":["Streamline","Steam Power"],"picked":"Steam","floor":1},{"not_picked":["Steam Power","Go for the Eyes"],"picked":"Glacier","floor":3},{"not_picked":["Chaos","Gash"],"picked":"Ball Lightning","floor":4},{"not_picked":["Ball Lightning","Gash"],"picked":"All For One","floor":11},{"not_picked":["Barrage","Seek"],"picked":"Beam Cell","floor":12},{"not_picked":["Darkness","Conserve Battery"],"picked":"Cold Snap","floor":13},{"not_picked":["Amplify","Reboot"],"picked":"Thunder Strike","floor":16},{"not_picked":["Reinforced Body","Coolheaded"],"picked":"Redo","floor":18},{"not_picked":["Hologram","Compile Driver"],"picked":"Gash+1","floor":19},{"not_picked":["Scrape","Go for the Eyes+1"],"picked":"Genetic Algorithm","floor":20},{"not_picked":["Leap","Streamline"],"picked":"Double Energy+1","floor":23}],"player_experience":48247,"relics_obtained":[{"floor":7,"key":"MawBank"},{"floor":9,"key":"Smiling Mask"},{"floor":11,"key":"Bag of Preparation"},{"floor":23,"key":"Vajra"},{"floor":23,"key":"Orichalcum"}],"event_choices":[{"damage_healed":0,"gold_gain":175,"player_choice":"AGREE","damage_taken":0,"max_hp_gain":0,"max_hp_loss":0,"event_name":"Liars Game","floor":2,"gold_loss":0,"cards_obtained":["Doubt"]},{"damage_healed":0,"gold_gain":0,"player_choice":"Got Potions","damage_taken":0,"max_hp_gain":0,"max_hp_loss":0,"event_name":"Lab","floor":10,"gold_loss":0},{"damage_healed":0,"gold_gain":75,"player_choice":"Gather Gold","damage_taken":11,"max_hp_gain":0,"max_hp_loss":0,"event_name":"World of Goop","floor":14,"gold_loss":0},{"damage_healed":0,"gold_gain":0,"player_choice":"Joined the Cult","damage_taken":6,"max_hp_gain":0,"max_hp_loss":0,"event_name":"Nest","floor":22,"gold_loss":0,"cards_obtained":["RitualDagger"]}],"is_beta":false,"boss_relics":[{"not_picked":["Tiny House","Philosopher\u0027s Stone"],"picked":"Black Star"}],"items_purged_floors":[5,21],"is_endless":false,"potions_floor_spawned":[3,4],"killed_by":"Slavers","ascension_level":0}