{"gold_per_floor":[112,112,112,112,112,112,125,155,155,173,190,190,190,215,215,311,311,322,332,351,351,351,386,386,412,412,114,128,128,128,128],"floor_reached":31,"playtime":1792,"items_purged":["Defend_G"],"score":488,"play_id":"dbf96c2f-1435-4b62-a496-8d611e41be47","local_time":"20190920224600","is_ascension_mode":true,"campfire_choices":[{"data":"Neutralize","floor":6,"key":"SMITH"},{"data":"Blade Dance","floor":13,"key":"SMITH"},{"data":"Cloak And Dagger","floor":15,"key":"SMITH"},{"floor":24,"key":"REST"},{"floor":29,"key":"REST"}],"neow_cost":"NONE","seed_source_timestamp":123986235952200,"circlet_count":0,"master_deck":["Defend_G","Defend_G","Defend_G","Survivor","Neutralize+1","Endless Agony","Choke+1","Prepared","Masterful Stab","Cloak And Dagger+1","Cloak And Dagger","Prepared","Caltrops","Blade Dance+1","Masterful Stab","Neutralize","Corpse Explosion","After Image","Night Terror","Catalyst+1","Underhanded Strike","Bite","Bite","Bite","Bite","Bite","Escape Plan","Finisher","Well Laid Plans","Underhanded Strike+1","Writhe"],"relics":["Orrery","Bronze Scales","Shuriken","theSenshi:SailorFukuRelic","Black Star","PreservedInsect","Lantern","Ancient Tea Set","The Specimen","Boot","Blood Vial","Letter Opener"],"potions_floor_usage":[19,25,28,31],"damage_taken":[{"damage":4,"enemies":"Small Slimes","floor":1,"turns":3},{"damage":1,"enemies":"Cultist","floor":7,"turns":3},{"damage":24,"enemies":"Gremlin Nob","floor":8,"turns":5},{"damage":0,"enemies":"2 Louse","floor":10,"turns":2},{"damage":0,"enemies":"Blue Slaver","floor":11,"turns":3},{"damage":9,"enemies":"3 Sentries","floor":14,"turns":3},{"damage":0,"enemies":"Slime Boss","floor":16,"turns":7},{"damage":15,"enemies":"Shell Parasite","floor":18,"turns":3},{"damage":12,"enemies":"2 Thieves","floor":19,"turns":3},{"damage":14,"enemies":"Snake Plant","floor":20,"turns":3},{"damage":36,"enemies":"Gremlin Leader","floor":23,"turns":6},{"damage":19,"enemies":"Book of Stabbing","floor":25,"turns":4},{"damage":9,"enemies":"Cultist and Chosen","floor":28,"turns":2},{"damage":25,"enemies":"Gremlin Leader","floor":31,"turns":2}],"seed_played":"-5894687855232551403","potions_obtained":[{"floor":1,"key":"Strength Potion"},{"floor":7,"key":"Dexterity Potion"},{"floor":18,"key":"Block Potion"},{"floor":25,"key":"Energy Potion"}],"is_trial":false,"path_per_floor":["M","?","?","?","?","R","M","E","T","M","M","?","R","E","R","B",null,"M","M","M","?","?","E","R","E","T","$","M","R","?","E"],"character_chosen":"THE_SILENT","items_purchased":["Blood Vial","Well Laid Plans"],"campfire_rested":2,"item_purchase_floors":[27,27],"current_hp_per_floor":[59,59,52,57,57,57,56,32,32,32,32,32,32,23,23,23,62,47,35,21,21,38,8,23,8,8,8,3,18,18,0],"gold":128,"neow_bonus":"BOSS_RELIC","is_prod":false,"is_daily":false,"chose_seed":false,"campfire_upgraded":3,"win_rate":0,"timestamp":1569015960,"path_taken":["M","?","?","?","?","R","?","E","T","M","M","?","R","E","R","BOSS","M","M","?","?","?","E","R","E","T","$","M","R","?","E"],"build_version":"2019-07-17","purchased_purges":1,"victory":false,"max_hp_per_floor":[70,70,70,75,75,75,75,75,75,75,75,75,75,75,75,75,75,75,75,75,52,52,52,52,52,52,52,52,52,52,52],"card_choices":[{"not_picked":["Outmaneuver","Dodge and Roll"],"picked":"Endless Agony","floor":0},{"not_picked":["PiercingWail","Venomology"],"picked":"Choke","floor":0},{"not_picked":["Poisoned Stab","Accuracy"],"picked":"Prepared","floor":0},{"not_picked":["Dagger Spray","Acrobatics"],"picked":"Masterful Stab","floor":0},{"not_picked":["Predator","Bane"],"picked":"Cloak And Dagger","floor":0},{"not_picked":["PiercingWail","Calculated Gamble"],"picked":"Cloak And Dagger","floor":1},{"not_picked":["Leg Sweep","Reflex"],"picked":"Prepared","floor":7},{"not_picked":["Sucker Punch","Skewer"],"picked":"Caltrops","floor":8},{"not_picked":["Dagger Spray","Leg Sweep"],"picked":"Blade Dance","floor":10},{"not_picked":["Catalyst","Sucker Punch"],"picked":"Masterful Stab","floor":11},{"not_picked":["Footwork","Backflip"],"picked":"After Image","floor":14},{"not_picked":["Phantasmal Killer","Grand Finale"],"picked":"Night Terror","floor":16},{"not_picked":["Cloak And Dagger","Dagger Throw"],"picked":"Catalyst+1","floor":18},{"not_picked":["Cloak And Dagger","Tactician"],"picked":"Underhanded Strike","floor":19},{"not_picked":["Sucker Punch","Acrobatics","Outmaneuver"],"picked":"SKIP","floor":20},{"not_picked":["Deflect","Poisoned Stab"],"picked":"Escape Plan","floor":23},{"not_picked":["All Out Attack","Backflip"],"picked":"Finisher","floor":25},{"not_picked":["Deadly Poison","Riddle With Holes+1"],"picked":"Underhanded Strike+1","floor":28}],"player_experience":360020,"relics_obtained":[{"floor":8,"key":"Bronze Scales"},{"floor":9,"key":"Shuriken"},{"floor":14,"key":"theSenshi:SailorFukuRelic"},{"floor":23,"key":"PreservedInsect"},{"floor":23,"key":"Lantern"},{"floor":25,"key":"Ancient Tea Set"},{"floor":25,"key":"The Specimen"},{"floor":26,"key":"Boot"}],"event_choices":[{"cards_removed":["Strike_G"],"damage_healed":0,"gold_gain":0,"player_choice":"Forget","damage_taken":0,"max_hp_gain":0,"max_hp_loss":0,"event_name":"Living Wall","floor":2,"gold_loss":0},{"cards_removed":["Defend_G"],"damage_healed":0,"gold_gain":0,"player_choice":"Card Removal","damage_taken":7,"max_hp_gain":0,"max_hp_loss":0,"event_name":"Golden Wing","floor":3,"gold_loss":0},{"damage_healed":0,"gold_gain":0,"player_choice":"Donut","damage_taken":0,"max_hp_gain":5,"max_hp_loss":0,"event_name":"Big Fish","floor":4,"gold_loss":0},{"damage_healed":0,"gold_gain":0,"player_choice":"Upgraded","damage_taken":0,"max_hp_gain":0,"max_hp_loss":0,"event_name":"Upgrade Shrine","floor":5,"gold_loss":0,"cards_upgraded":["Choke"]},{"damage_healed":0,"gold_gain":0,"player_choice":"2 cards matched","damage_taken":0,"max_hp_gain":0,"max_hp_loss":0,"event_name":"Match and Keep!","floor":12,"gold_loss":0,"cards_obtained":["Neutralize","Corpse Explosion"]},{"damage_healed":0,"gold_gain":0,"player_choice":"Became a vampire","damage_taken":0,"max_hp_gain":0,"max_hp_loss":23,"event_name":"Vampires","floor":21,"gold_loss":0,"cards_obtained":["Bite","Bite","Bite","Bite","Bite"]},{"damage_healed":17,"gold_gain":0,"player_choice":"Heal","damage_taken":0,"max_hp_gain":0,"max_hp_loss":0,"event_name":"The Library","floor":22,"gold_loss":0},{"damage_healed":0,"gold_gain":0,"player_choice":"Opened","damage_taken":0,"relics_obtained":["Letter Opener"],"max_hp_gain":0,"max_hp_loss":0,"event_name":"The Mausoleum","floor":30,"gold_loss":0,"cards_obtained":["Writhe"]}],"is_beta":false,"boss_relics":[{"not_picked":["Cursed Key","Tiny House"],"picked":"Black Star"}],"items_purged_floors":[27],"is_endless":false,"potions_floor_spawned":[1,7,18,25],"killed_by":"Gremlin Leader","ascension_level":6}