{"gold_per_floor":[114,132,144,70,81,408,424,424,424,484,10,47,82,142,142,142],"floor_reached":16,"playtime":2085,"items_purged":[],"score":151,"play_id":"6126611c-755f-49f7-ae2a-cae6ebf0a383","local_time":"20190212174418","is_ascension_mode":true,"campfire_choices":[{"floor":8,"key":"REST"},{"floor":15,"key":"REST"}],"neow_cost":"NONE","seed_source_timestamp":91478427671138,"circlet_count":0,"master_deck":["Defend_G","Defend_G","Defend_G","Defend_G","Defend_G","Strike_G","Strike_G","Strike_G","Strike_G","Strike_G","Survivor","Neutralize","Dodge and Roll","Quick Slash","Dagger Throw","Leg Sweep","Backflip","Deflect","Dash","A Thousand Cuts","HandOfGreed","PiercingWail","Crippling Poison","Die Die Die"],"relics":["Eternal Feather","Old Coin","Pen Nib","Bag of Marbles","Bronze Scales","Frozen Egg 2"],"potions_floor_usage":[10,13,13],"damage_taken":[{"damage":0,"enemies":"Small Slimes","floor":1,"turns":5},{"damage":0,"enemies":"Jaw Worm","floor":2,"turns":5},{"damage":8,"enemies":"2 Louse","floor":3,"turns":4},{"damage":0,"enemies":"Blue Slaver","floor":5,"turns":5},{"damage":50,"enemies":"3 Sentries","floor":6,"turns":19},{"damage":0,"enemies":"3 Louse","floor":7,"turns":6},{"damage":10,"enemies":"3 Sentries","floor":10,"turns":13},{"damage":10,"enemies":"2 Fungi Beasts","floor":12,"turns":3},{"damage":13,"enemies":"Lagavulin","floor":13,"turns":7},{"damage":49,"enemies":"Slime Boss","floor":16,"turns":14}],"seed_played":"-2249436655988060819","potions_obtained":[{"floor":7,"key":"Energy Potion"},{"floor":10,"key":"SteroidPotion"},{"floor":12,"key":"AttackPotion"}],"is_trial":false,"path_per_floor":["M","M","M","$","M","E","M","R","T","?","$","M","E","?","R","B"],"character_chosen":"THE_SILENT","items_purchased":["Leg Sweep","Bronze Scales","FairyPotion","HandOfGreed","PiercingWail"],"campfire_rested":2,"item_purchase_floors":[4,11,11,11,11],"current_hp_per_floor":[63,63,55,55,55,5,5,35,35,25,25,15,2,2,35,0],"gold":142,"neow_bonus":"BOSS_RELIC","is_prod":false,"is_daily":false,"chose_seed":false,"campfire_upgraded":0,"win_rate":0,"timestamp":1550011458,"path_taken":["M","M","M","$","M","E","M","R","T","?","$","M","E","?","R","BOSS"],"build_version":"2019-01-23","purchased_purges":0,"victory":false,"max_hp_per_floor":[70,70,70,70,70,70,70,70,70,70,70,70,70,70,70,70],"card_choices":[{"not_picked":["Acrobatics","Dagger Spray"],"picked":"Dodge and Roll","floor":1},{"not_picked":["Prepared","Dagger Spray"],"picked":"Quick Slash","floor":2},{"not_picked":["Concentrate","Riddle With Holes"],"picked":"Dagger Throw","floor":3},{"not_picked":["Prepared","Choke"],"picked":"Backflip","floor":5},{"not_picked":["Deadly Poison","Underhanded Strike"],"picked":"Deflect","floor":6},{"not_picked":["Terror","Deadly Poison"],"picked":"Dash","floor":7},{"not_picked":["Sucker Punch","Quick Slash"],"picked":"A Thousand Cuts","floor":10},{"not_picked":["Prepared","Deflect"],"picked":"Crippling Poison","floor":12},{"not_picked":["Dagger Spray","Dagger Throw"],"picked":"Die Die Die","floor":13}],"player_experience":464195,"relics_obtained":[{"floor":6,"key":"Old Coin"},{"floor":9,"key":"Pen Nib"},{"floor":13,"key":"Frozen Egg 2"}],"event_choices":[{"damage_healed":0,"gold_gain":0,"player_choice":"Searched \u00272\u0027 times","damage_taken":0,"relics_obtained":["Bag of Marbles"],"max_hp_gain":0,"max_hp_loss":0,"event_name":"Dead Adventurer","floor":10,"gold_loss":0},{"damage_healed":0,"gold_gain":60,"player_choice":"Gained Gold","damage_taken":0,"max_hp_gain":0,"max_hp_loss":0,"event_name":"Golden Wing","floor":14,"gold_loss":0}],"is_beta":false,"boss_relics":[],"items_purged_floors":[],"is_endless":false,"potions_floor_spawned":[7,10,12],"killed_by":"Slime Boss","ascension_level":7}