{"gold_per_floor":[109,109,169,180,31,59,59,134,160,177,196,209,242,18,18,113,113,125,125,125,125,138,138],"floor_reached":23,"playtime":1125,"items_purged":[],"score":269,"play_id":"1467607f-1458-47fc-8705-cfda7d97dd5c","local_time":"20190907160727","is_ascension_mode":true,"campfire_choices":[{"floor":7,"key":"REST"},{"data":"Noxious Fumes","floor":15,"key":"SMITH"}],"neow_cost":"NONE","seed_source_timestamp":82185883564200,"circlet_count":0,"master_deck":["Strike_G","Strike_G","Strike_G","Strike_G","Strike_G","Defend_G","Defend_G","Defend_G","Defend_G","Defend_G","Survivor","Neutralize","Choke","Prepared","Sucker Punch","Footwork","Dagger Spray","PiercingWail","Underhanded Strike","Noxious Fumes+1","Envenom","Noxious Fumes","RitualDagger","Backflip+1"],"relics":["White Beast Statue","Potion Belt","Lantern","Meat on the Bone","Peace Pipe","Vajra","HoveringKite"],"potions_floor_usage":[6,10,13,13,13,16,23,23],"damage_taken":[{"damage":8,"enemies":"Cultist","floor":1,"turns":4},{"damage":3,"enemies":"Small Slimes","floor":4,"turns":5},{"damage":36,"enemies":"Gremlin Nob","floor":6,"turns":5},{"damage":0,"enemies":"2 Louse","floor":10,"turns":2},{"damage":2,"enemies":"Blue Slaver","floor":11,"turns":6},{"damage":0,"enemies":"Large Slime","floor":12,"turns":6},{"damage":5,"enemies":"3 Sentries","floor":13,"turns":11},{"damage":16,"enemies":"Hexaghost","floor":16,"turns":11},{"damage":15,"enemies":"Chosen","floor":18,"turns":6},{"damage":30,"enemies":"3 Byrds","floor":22,"turns":5},{"damage":37,"enemies":"Book of Stabbing","floor":23,"turns":7}],"seed_played":"1761747094515234959","potions_obtained":[{"floor":1,"key":"LiquidBronze"},{"floor":4,"key":"Explosive Potion"},{"floor":6,"key":"Swift Potion"},{"floor":10,"key":"SteroidPotion"},{"floor":11,"key":"FearPotion"},{"floor":12,"key":"EssenceOfSteel"},{"floor":13,"key":"PowerPotion"},{"floor":16,"key":"Energy Potion"},{"floor":18,"key":"GhostInAJar"},{"floor":22,"key":"GhostInAJar"}],"is_trial":false,"path_per_floor":["M","?","?","M","$","E","R","?","T","M","M","M","E","$","R","B",null,"M","?","?","?","M","E"],"character_chosen":"THE_SILENT","items_purchased":["Lantern","Vajra","Noxious Fumes"],"campfire_rested":1,"item_purchase_floors":[5,14,14],"current_hp_per_floor":[55,43,43,40,40,4,25,14,14,26,36,36,43,43,43,39,62,47,34,28,53,35,0],"gold":138,"neow_bonus":"BOSS_RELIC","is_prod":false,"is_daily":false,"chose_seed":false,"campfire_upgraded":1,"win_rate":0,"timestamp":1567886847,"path_taken":["M","?","?","M","$","E","R","?","T","M","M","M","E","$","R","BOSS","M","?","?","?","M","E"],"build_version":"2019-07-17","purchased_purges":0,"victory":false,"max_hp_per_floor":[70,70,70,70,70,70,70,70,70,70,70,70,70,70,70,70,70,70,75,75,75,75,75],"card_choices":[{"not_picked":["Deadly Poison","Dagger Spray"],"picked":"Choke","floor":1},{"not_picked":["Catalyst","Concentrate"],"picked":"Prepared","floor":4},{"not_picked":["Skewer","Poisoned Stab"],"picked":"Sucker Punch","floor":6},{"not_picked":["Flying Knee","Dagger Spray"],"picked":"Footwork","floor":10},{"not_picked":["Bane","Finisher"],"picked":"Dagger Spray","floor":11},{"not_picked":["All Out Attack","Outmaneuver"],"picked":"PiercingWail","floor":12},{"not_picked":["Doppelganger","Concentrate"],"picked":"Underhanded Strike","floor":13},{"not_picked":["Wraith Form v2","Glass Knife"],"picked":"Envenom","floor":16},{"not_picked":["Escape Plan+1","Quick Slash+1"],"picked":"Noxious Fumes","floor":18},{"not_picked":["Concentrate","Accuracy"],"picked":"Backflip+1","floor":22}],"player_experience":494893,"relics_obtained":[{"floor":6,"key":"Meat on the Bone"},{"floor":13,"key":"Peace Pipe"}],"event_choices":[{"damage_healed":0,"gold_gain":0,"player_choice":"Success","damage_taken":12,"relics_obtained":["Potion Belt"],"max_hp_gain":0,"max_hp_loss":0,"event_name":"Scrap Ooze","floor":2,"gold_loss":0},{"damage_healed":0,"gold_gain":60,"player_choice":"Gained Gold","damage_taken":0,"max_hp_gain":0,"max_hp_loss":0,"event_name":"Golden Wing","floor":3,"gold_loss":0},{"damage_healed":0,"gold_gain":75,"player_choice":"Gather Gold","damage_taken":11,"max_hp_gain":0,"max_hp_loss":0,"event_name":"World of Goop","floor":8,"gold_loss":0},{"damage_healed":0,"gold_gain":0,"player_choice":"Shed Blood","damage_taken":18,"max_hp_gain":5,"max_hp_loss":0,"event_name":"Forgotten Altar","floor":19,"gold_loss":0},{"damage_healed":0,"gold_gain":0,"player_choice":"Joined the Cult","damage_taken":6,"max_hp_gain":0,"max_hp_loss":0,"event_name":"Nest","floor":20,"gold_loss":0,"cards_obtained":["RitualDagger"]},{"damage_healed":25,"gold_gain":0,"player_choice":"Heal","damage_taken":0,"max_hp_gain":0,"max_hp_loss":0,"event_name":"The Library","floor":21,"gold_loss":0}],"is_beta":false,"boss_relics":[{"not_picked":["Runic Dome","Velvet Choker"],"picked":"HoveringKite"}],"items_purged_floors":[],"is_endless":false,"potions_floor_spawned":[1,4,6,10,11,12,13,16,18,22],"killed_by":"Book of Stabbing","ascension_level":7}