{"gold_per_floor":[109,128,144,158,178,211,228,254,277,308,308,381,381,481,481,581,581,601,601,601,199,199,199,229,229,253,265,8,24,49,80,92,208,220,245,277,289,301,326,338,376,388],"floor_reached":42,"playtime":3158,"items_purged":["Writhe"],"score":681,"play_id":"a5043c4d-9949-45ad-a357-b0d2d4ebee96","local_time":"20190101004158","is_ascension_mode":true,"campfire_choices":[{"floor":11,"key":"REST"},{"floor":15,"key":"REST"},{"data":"Shrug It Off","floor":23,"key":"SMITH"},{"data":"Clothesline","floor":25,"key":"SMITH"},{"data":"Bash","floor":32,"key":"SMITH"},{"floor":40,"key":"REST"}],"neow_cost":"NONE","seed_source_timestamp":197319499350105,"circlet_count":0,"master_deck":["Strike_R+1","Strike_R+1","Strike_R+1","Strike_R+1","Strike_R+1","Defend_R+1","Defend_R+1","Defend_R+1","Defend_R+1","Bash+1","Dropkick","Flex+1","Headbutt","Pommel Strike","Clothesline","Pummel","Clothesline+1","Shrug It Off+1","Ghostly Armor","Barricade+1","Twin Strike+1","Shrug It Off+1","Havoc+1","Pummel","Reaper","True Grit","Heavy Blade+1","Combust+1","Disarm+1","Reaper","Headbutt+1","Seeing Red","Madness","Madness","Hemokinesis+1","Offering","Parasite"],"relics":["Burning Blood","Self Forming Clay","Pen Nib","Bronze Scales","Frozen Egg 2","Mark of Pain","War Paint","Toy Ornithopter","Potion Belt","Blood Vial","MawBank","White Beast Statue","Shovel"],"potions_floor_usage":[5,6,8,16,24,24,24,30,30,30,31,35,36,39,39,39,41,42,42],"damage_taken":[{"damage":6,"enemies":"Cultist","floor":1,"turns":3},{"damage":2,"enemies":"Jaw Worm","floor":2,"turns":3},{"damage":3,"enemies":"2 Louse","floor":3,"turns":3},{"damage":11,"enemies":"Looter","floor":4,"turns":2},{"damage":39,"enemies":"Exordium Thugs","floor":5,"turns":6},{"damage":12,"enemies":"Gremlin Nob","floor":6,"turns":3},{"damage":6,"enemies":"Blue Slaver","floor":7,"turns":3},{"damage":34,"enemies":"3 Sentries","floor":8,"turns":9},{"damage":14,"enemies":"Lagavulin","floor":10,"turns":7},{"damage":31,"enemies":"The Guardian","floor":16,"turns":10},{"damage":10,"enemies":"Spheric Guardian","floor":18,"turns":5},{"damage":32,"enemies":"Slavers","floor":24,"turns":5},{"damage":1,"enemies":"3 Byrds","floor":27,"turns":2},{"damage":10,"enemies":"Snake Plant","floor":29,"turns":3},{"damage":7,"enemies":"Gremlin Leader","floor":30,"turns":6},{"damage":14,"enemies":"Sentry and Sphere","floor":31,"turns":5},{"damage":58,"enemies":"Automaton","floor":33,"turns":13},{"damage":51,"enemies":"3 Darklings","floor":35,"turns":8},{"damage":19,"enemies":"3 Shapes","floor":36,"turns":5},{"damage":36,"enemies":"Transient","floor":39,"turns":5},{"damage":36,"enemies":"Reptomancer","floor":41,"turns":8},{"damage":69,"enemies":"Writhing Mass","floor":42,"turns":5}],"seed_played":"-4895221865139273879","potions_obtained":[{"floor":1,"key":"Energy Potion"},{"floor":5,"key":"Energy Potion"},{"floor":6,"key":"PowerPotion"},{"floor":10,"key":"Fire Potion"},{"floor":16,"key":"Dexterity Potion"},{"floor":24,"key":"PowerPotion"},{"floor":30,"key":"AttackPotion"},{"floor":33,"key":"Block Potion"},{"floor":35,"key":"Explosive Potion"},{"floor":36,"key":"Regen Potion"},{"floor":38,"key":"SpeedPotion"},{"floor":38,"key":"LiquidBronze"},{"floor":38,"key":"SpeedPotion"},{"floor":39,"key":"Strength Potion"},{"floor":41,"key":"SkillPotion"}],"is_trial":false,"path_per_floor":["M","M","M","M","M","E","M","E","T","E","R","?","?","?","R","B",null,"M","?","?","$","?","R","E","R","T","M","$","M","E","M","R","B",null,"M","M","?","?","M","R","E","M"],"character_chosen":"IRONCLAD","items_purchased":["Toy Ornithopter","BloodPotion","SteroidPotion","Reaper","Energy Potion","Explosive Potion","True Grit"],"campfire_rested":3,"item_purchase_floors":[21,21,21,28,28,28,28],"current_hp_per_floor":[80,84,87,82,49,43,43,15,15,7,33,33,33,33,59,34,75,71,71,71,71,71,71,68,68,68,75,75,73,88,80,80,38,76,48,42,31,31,33,59,45,0],"gold":388,"neow_bonus":"TEN_PERCENT_HP_BONUS","is_prod":false,"is_daily":false,"chose_seed":false,"campfire_upgraded":3,"win_rate":0,"timestamp":1546321318,"path_taken":["M","M","M","?","M","E","M","E","T","E","R","?","?","?","R","BOSS","M","?","?","$","?","R","E","R","T","M","$","M","E","M","R","BOSS","M","M","?","?","M","R","E","M"],"build_version":"2018-12-20","purchased_purges":1,"victory":false,"max_hp_per_floor":[88,88,88,88,88,88,88,88,88,88,88,88,88,88,88,88,88,88,88,88,88,88,88,88,88,88,88,88,88,88,88,88,88,88,88,88,88,88,88,88,88,88],"card_choices":[{"not_picked":["Iron Wave","Body Slam"],"picked":"Dropkick","floor":1},{"not_picked":["Combust","Thunderclap"],"picked":"Flex","floor":2},{"not_picked":["Flex","Pummel"],"picked":"Headbutt","floor":3},{"not_picked":["Wild Strike","Anger"],"picked":"Pommel Strike","floor":4},{"not_picked":["Cleave","Heavy Blade"],"picked":"Clothesline","floor":5},{"not_picked":["Cleave","Juggernaut"],"picked":"Pummel","floor":6},{"not_picked":["Cleave","Iron Wave"],"picked":"Clothesline","floor":7},{"not_picked":["Juggernaut","Fire Breathing"],"picked":"Shrug It Off","floor":8},{"not_picked":["Sword Boomerang","Carnage"],"picked":"Ghostly Armor","floor":10},{"not_picked":["Feed","Juggernaut+1"],"picked":"Barricade+1","floor":16},{"not_picked":["Heavy Blade","Warcry"],"picked":"Twin Strike+1","floor":18},{"not_picked":["Rage","Dual Wield+1"],"picked":"Havoc+1","floor":24},{"not_picked":["Thunderclap","Havoc"],"picked":"Pummel","floor":27},{"not_picked":["Disarm+1","Sword Boomerang+1"],"picked":"Heavy Blade+1","floor":29},{"not_picked":["Intimidate+1","Sever Soul"],"picked":"Combust+1","floor":30},{"not_picked":["Fire Breathing+1","Corruption+1"],"picked":"Disarm+1","floor":31},{"not_picked":["Bludgeon","Fiend Fire"],"picked":"Reaper","floor":33},{"not_picked":["Cleave","Wild Strike"],"picked":"Headbutt+1","floor":35},{"not_picked":["Twin Strike","Dual Wield"],"picked":"Seeing Red","floor":36},{"not_picked":["Anger+1","Thunderclap+1"],"picked":"Hemokinesis+1","floor":39},{"not_picked":["Disarm+1","Body Slam+1"],"picked":"Offering","floor":41}],"player_experience":310737,"relics_obtained":[{"floor":6,"key":"Self Forming Clay"},{"floor":8,"key":"Pen Nib"},{"floor":9,"key":"Bronze Scales"},{"floor":10,"key":"Frozen Egg 2"},{"floor":24,"key":"Potion Belt"},{"floor":26,"key":"Blood Vial"},{"floor":30,"key":"MawBank"},{"floor":41,"key":"Shovel"}],"event_choices":[{"damage_healed":0,"gold_gain":73,"player_choice":"Gained Gold","damage_taken":0,"max_hp_gain":0,"max_hp_loss":0,"event_name":"Golden Wing","floor":12,"gold_loss":0},{"damage_healed":0,"gold_gain":0,"player_choice":"Ignored","damage_taken":0,"max_hp_gain":0,"max_hp_loss":0,"event_name":"Liars Game","floor":13,"gold_loss":0},{"damage_healed":0,"gold_gain":100,"player_choice":"Pray","damage_taken":0,"max_hp_gain":0,"max_hp_loss":0,"event_name":"Golden Shrine","floor":14,"gold_loss":0},{"damage_healed":0,"gold_gain":0,"player_choice":"Simplicity","damage_taken":0,"max_hp_gain":0,"max_hp_loss":0,"event_name":"Back to Basics","floor":19,"gold_loss":0,"cards_upgraded":["Strike_R","Strike_R","Strike_R","Strike_R","Strike_R","Defend_R","Defend_R","Defend_R","Defend_R"]},{"damage_healed":0,"gold_gain":0,"player_choice":"Opened","damage_taken":0,"relics_obtained":["War Paint"],"max_hp_gain":0,"max_hp_loss":0,"event_name":"The Mausoleum","floor":20,"gold_loss":0,"cards_obtained":["Writhe"]},{"damage_healed":0,"gold_gain":0,"player_choice":"Read","damage_taken":0,"max_hp_gain":0,"max_hp_loss":0,"event_name":"The Library","floor":22,"gold_loss":0,"cards_obtained":["Shrug It Off"]},{"damage_healed":0,"gold_gain":0,"player_choice":"Embrace Madness","damage_taken":11,"max_hp_gain":0,"max_hp_loss":0,"event_name":"Winding Halls","floor":37,"gold_loss":0,"cards_obtained":["Madness","Madness"]},{"damage_healed":0,"gold_gain":0,"player_choice":"Got Potions","damage_taken":0,"max_hp_gain":0,"max_hp_loss":0,"event_name":"Lab","floor":38,"gold_loss":0}],"is_beta":false,"boss_relics":[{"not_picked":["Orrery","Calling Bell"],"picked":"Mark of Pain"},{"not_picked":["Black Star","Runic Pyramid"],"picked":"White Beast Statue"}],"items_purged_floors":[21],"is_endless":false,"potions_floor_spawned":[1,5,6,10,16,24,30,33,35,36,39,41],"killed_by":"Writhing Mass","ascension_level":7}