{"gold_per_floor":[118,136,146,0,0,25,25,60,108,108,142,142,142,185,185,313,313,299,318,318,233,249,278,278,306,306,306,324,334,353,378,378,474,524,539,539,1538,911,929,929,964,98,143,172,0,31,31,49,49,49,49,49,1,30,30],"floor_reached":55,"playtime":3282,"items_purged":["Injury","Normality","Injury"],"score":1321,"play_id":"211fd23f-2f60-4b6d-b7d2-531cbc009bd3","local_time":"20190921233012","is_ascension_mode":true,"campfire_choices":[{"floor":7,"key":"REST"},{"floor":13,"key":"REST"},{"floor":15,"key":"REST"},{"floor":24,"key":"REST"},{"floor":27,"key":"REST"},{"floor":32,"key":"RECALL"},{"data":"Mayhem","floor":40,"key":"SMITH"},{"floor":47,"key":"REST"},{"floor":49,"key":"REST"},{"floor":52,"key":"REST"}],"neow_cost":"CURSE","seed_source_timestamp":362395466177900,"circlet_count":0,"master_deck":["AscendersBane","Zap+1","Dualcast","Steam","Hello World","Sweeping Beam","Steam","Go for the Eyes+1","Glacier","Coolheaded","Reboot","Loop","Core Surge+1","Storm","White Noise","Electrodynamics","Conserve Battery","Multi-Cast","Buffer","BootSequence","Ball Lightning+1","Leap+1","FTL+1","Cold Snap+1","Loop","Conserve Battery","Rip and Tear+1","Sweeping Beam+1","Gash+1","All For One+1","Self Repair","FTL+1","Mayhem+1","Flash of Steel+1","Self Repair","Buffer","Ball Lightning+1","Swift Strike+1","Violence","Sweeping Beam+1","Lockon+1","Gash+1","Static Discharge"],"relics":["Cracked Core","Molten Egg 2","Lantern","Bottled Lightning","Whetstone","Bloody Idol","Darkstone Periapt","Pandora\u0027s Box","Pear","Sundial","Art of War","Ginger","Omamori","Tiny House","Bronze Scales","Bag of Preparation","Regal Pillow","Mercury Hourglass","Anchor","Du-Vu Doll","Red Mask","Bottled Flame","Bottled Tornado"],"potions_floor_usage":[6,6,8,16,23,23,23,30,31,31,31,31,46,46,46,50,50,54],"damage_taken":[{"damage":7,"enemies":"Jaw Worm","floor":1,"turns":3},{"damage":1,"enemies":"2 Louse","floor":2,"turns":3},{"damage":0,"enemies":"Small Slimes","floor":3,"turns":3},{"damage":12,"enemies":"Gremlin Nob","floor":6,"turns":3},{"damage":17,"enemies":"3 Sentries","floor":8,"turns":7},{"damage":25,"enemies":"Lagavulin","floor":11,"turns":11},{"damage":17,"enemies":"3 Sentries","floor":14,"turns":8},{"damage":33,"enemies":"Hexaghost","floor":16,"turns":15},{"damage":2,"enemies":"2 Thieves","floor":18,"turns":5},{"damage":0,"enemies":"Chosen","floor":19,"turns":5},{"damage":14,"enemies":"Sentry and Sphere","floor":22,"turns":5},{"damage":17,"enemies":"Book of Stabbing","floor":23,"turns":6},{"damage":34,"enemies":"Gremlin Leader","floor":25,"turns":9},{"damage":0,"enemies":"Centurion and Healer","floor":28,"turns":7},{"damage":6,"enemies":"3 Cultists","floor":29,"turns":3},{"damage":2,"enemies":"Snecko","floor":30,"turns":5},{"damage":0,"enemies":"Slavers","floor":31,"turns":4},{"damage":53,"enemies":"Automaton","floor":33,"turns":10},{"damage":16,"enemies":"Orb Walker","floor":35,"turns":4},{"damage":16,"enemies":"3 Shapes","floor":39,"turns":4},{"damage":25,"enemies":"Giant Head","floor":41,"turns":9},{"damage":82,"enemies":"Reptomancer","floor":44,"turns":6},{"damage":44,"enemies":"Giant Head","floor":46,"turns":9},{"damage":49,"enemies":"Writhing Mass","floor":48,"turns":7},{"damage":88,"enemies":"Time Eater","floor":50,"turns":9},{"damage":64,"enemies":"Shield and Spear","floor":54,"turns":6},{"damage":64,"enemies":"The Heart","floor":55,"turns":2}],"seed_played":"3385044859498738242","potions_obtained":[{"floor":1,"key":"Fire Potion"},{"floor":2,"key":"Swift Potion"},{"floor":6,"key":"Strength Potion"},{"floor":14,"key":"FearPotion"},{"floor":16,"key":"SkillPotion"},{"floor":19,"key":"EntropicBrew"},{"floor":28,"key":"PowerPotion"},{"floor":29,"key":"EntropicBrew"},{"floor":31,"key":"SmokeBomb"},{"floor":33,"key":"SpeedPotion"},{"floor":34,"key":"Dexterity Potion"},{"floor":44,"key":"SteroidPotion"},{"floor":46,"key":"SteroidPotion"},{"floor":48,"key":"Fire Potion"}],"is_trial":false,"path_per_floor":["M","M","M","$","?","E","R","E","T","?","E","?","R","E","R","B",null,"M","M","?","?","M","E","R","E","T","R","M","M","M","E","R","B",null,"M","?","?","$","M","R","E","$","T","E","?","E","R","M","R","B",null,"R","$","E","B"],"character_chosen":"DEFECT","items_purchased":["Steam","Go for the Eyes","Bronze Scales","Mayhem","Flash of Steel+1","Self Repair","Regal Pillow","Mercury Hourglass","Regen Potion","Swift Strike+1","Violence","Energy Potion"],"campfire_rested":8,"item_purchase_floors":[4,4,38,38,38,38,42,42,42,42,42,53],"current_hp_per_floor":[75,74,74,74,56,44,70,53,53,53,28,28,54,37,63,30,74,72,72,72,82,73,61,90,61,61,90,95,94,97,99,99,51,93,89,104,110,110,110,110,104,104,109,46,46,36,84,54,102,21,88,110,110,58,0],"gold":30,"neow_bonus":"TWENTY_PERCENT_HP_BONUS","is_prod":false,"is_daily":false,"chose_seed":false,"campfire_upgraded":1,"win_rate":0,"timestamp":1569123012,"path_taken":["M","M","M","$","?","E","R","E","T","?","E","?","R","E","R","BOSS","M","M","?","?","M","E","R","E","T","R","M","M","M","E","R","BOSS","M","?","?","$","?","R","E","$","T","E","?","E","R","M","R","BOSS","R","$","E","BOSS"],"build_version":"2019-07-17","purchased_purges":3,"victory":false,"max_hp_per_floor":[89,89,89,89,89,89,89,89,89,89,89,89,89,89,89,89,89,89,89,89,99,99,99,99,99,99,99,99,99,99,99,99,99,104,104,104,110,110,110,110,110,110,110,110,110,110,110,110,110,110,110,110,110,110,110],"card_choices":[{"not_picked":["Consume","Redo"],"picked":"Steam","floor":1},{"not_picked":["Compile Driver","Genetic Algorithm"],"picked":"Hello World","floor":2},{"not_picked":["Aggregate","Conserve Battery"],"picked":"Sweeping Beam","floor":3},{"not_picked":["Barrage+1","Streamline+1"],"picked":"Glacier","floor":6},{"not_picked":["Auto Shields","Steam Power"],"picked":"Coolheaded","floor":8},{"not_picked":["Barrage+1","Coolheaded"],"picked":"Reboot","floor":11},{"not_picked":["Hyperbeam+1","Aggregate"],"picked":"Loop","floor":14},{"not_picked":["Multi-Cast","Reboot"],"picked":"Core Surge+1","floor":16},{"not_picked":["Go for the Eyes+1","Gash+1"],"picked":"Ball Lightning+1","floor":18},{"not_picked":["Stack","Compile Driver+1"],"picked":"Leap+1","floor":19},{"not_picked":["Double Energy","Barrage+1"],"picked":"FTL+1","floor":22},{"not_picked":["Ball Lightning+1","Multi-Cast"],"picked":"Cold Snap+1","floor":23},{"not_picked":["Tempest","Barrage+1"],"picked":"Loop","floor":25},{"not_picked":["Reinforced Body","Heatsinks"],"picked":"Conserve Battery","floor":28},{"not_picked":["Steam Power","Recycle"],"picked":"Rip and Tear+1","floor":29},{"not_picked":["Consume","Leap"],"picked":"Sweeping Beam+1","floor":30},{"not_picked":["Compile Driver+1","Biased Cognition"],"picked":"Gash+1","floor":31},{"not_picked":["Fission","Multi-Cast"],"picked":"All For One+1","floor":33},{"not_picked":["Storm","Stack"],"picked":"Self Repair","floor":34},{"not_picked":["Ball Lightning+1","Force Field"],"picked":"FTL+1","floor":35},{"not_picked":["Barrage+1","Beam Cell+1"],"picked":"Buffer","floor":39},{"not_picked":["Beam Cell+1","Reprogram+1"],"picked":"Ball Lightning+1","floor":41},{"not_picked":["Streamline+1","Auto Shields"],"picked":"Sweeping Beam+1","floor":44},{"not_picked":["Ball Lightning+1","Fusion"],"picked":"Lockon+1","floor":46},{"not_picked":["Turbo","Seek"],"picked":"Gash+1","floor":48},{"not_picked":["Beam Cell+1","Rebound+1"],"picked":"Static Discharge","floor":54}],"player_experience":706795,"relics_obtained":[{"floor":6,"key":"Lantern"},{"floor":8,"key":"Bottled Lightning"},{"floor":11,"key":"Whetstone"},{"floor":14,"key":"Darkstone Periapt"},{"floor":23,"key":"Sundial"},{"floor":25,"key":"Art of War"},{"floor":26,"key":"Ginger"},{"floor":31,"key":"Omamori"},{"floor":41,"key":"Bag of Preparation"},{"floor":43,"key":"Anchor"},{"floor":44,"key":"Du-Vu Doll"},{"floor":46,"key":"Bottled Flame"},{"floor":54,"key":"Bottled Tornado"}],"event_choices":[{"damage_healed":0,"gold_gain":0,"player_choice":"Success","damage_taken":18,"relics_obtained":["Molten Egg 2"],"max_hp_gain":0,"max_hp_loss":0,"event_name":"Scrap Ooze","floor":5,"gold_loss":0},{"cards_removed":["Strike_B"],"damage_healed":0,"gold_gain":0,"player_choice":"Forget","damage_taken":0,"max_hp_gain":0,"max_hp_loss":0,"event_name":"Living Wall","floor":10,"gold_loss":0},{"damage_healed":0,"gold_gain":0,"player_choice":"Take Wound","damage_taken":0,"relics_obtained":["Golden Idol"],"max_hp_gain":0,"max_hp_loss":0,"event_name":"Golden Idol","floor":12,"gold_loss":0,"cards_obtained":["Injury"]},{"damage_healed":0,"gold_gain":0,"player_choice":"Gave Idol","damage_taken":0,"relics_obtained":["Bloody Idol"],"max_hp_gain":0,"max_hp_loss":0,"event_name":"Forgotten Altar","floor":20,"relics_lost":["Golden Idol"],"gold_loss":0},{"damage_healed":0,"gold_gain":0,"player_choice":"Obtained Relic","damage_taken":0,"relics_obtained":["Pear"],"max_hp_gain":0,"max_hp_loss":0,"event_name":"Addict","floor":21,"gold_loss":85},{"damage_healed":26,"gold_gain":0,"player_choice":"Writhe","damage_taken":0,"max_hp_gain":0,"max_hp_loss":0,"event_name":"Winding Halls","floor":36,"gold_loss":0,"cards_obtained":["Writhe"]},{"damage_healed":0,"gold_gain":999,"player_choice":"Gold","damage_taken":0,"max_hp_gain":0,"max_hp_loss":0,"event_name":"MindBloom","floor":37,"gold_loss":0,"cards_obtained":["Normality","Normality"]},{"damage_healed":0,"gold_gain":0,"player_choice":"Paid","damage_taken":0,"relics_obtained":["Red Mask"],"max_hp_gain":0,"max_hp_loss":0,"event_name":"Tomb of Lord Red Mask","floor":45,"gold_loss":172}],"is_beta":false,"boss_relics":[{"not_picked":["Runic Pyramid","Ectoplasm"],"picked":"Pandora\u0027s Box"},{"not_picked":["Calling Bell","Empty Cage"],"picked":"Tiny House"}],"items_purged_floors":[4,38,42],"is_endless":false,"potions_floor_spawned":[1,2,6,14,16,19,28,29,31,33,39,44,46,48],"killed_by":"The Heart","ascension_level":10}