{"gold_per_floor":[166,185,37,212,212,212,227,261,261,292,292,307,336,350,350,350],"floor_reached":16,"playtime":980,"items_purged":[],"score":120,"play_id":"07a77796-a800-4cbd-b58b-d1dc8d9d19c0","local_time":"20181202182029","is_ascension_mode":false,"campfire_choices":[{"data":"Neutralize","floor":6,"key":"SMITH"},{"data":"Outmaneuver","floor":11,"key":"SMITH"},{"floor":15,"key":"RECALL"}],"neow_cost":"NONE","seed_source_timestamp":89439237034889,"circlet_count":0,"master_deck":["Defend_G+1","Defend_G","Defend_G","Defend_G","Defend_G","Strike_G","Strike_G","Strike_G","Strike_G","Strike_G","Survivor","Neutralize+1","Distraction","Backstab","Slice","Doubt","Outmaneuver+1","Predator+1","Finisher+1","Backstab+1","Flying Knee+1","Slice+1"],"relics":["Tiny House","Oddly Smooth Stone","Molten Egg 2","Frozen Egg 2","Bag of Marbles"],"potions_floor_usage":[8,8,12,16],"damage_taken":[{"damage":0,"enemies":"Jaw Worm","floor":1,"turns":4},{"damage":8,"enemies":"2 Louse","floor":2,"turns":2},{"damage":0,"enemies":"Cultist","floor":7,"turns":2},{"damage":10,"enemies":"Lagavulin","floor":8,"turns":7},{"damage":17,"enemies":"Gremlin Nob","floor":10,"turns":4},{"damage":0,"enemies":"Blue Slaver","floor":12,"turns":1},{"damage":11,"enemies":"Lagavulin","floor":13,"turns":5},{"damage":0,"enemies":"Lots of Slimes","floor":14,"turns":3},{"damage":25,"enemies":"The Guardian","floor":16,"turns":8}],"seed_played":"-2979636205590637238","potions_obtained":[{"floor":0,"key":"Swift Potion"},{"floor":7,"key":"PowerPotion"},{"floor":8,"key":"SmokeBomb"},{"floor":10,"key":"Fire Potion"},{"floor":13,"key":"LiquidBronze"}],"is_trial":false,"path_per_floor":["M","M","$","?","?","R","M","E","T","E","R","M","E","M","R","B"],"character_chosen":"THE_SILENT","items_purchased":["Oddly Smooth Stone"],"campfire_rested":0,"item_purchase_floors":[3],"current_hp_per_floor":[75,67,67,67,60,60,60,50,50,33,33,33,22,22,22,0],"gold":350,"neow_bonus":"BOSS_RELIC","is_prod":false,"is_daily":false,"chose_seed":false,"campfire_upgraded":2,"win_rate":0,"timestamp":1543774829,"path_taken":["M","M","$","?","?","R","M","E","T","E","R","?","E","M","R","BOSS"],"build_version":"2018-11-15","purchased_purges":0,"victory":false,"max_hp_per_floor":[75,75,75,75,75,75,75,75,75,75,75,75,75,75,75,75],"card_choices":[{"not_picked":["Flying Knee","Reflex"],"picked":"Distraction","floor":0},{"not_picked":["Accuracy","Deflect"],"picked":"Backstab","floor":1},{"not_picked":["Cloak And Dagger","Expertise"],"picked":"Slice","floor":2},{"not_picked":["Calculated Gamble","Flechettes"],"picked":"Outmaneuver","floor":7},{"not_picked":["Expertise","Blade Dance"],"picked":"Predator","floor":8},{"not_picked":["Choke+1","A Thousand Cuts"],"picked":"Finisher+1","floor":10},{"not_picked":["Dagger Throw+1","Quick Slash+1"],"picked":"Backstab+1","floor":12},{"not_picked":["Footwork+1","Bouncing Flask"],"picked":"Flying Knee+1","floor":13},{"not_picked":["Eviscerate+1","Poisoned Stab+1"],"picked":"Slice+1","floor":14}],"player_experience":185795,"relics_obtained":[{"floor":8,"key":"Molten Egg 2"},{"floor":10,"key":"Frozen Egg 2"},{"floor":13,"key":"Bag of Marbles"}],"event_choices":[{"damage_healed":0,"gold_gain":175,"player_choice":"AGREE","damage_taken":0,"max_hp_gain":0,"max_hp_loss":0,"event_name":"Liars Game","floor":4,"gold_loss":0,"cards_obtained":["Doubt"]},{"damage_healed":0,"gold_gain":0,"player_choice":"Damaged","damage_taken":7,"max_hp_gain":0,"max_hp_loss":0,"event_name":"Wheel of Change","floor":5,"gold_loss":0}],"is_beta":true,"boss_relics":[],"items_purged_floors":[],"is_endless":false,"potions_floor_spawned":[7,8,10,13],"killed_by":"The Guardian","ascension_level":0}