{"gold_per_floor":[119,69,81,96,24,24,56,56,83,83,103,103,116,127,127,225,225,242,261,271,234,234],"floor_reached":22,"playtime":1593,"items_purged":[],"score":263,"play_id":"67b798cb-e5a7-4a14-8ff8-3c8728e342d3","local_time":"20190919170547","is_ascension_mode":true,"campfire_choices":[{"data":"Glass Knife","floor":6,"key":"SMITH"},{"floor":8,"key":"REST"},{"data":"Footwork","floor":12,"key":"SMITH"},{"floor":15,"key":"REST"}],"neow_cost":"NONE","seed_source_timestamp":168219974451600,"circlet_count":0,"master_deck":["Strike_G","Defend_G","Defend_G","Defend_G","Defend_G","Survivor","Neutralize","Footwork","Dagger Throw","Footwork+1","Glass Knife+1","Acrobatics","Cloak And Dagger","Escape Plan","Noxious Fumes","Corpse Explosion","Underhanded Strike+1","Corpse Explosion+1","Dagger Throw+1","Sucker Punch+1","Predator","Slice+1","Leg Sweep"],"relics":["Ring of the Snake","Bag of Preparation","Astrolabe"],"potions_floor_usage":[7,13,16,20],"damage_taken":[{"damage":3,"enemies":"Jaw Worm","floor":1,"turns":4},{"damage":0,"enemies":"Cultist","floor":3,"turns":4},{"damage":0,"enemies":"2 Louse","floor":4,"turns":3},{"damage":12,"enemies":"Gremlin Nob","floor":7,"turns":3},{"damage":2,"enemies":"Looter","floor":11,"turns":4},{"damage":20,"enemies":"Exordium Thugs","floor":13,"turns":5},{"damage":4,"enemies":"2 Fungi Beasts","floor":14,"turns":3},{"damage":18,"enemies":"The Guardian","floor":16,"turns":13},{"damage":6,"enemies":"Spheric Guardian","floor":18,"turns":5},{"damage":30,"enemies":"2 Thieves","floor":19,"turns":3},{"damage":28,"enemies":"Snecko","floor":20,"turns":7},{"damage":9,"enemies":"Centurion and Healer","floor":22,"turns":4}],"seed_played":"-8867553662485424367","potions_obtained":[{"floor":3,"key":"SteroidPotion"},{"floor":4,"key":"Weak Potion"},{"floor":13,"key":"EssenceOfSteel"},{"floor":19,"key":"Poison Potion"}],"is_trial":false,"path_per_floor":["M","?","M","M","$","R","E","R","T","?","M","R","M","M","R","B",null,"M","M","M","$","M"],"character_chosen":"THE_SILENT","items_purchased":["Glass Knife","Leg Sweep"],"campfire_rested":2,"item_purchase_floors":[5,21],"current_hp_per_floor":[67,67,67,67,67,67,55,77,77,77,75,75,55,51,74,56,72,66,36,8,8,0],"gold":234,"neow_bonus":"TEN_PERCENT_HP_BONUS","is_prod":false,"is_daily":false,"chose_seed":false,"campfire_upgraded":2,"win_rate":0,"timestamp":1568927147,"path_taken":["M","?","M","M","$","R","E","R","T","?","M","R","M","M","R","BOSS","M","M","?","$","M"],"build_version":"2019-07-17","purchased_purges":0,"victory":false,"max_hp_per_floor":[77,77,77,77,77,77,77,77,77,77,77,77,77,77,77,77,77,77,77,77,77,77],"card_choices":[{"not_picked":["Flying Knee","All Out Attack"],"picked":"Footwork","floor":1},{"not_picked":["Dodge and Roll","Backflip"],"picked":"Dagger Throw","floor":3},{"not_picked":["Poisoned Stab","Underhanded Strike"],"picked":"Footwork","floor":4},{"not_picked":["Reflex","Night Terror","Bane"],"picked":"SKIP","floor":7},{"not_picked":["Infinite Blades","Sucker Punch"],"picked":"Cloak And Dagger","floor":11},{"not_picked":["Slice","Eviscerate"],"picked":"Escape Plan","floor":13},{"not_picked":["PiercingWail","Finisher"],"picked":"Noxious Fumes","floor":14},{"not_picked":["Tools of the Trade","Bullet Time"],"picked":"Corpse Explosion","floor":16},{"not_picked":["PiercingWail","Eviscerate"],"picked":"Sucker Punch+1","floor":18},{"not_picked":["Terror","Flying Knee"],"picked":"Predator","floor":19},{"not_picked":["Flying Knee","Dagger Spray"],"picked":"Slice+1","floor":20}],"player_experience":671346,"relics_obtained":[{"floor":7,"key":"Bag of Preparation"}],"event_choices":[{"cards_removed":["Strike_G"],"damage_healed":0,"gold_gain":0,"player_choice":"Card Removal","damage_taken":0,"max_hp_gain":0,"max_hp_loss":0,"event_name":"The Cleric","floor":2,"gold_loss":50},{"damage_healed":0,"gold_gain":0,"cards_transformed":["Strike_G"],"player_choice":"Transformed","damage_taken":0,"max_hp_gain":0,"max_hp_loss":0,"event_name":"Transmorgrifier","floor":10,"gold_loss":0,"cards_obtained":["Acrobatics"]}],"is_beta":false,"boss_relics":[{"not_picked":["Runic Pyramid","Cursed Key"],"picked":"Astrolabe"}],"items_purged_floors":[],"is_endless":false,"potions_floor_spawned":[3,4,13,19],"killed_by":"Centurion and Healer","ascension_level":8}