{"gold_per_floor":[113,125,300,316,416,443,453,478,503,503],"floor_reached":10,"playtime":465,"items_purged":[],"score":90,"play_id":"70adc0e1-7e3e-4e64-8530-71e62d290cf5","local_time":"20181228222244","is_ascension_mode":true,"campfire_choices":[],"neow_cost":"NONE","seed_source_timestamp":711250526948442,"circlet_count":0,"master_deck":["Strike_B","Strike_B","Strike_B","Strike_B","Defend_B","Defend_B","Defend_B","Defend_B","Zap","Dualcast","Skim","Gash","Redo","Doubt","Beam Cell","Beam Cell","Go for the Eyes","Electrodynamics","Conserve Battery"],"relics":["Cracked Core","Prayer Wheel","Strawberry"],"potions_floor_usage":[6,8,10],"damage_taken":[{"damage":0,"enemies":"Small Slimes","floor":1,"turns":3},{"damage":10,"enemies":"2 Louse","floor":2,"turns":2},{"damage":0,"enemies":"Cultist","floor":4,"turns":3},{"damage":35,"enemies":"Lagavulin","floor":6,"turns":6},{"damage":16,"enemies":"2 Fungi Beasts","floor":7,"turns":3},{"damage":8,"enemies":"3 Sentries","floor":8,"turns":3},{"damage":13,"enemies":"Lagavulin","floor":10,"turns":3}],"seed_played":"3459706985319167461","potions_obtained":[{"floor":1,"key":"SteroidPotion"},{"floor":6,"key":"Dexterity Potion"},{"floor":8,"key":"Energy Potion"}],"is_trial":false,"path_per_floor":["M","M","?","M","?","E","M","E","T","E"],"character_chosen":"DEFECT","items_purchased":[],"campfire_rested":0,"item_purchase_floors":[],"current_hp_per_floor":[75,65,65,65,65,30,14,13,13,0],"gold":503,"neow_bonus":"THREE_CARDS","is_prod":false,"is_daily":false,"chose_seed":false,"campfire_upgraded":0,"win_rate":0,"timestamp":1546053764,"path_taken":["M","M","?","M","?","E","M","E","T","E"],"build_version":"2018-12-20","purchased_purges":0,"victory":false,"max_hp_per_floor":[75,75,75,75,75,75,75,82,82,82],"card_choices":[{"not_picked":["Blizzard","Barrage"],"picked":"Skim","floor":0},{"not_picked":["Rip and Tear","Blizzard"],"picked":"Gash","floor":1},{"not_picked":["Glacier","Coolheaded"],"picked":"Redo","floor":2},{"not_picked":["Redo","Streamline"],"picked":"Beam Cell","floor":4},{"not_picked":["Cold Snap","Rebound"],"picked":"Beam Cell","floor":6},{"not_picked":["Streamline","Double Energy"],"picked":"Go for the Eyes","floor":7},{"not_picked":["Sweeping Beam","White Noise"],"picked":"Electrodynamics","floor":7},{"not_picked":["Scrape","Turbo"],"picked":"Conserve Battery","floor":8}],"player_experience":259724,"relics_obtained":[{"floor":6,"key":"Prayer Wheel"},{"floor":8,"key":"Strawberry"}],"event_choices":[{"damage_healed":0,"gold_gain":175,"player_choice":"AGREE","damage_taken":0,"max_hp_gain":0,"max_hp_loss":0,"event_name":"Liars Game","floor":3,"gold_loss":0,"cards_obtained":["Doubt"]},{"damage_healed":0,"gold_gain":100,"player_choice":"Pray","damage_taken":0,"max_hp_gain":0,"max_hp_loss":0,"event_name":"Golden Shrine","floor":5,"gold_loss":0}],"is_beta":false,"boss_relics":[],"items_purged_floors":[],"is_endless":false,"potions_floor_spawned":[1,6,8],"killed_by":"Lagavulin","ascension_level":3}