{"gold_per_floor":[366,376,34,34,51,51,81,81,136,169,12,29,59,72,72,174,174,184,195,211,211,211],"floor_reached":22,"playtime":1405,"items_purged":[],"score":299,"play_id":"91b7dce3-9b1e-4ed4-ae94-a32b5a3df94d","local_time":"20190911103123","is_ascension_mode":true,"campfire_choices":[{"floor":6,"key":"REST"},{"floor":8,"key":"REST"},{"floor":15,"key":"REST"}],"neow_cost":"CURSE","seed_source_timestamp":407343743606400,"circlet_count":0,"master_deck":["Strike_R","Strike_R","Strike_R","Strike_R","Strike_R","Defend_R","Defend_R","Defend_R+1","Bash","Thunderclap","Shrug It Off","Dropkick+1","Seeing Red","Spot Weakness","Pommel Strike","Wild Strike","Thunderclap","Armaments","Cleave","Twin Strike","Twin Strike","Double Tap","Flex+1","Heavy Blade","Pommel Strike+1","Wild Strike","Thunderclap","Immolate","Immolate"],"relics":["Burning Blood","Prayer Wheel","Boot","Anchor","Regal Pillow","Blood Vial","Strawberry","Empty Cage"],"potions_floor_usage":[13,13,13,22,22],"damage_taken":[{"damage":6,"enemies":"Cultist","floor":1,"turns":3},{"damage":12,"enemies":"Jaw Worm","floor":2,"turns":3},{"damage":2,"enemies":"2 Louse","floor":5,"turns":3},{"damage":42,"enemies":"Lagavulin","floor":7,"turns":7},{"damage":34,"enemies":"Gremlin Nob","floor":10,"turns":4},{"damage":8,"enemies":"Gremlin Gang","floor":12,"turns":3},{"damage":12,"enemies":"Lagavulin","floor":13,"turns":6},{"damage":0,"enemies":"Lots of Slimes","floor":14,"turns":2},{"damage":52,"enemies":"The Guardian","floor":16,"turns":8},{"damage":8,"enemies":"Shell Parasite","floor":18,"turns":3},{"damage":22,"enemies":"Spheric Guardian","floor":19,"turns":4},{"damage":39,"enemies":"Centurion and Healer","floor":20,"turns":5},{"damage":38,"enemies":"Shelled Parasite and Fungi","floor":22,"turns":3}],"seed_played":"-695172439693118521","potions_obtained":[{"floor":2,"key":"Block Potion"},{"floor":10,"key":"PowerPotion"},{"floor":12,"key":"EssenceOfSteel"},{"floor":16,"key":"LiquidBronze"},{"floor":19,"key":"GamblersBrew"}],"is_trial":false,"path_per_floor":["M","M","$","?","M","R","E","R","T","E","$","M","E","M","R","B",null,"M","M","M","?","M"],"character_chosen":"IRONCLAD","items_purchased":["Prayer Wheel","Dropkick","Blood Vial"],"campfire_rested":3,"item_purchase_floors":[3,3,11],"current_hp_per_floor":[72,66,66,50,54,78,42,66,66,38,38,38,41,49,87,41,76,76,62,31,31,0],"gold":211,"neow_bonus":"TWO_FIFTY_GOLD","is_prod":false,"is_daily":false,"chose_seed":false,"campfire_upgraded":0,"win_rate":0,"timestamp":1568212283,"path_taken":["M","M","?","?","M","R","E","R","T","E","$","M","E","M","R","BOSS","M","M","M","?","?"],"build_version":"2019-07-17","purchased_purges":0,"victory":false,"max_hp_per_floor":[80,80,80,80,80,80,80,80,80,80,80,80,87,87,87,87,87,87,87,87,87,87],"card_choices":[{"not_picked":["Carnage","Feel No Pain"],"picked":"Thunderclap","floor":1},{"not_picked":["Flex","Cleave"],"picked":"Shrug It Off","floor":2},{"not_picked":["Whirlwind","True Grit"],"picked":"Seeing Red","floor":5},{"not_picked":["Thunderclap","Havoc"],"picked":"Spot Weakness","floor":5},{"not_picked":["True Grit","Havoc"],"picked":"Pommel Strike","floor":7},{"not_picked":["Second Wind","True Grit"],"picked":"Wild Strike","floor":10},{"not_picked":["Iron Wave","Warcry"],"picked":"Thunderclap","floor":12},{"not_picked":["Iron Wave","Intimidate"],"picked":"Armaments","floor":12},{"not_picked":["Second Wind","Juggernaut"],"picked":"Cleave","floor":13},{"not_picked":["True Grit","Sever Soul"],"picked":"Twin Strike","floor":14},{"not_picked":["Armaments","Havoc"],"picked":"Twin Strike","floor":14},{"not_picked":["Brutality","Fiend Fire"],"picked":"Double Tap","floor":16},{"not_picked":["Hemokinesis","Clothesline+1"],"picked":"Flex+1","floor":18},{"not_picked":["Wild Strike","Iron Wave"],"picked":"Heavy Blade","floor":18},{"not_picked":["Anger","Intimidate"],"picked":"Pommel Strike+1","floor":19},{"not_picked":["Armaments","Clash"],"picked":"Wild Strike","floor":19},{"not_picked":["Power Through","Heavy Blade"],"picked":"Thunderclap","floor":20},{"not_picked":["True Grit","Body Slam"],"picked":"Immolate","floor":20}],"player_experience":551209,"relics_obtained":[{"floor":7,"key":"Boot"},{"floor":9,"key":"Anchor"},{"floor":10,"key":"Regal Pillow"},{"floor":13,"key":"Strawberry"}],"event_choices":[{"damage_healed":0,"gold_gain":0,"player_choice":"Entered Light","damage_taken":16,"max_hp_gain":0,"max_hp_loss":0,"event_name":"Shining Light","floor":4,"gold_loss":0,"cards_upgraded":["Dropkick","Defend_R"]},{"damage_healed":0,"gold_gain":0,"player_choice":"Copied","damage_taken":0,"max_hp_gain":0,"max_hp_loss":0,"event_name":"Duplicator","floor":21,"gold_loss":0,"cards_obtained":["Immolate"]}],"is_beta":false,"boss_relics":[{"not_picked":["Ectoplasm","Runic Cube"],"picked":"Empty Cage"}],"items_purged_floors":[],"is_endless":false,"potions_floor_spawned":[2,10,12,16,19],"killed_by":"Shelled Parasite and Fungi","ascension_level":9}