{"gold_per_floor":[113,125,125,125,144,144,222,222,291,309,345,345,369,54,54,175,175,196,221,86,100,119,119,44,88,88,88],"floor_reached":27,"playtime":1036,"items_purged":["Defend_R","Strike_R"],"score":373,"play_id":"340dc871-f7c6-4b22-a824-eea626995856","local_time":"20190929202308","is_ascension_mode":true,"campfire_choices":[{"floor":6,"key":"REST"},{"floor":8,"key":"REST"},{"floor":15,"key":"REST"},{"floor":23,"key":"REST"}],"neow_cost":"PERCENT_DAMAGE","seed_source_timestamp":1044623776540300,"circlet_count":0,"master_deck":["AscendersBane","Strike_R","Strike_R","Defend_R+1","Defend_R+1","Bash+1","Heavy Blade","Shrug It Off","Anger","Shrug It Off","Rampage","Anger","Flame Barrier","Rage","Demon Form","Thunderclap","Flame Barrier","Metallicize","Metallicize","Battle Trance","Metallicize","Thunderclap","Barricade"],"relics":["Burning Blood","Golden Idol","Bag of Preparation","Shuriken","Prayer Wheel","Meat on the Bone","Sozu","Pantograph","Gremlin Horn"],"potions_floor_usage":[16,27],"damage_taken":[{"damage":7,"enemies":"Jaw Worm","floor":1,"turns":3},{"damage":0,"enemies":"2 Louse","floor":2,"turns":2},{"damage":0,"enemies":"Small Slimes","floor":5,"turns":4},{"damage":26,"enemies":"Gremlin Nob","floor":7,"turns":5},{"damage":5,"enemies":"3 Louse","floor":10,"turns":5},{"damage":20,"enemies":"Gremlin Nob","floor":11,"turns":4},{"damage":6,"enemies":"Exordium Thugs","floor":13,"turns":3},{"damage":11,"enemies":"Slime Boss","floor":16,"turns":8},{"damage":0,"enemies":"Spheric Guardian","floor":18,"turns":3},{"damage":4,"enemies":"3 Byrds","floor":19,"turns":3},{"damage":21,"enemies":"Sentry and Sphere","floor":21,"turns":7},{"damage":9,"enemies":"Cultist and Chosen","floor":22,"turns":6},{"damage":27,"enemies":"Book of Stabbing","floor":25,"turns":6},{"damage":62,"enemies":"Slavers","floor":27,"turns":3}],"seed_played":"-2838443123941436977","potions_obtained":[{"floor":5,"key":"LiquidBronze"},{"floor":13,"key":"PowerPotion"}],"is_trial":false,"path_per_floor":["M","M","?","?","M","R","?","R","T","M","E","?","M","$","R","B",null,"M","M","$","M","M","R","?","E","T","E"],"character_chosen":"IRONCLAD","items_purchased":["Meat on the Bone","Metallicize"],"campfire_rested":4,"item_purchase_floors":[14,20],"current_hp_per_floor":[50,56,40,20,26,50,30,54,54,55,41,41,41,41,65,60,75,80,80,80,65,62,80,80,59,59,0],"gold":88,"neow_bonus":"REMOVE_TWO","is_prod":false,"is_daily":false,"chose_seed":false,"campfire_upgraded":0,"win_rate":0,"timestamp":1569802988,"path_taken":["M","M","?","?","M","R","?","R","T","M","E","?","?","$","R","BOSS","M","M","$","M","?","R","?","E","T","E"],"build_version":"2019-07-17","purchased_purges":2,"victory":false,"max_hp_per_floor":[80,80,80,80,80,80,80,80,80,80,80,80,80,80,80,80,80,80,80,80,80,80,80,80,80,80,80],"card_choices":[{"not_picked":["Seeing Red","Infernal Blade"],"picked":"Heavy Blade","floor":1},{"not_picked":["Pommel Strike","Cleave"],"picked":"Shrug It Off","floor":2},{"not_picked":["Searing Blow","Iron Wave"],"picked":"Anger","floor":5},{"not_picked":["Heavy Blade","Burning Pact"],"picked":"Shrug It Off","floor":7},{"not_picked":["Corruption","Warcry"],"picked":"Rampage","floor":10},{"not_picked":["Dual Wield","Disarm"],"picked":"Anger","floor":11},{"not_picked":["Uppercut","Limit Break"],"picked":"Flame Barrier","floor":13},{"not_picked":["Reckless Charge","Dual Wield"],"picked":"Rage","floor":13},{"not_picked":["Limit Break","Fiend Fire"],"picked":"Demon Form","floor":16},{"not_picked":["Wild Strike","Combust"],"picked":"Thunderclap","floor":18},{"not_picked":["Uppercut","Rage"],"picked":"Flame Barrier","floor":18},{"not_picked":["Twin Strike","Seeing Red"],"picked":"Metallicize","floor":19},{"not_picked":["Burning Pact+1","Sentinel","Power Through+1"],"picked":"SKIP","floor":19},{"not_picked":["Wild Strike","Warcry"],"picked":"Battle Trance","floor":21},{"not_picked":["Feel No Pain","Anger"],"picked":"Metallicize","floor":21},{"not_picked":["Sentinel","Anger"],"picked":"Thunderclap","floor":22},{"not_picked":["True Grit","Wild Strike"],"picked":"Barricade","floor":22},{"not_picked":["Corruption","Second Wind","Uppercut"],"picked":"SKIP","floor":25}],"player_experience":730479,"relics_obtained":[{"floor":7,"key":"Bag of Preparation"},{"floor":9,"key":"Shuriken"},{"floor":11,"key":"Prayer Wheel"},{"floor":25,"key":"Pantograph"},{"floor":26,"key":"Gremlin Horn"}],"event_choices":[{"damage_healed":0,"gold_gain":0,"player_choice":"Entered Light","damage_taken":16,"max_hp_gain":0,"max_hp_loss":0,"event_name":"Shining Light","floor":3,"gold_loss":0,"cards_upgraded":["Defend_R","Defend_R"]},{"damage_healed":0,"gold_gain":0,"player_choice":"Take Damage","damage_taken":20,"relics_obtained":["Golden Idol"],"max_hp_gain":0,"max_hp_loss":0,"event_name":"Golden Idol","floor":4,"gold_loss":0},{"damage_healed":0,"gold_gain":0,"player_choice":"Searched \u00272\u0027 times","damage_taken":0,"max_hp_gain":0,"max_hp_loss":0,"event_name":"Dead Adventurer","floor":7,"gold_loss":0},{"damage_healed":0,"gold_gain":0,"player_choice":"Upgraded","damage_taken":0,"max_hp_gain":0,"max_hp_loss":0,"event_name":"Upgrade Shrine","floor":12,"gold_loss":0,"cards_upgraded":["Bash"]},{"cards_removed":["Strike_R"],"damage_healed":0,"gold_gain":0,"player_choice":"Gave Gold","damage_taken":0,"max_hp_gain":0,"max_hp_loss":0,"event_name":"Beggar","floor":24,"gold_loss":75}],"is_beta":false,"boss_relics":[{"not_picked":["Coffee Dripper","Tiny House"],"picked":"Sozu"}],"items_purged_floors":[14,20],"is_endless":false,"potions_floor_spawned":[5,13,18,21],"killed_by":"Slavers","ascension_level":12}