{"gold_per_floor":[115,290,301,312,324,357,357,383,383,441,516,516,534,553,553,553],"floor_reached":16,"playtime":1474,"items_purged":[],"score":118,"play_id":"fd7dca82-f1dd-4d12-a73b-2126ad3635da","local_time":"20181227010638","is_ascension_mode":true,"campfire_choices":[{"data":"Distraction","floor":7,"key":"SMITH"},{"data":"Backflip","floor":15,"key":"SMITH"}],"neow_cost":"NONE","seed_source_timestamp":547270656434790,"circlet_count":0,"master_deck":["Defend_G","Defend_G","Defend_G","Defend_G","Defend_G","Strike_G","Strike_G","Strike_G","Strike_G","Strike_G","Survivor","Neutralize","Distraction+1","Doubt","Sucker Punch","Heel Hook","Skewer","Dagger Throw","Sucker Punch","Underhanded Strike","Injury","Crippling Poison","Backflip+1"],"relics":["Ring of the Snake","Pantograph","Vajra","Ninja Scroll","Matryoshka","Golden Idol"],"potions_floor_usage":[1,5,6,8,10,14,16],"damage_taken":[{"damage":0,"enemies":"Jaw Worm","floor":1,"turns":2},{"damage":0,"enemies":"2 Louse","floor":3,"turns":3},{"damage":0,"enemies":"Small Slimes","floor":4,"turns":6},{"damage":0,"enemies":"3 Louse","floor":5,"turns":3},{"damage":28,"enemies":"3 Sentries","floor":6,"turns":12},{"damage":16,"enemies":"Lagavulin","floor":8,"turns":5},{"damage":1,"enemies":"3 Sentries","floor":10,"turns":5},{"damage":1,"enemies":"Blue Slaver","floor":13,"turns":2},{"damage":0,"enemies":"Lots of Slimes","floor":14,"turns":3},{"damage":52,"enemies":"Slime Boss","floor":16,"turns":7}],"seed_played":"8211712430004384787","potions_obtained":[{"floor":0,"key":"Ancient Potion"},{"floor":0,"key":"Fire Potion"},{"floor":0,"key":"SteroidPotion"},{"floor":3,"key":"Energy Potion"},{"floor":6,"key":"PowerPotion"},{"floor":8,"key":"Energy Potion"},{"floor":10,"key":"SpeedPotion"}],"is_trial":false,"path_per_floor":["M","?","M","M","M","E","R","E","T","?","?","?","M","M","R","B"],"character_chosen":"THE_SILENT","items_purchased":[],"campfire_rested":0,"item_purchase_floors":[],"current_hp_per_floor":[70,70,70,70,70,42,42,26,26,25,14,14,13,13,13,0],"gold":553,"neow_bonus":"THREE_SMALL_POTIONS","is_prod":false,"is_daily":false,"chose_seed":false,"campfire_upgraded":2,"win_rate":0,"timestamp":1545890798,"path_taken":["M","?","M","M","M","E","R","E","T","?","?","?","?","M","R","BOSS"],"build_version":"2018-12-20","purchased_purges":0,"victory":false,"max_hp_per_floor":[70,70,70,70,70,70,70,70,70,70,70,70,70,70,70,70],"card_choices":[{"not_picked":["Dodge and Roll","Cloak And Dagger"],"picked":"Distraction","floor":1},{"not_picked":["Acrobatics","Terror"],"picked":"Sucker Punch","floor":3},{"not_picked":["Poisoned Stab","Dodge and Roll"],"picked":"Heel Hook","floor":4},{"not_picked":["Night Terror","Terror"],"picked":"Skewer","floor":5},{"not_picked":["Dodge and Roll","Calculated Gamble"],"picked":"Dagger Throw","floor":6},{"not_picked":["Distraction","Deflect"],"picked":"Sucker Punch","floor":8},{"not_picked":["All Out Attack","Deadly Poison"],"picked":"Underhanded Strike","floor":10},{"not_picked":["Concentrate","Riddle With Holes"],"picked":"Crippling Poison","floor":13},{"not_picked":["Flechettes","Deadly Poison"],"picked":"Backflip","floor":14}],"player_experience":197637,"relics_obtained":[{"floor":6,"key":"Pantograph"},{"floor":8,"key":"Vajra"},{"floor":9,"key":"Ninja Scroll"},{"floor":10,"key":"Matryoshka"}],"event_choices":[{"damage_healed":0,"gold_gain":175,"player_choice":"AGREE","damage_taken":0,"max_hp_gain":0,"max_hp_loss":0,"event_name":"Liars Game","floor":2,"gold_loss":0,"cards_obtained":["Doubt"]},{"damage_healed":0,"gold_gain":30,"player_choice":"Searched \u00273\u0027 times","damage_taken":0,"max_hp_gain":0,"max_hp_loss":0,"event_name":"Dead Adventurer","floor":10,"gold_loss":0},{"damage_healed":0,"gold_gain":75,"player_choice":"Gather Gold","damage_taken":11,"max_hp_gain":0,"max_hp_loss":0,"event_name":"World of Goop","floor":11,"gold_loss":0},{"damage_healed":0,"gold_gain":0,"player_choice":"Take Wound","damage_taken":0,"relics_obtained":["Golden Idol"],"max_hp_gain":0,"max_hp_loss":0,"event_name":"Golden Idol","floor":12,"gold_loss":0,"cards_obtained":["Injury"]}],"is_beta":false,"boss_relics":[],"items_purged_floors":[],"is_endless":false,"potions_floor_spawned":[3,6,8,10],"killed_by":"Slime Boss","ascension_level":1}