{"gold_per_floor":[118,134,154,174,185,185,185,210,210,210,210,228,260,278,278,375,375,388,398,417,342,356,388,388,405,430,430,447,298,213,113,113,209,209,229,242,261,277,277,277,290,306,306,322,322,322,322,38,38,38],"floor_reached":51,"playtime":6082,"items_purged":["Injury","Strike_G"],"score":1229,"play_id":"262bb358-f7e3-4ca7-81a8-6ec3a66cb77f","local_time":"20191001030510","is_ascension_mode":true,"campfire_choices":[{"data":"Skewer","floor":6.0,"key":"SMITH"},{"data":"Deadly Poison","floor":11.0,"key":"SMITH"},{"data":"Noxious Fumes","floor":15.0,"key":"SMITH"},{"data":"Malaise","floor":24.0,"key":"SMITH"},{"data":"Neutralize","floor":27.0,"key":"SMITH"},{"data":"Backflip","floor":32.0,"key":"SMITH"},{"floor":40.0,"key":"REST"},{"data":"Catalyst","floor":45,"key":"SMITH"},{"data":"Catalyst","floor":49,"key":"SMITH"}],"neow_cost":"NONE","seed_source_timestamp":1912844365229862,"circlet_count":0,"master_deck":["Survivor+1","Neutralize+1","All Out Attack+1","Skewer+1","Dash","Backflip+1","Deadly Poison+1","Venomology","Escape Plan","Noxious Fumes+1","Malaise+1","Blur","Deflect+1","Footwork+1","Malaise","Envenom+1","Burst","Heel Hook","Prepared","Sucker Punch","Corpse Explosion","Leg Sweep+1","Well Laid Plans+1","Catalyst+1","Blur+1","Crippling Poison+1","Madness","Madness","Catalyst+1"],"special_seed":0,"relics":["Ring of the Snake","Gremlin Horn","Mummified Hand","Letter Opener","Cursed Key","Frozen Egg 2","Anchor","Bag of Marbles","Pandora\u0027s Box","Lee\u0027s Waffle"],"potions_floor_usage":[44,50,50,50],"damage_taken":[{"damage":0.0,"enemies":"Cultist","floor":1.0,"turns":5.0},{"damage":0.0,"enemies":"2 Louse","floor":2.0,"turns":2.0},{"damage":0.0,"enemies":"Jaw Worm","floor":3.0,"turns":3.0},{"damage":1.0,"enemies":"Exordium Wildlife","floor":4.0,"turns":4.0},{"damage":2.0,"enemies":"3 Louse","floor":5.0,"turns":2.0},{"damage":7.0,"enemies":"3 Sentries","floor":8.0,"turns":7.0},{"damage":0.0,"enemies":"Large Slime","floor":12.0,"turns":4.0},{"damage":4.0,"enemies":"Lagavulin","floor":13.0,"turns":6.0},{"damage":0.0,"enemies":"Gremlin Gang","floor":14.0,"turns":1.0},{"damage":0.0,"enemies":"Slime Boss","floor":16.0,"turns":5.0},{"damage":1.0,"enemies":"Shell Parasite","floor":18.0,"turns":6.0},{"damage":0.0,"enemies":"Chosen","floor":19.0,"turns":5.0},{"damage":0.0,"enemies":"Centurion and Healer","floor":20.0,"turns":5.0},{"damage":7.0,"enemies":"Snake Plant","floor":22.0,"turns":4.0},{"damage":3.0,"enemies":"Book of Stabbing","floor":23.0,"turns":5.0},{"damage":1.0,"enemies":"Snecko","floor":25.0,"turns":5.0},{"damage":1.0,"enemies":"Centurion and Healer","floor":28.0,"turns":6.0},{"damage":2.0,"enemies":"Automaton","floor":33.0,"turns":11.0},{"damage":13.0,"enemies":"Orb Walker","floor":35.0,"turns":5.0},{"damage":0.0,"enemies":"3 Darklings","floor":36.0,"turns":2.0},{"damage":0.0,"enemies":"Writhing Mass","floor":37.0,"turns":8.0},{"damage":31.0,"enemies":"Spire Growth","floor":38.0,"turns":6.0},{"damage":0.0,"enemies":"3 Darklings","floor":41.0,"turns":2.0},{"damage":0.0,"enemies":"Maw","floor":42.0,"turns":7.0},{"damage":0,"enemies":"Writhing Mass","floor":44,"turns":7},{"damage":12,"enemies":"Time Eater","floor":50,"turns":8}],"seed_played":"-1367554544699406406","potions_obtained":[{"floor":1.0,"key":"Energy Potion"},{"floor":5.0,"key":"PowerPotion"},{"floor":12.0,"key":"Block Potion"},{"floor":13.0,"key":"AttackPotion"},{"floor":14.0,"key":"Fire Potion"},{"floor":18.0,"key":"PowerPotion"},{"floor":28.0,"key":"Fire Potion"},{"floor":35.0,"key":"Block Potion"},{"floor":37.0,"key":"Swift Potion"},{"floor":41.0,"key":"GhostInAJar"},{"floor":42.0,"key":"SkillPotion"}],"is_trial":false,"path_per_floor":["M","M","M","M","M","R","?","E","T","?","R","M","E","M","R","B",null,"M","M","M","?","M","E","R","M","T","R","M","$","?","$","R","B",null,"M","M","M","M","?","R","M","M","T","M","R","?","?","$","R","B",null],"character_chosen":"THE_SILENT","items_purchased":["Footwork+1","Lee\u0027s Waffle","Catalyst"],"campfire_rested":1,"item_purchase_floors":[29,48,48],"current_hp_per_floor":[63,63,63,62,60,60,46,39,39,39,39,39,35,35,35,35,61,60,60,60,60,53,50,50,49,49,49,48,48,48,48,48,46,64,51,51,51,20,20,41,41,41,41,41,41,32,32,77,77,65],"gold":38,"neow_bonus":"TRANSFORM_CARD","is_prod":false,"is_daily":false,"chose_seed":false,"campfire_upgraded":8,"win_rate":0,"timestamp":1569913510,"path_taken":["M","M","M","M","M","R","?","E","T","?","R","M","E","M","R","BOSS","M","M","?","?","M","E","R","M","T","R","M","$","?","$","R","BOSS","M","M","M","M","?","R","M","M","T","M","R","?","?","$","R","BOSS"],"build_version":"2019-07-17","purchased_purges":2,"victory":true,"max_hp_per_floor":[70,70,70,70,70,70,70,70,70,70,70,70,70,70,70,70,70,70,70,70,70,70,70,70,70,70,70,70,70,70,70,70,70,70,70,70,70,70,70,70,70,70,70,70,70,70,70,77,77,77],"card_choices":[{"not_picked":["Caltrops","PiercingWail"],"picked":"Skewer","floor":1.0},{"not_picked":["Setup","Sucker Punch","Outmaneuver"],"picked":"SKIP","floor":2.0},{"not_picked":["Flying Knee","Reflex"],"picked":"Dash","floor":3.0},{"not_picked":["Riddle With Holes","Bouncing Flask"],"picked":"Backflip","floor":4.0},{"not_picked":["Expertise","Masterful Stab"],"picked":"Deadly Poison","floor":5.0},{"not_picked":["Prepared","Footwork"],"picked":"Venomology","floor":8.0},{"not_picked":["Predator","Masterful Stab"],"picked":"Escape Plan","floor":12.0},{"not_picked":["Masterful Stab","All Out Attack"],"picked":"Noxious Fumes","floor":13.0},{"not_picked":["Bane","Cloak And Dagger","Deadly Poison"],"picked":"SKIP","floor":14.0},{"not_picked":["Storm of Steel","Grand Finale"],"picked":"Malaise","floor":16.0},{"not_picked":["Underhanded Strike","Heel Hook","Poisoned Stab+1"],"picked":"SKIP","floor":18.0},{"not_picked":["Quick Slash","Distraction","Setup"],"picked":"SKIP","floor":19.0},{"not_picked":["Caltrops+1","Dodge and Roll","Bane"],"picked":"SKIP","floor":20.0},{"not_picked":["All Out Attack+1","Distraction"],"picked":"Blur","floor":22.0},{"not_picked":["Accuracy","Endless Agony+1","Die Die Die"],"picked":"SKIP","floor":23.0},{"not_picked":["Accuracy","Endless Agony+1","Die Die Die"],"picked":"SKIP","floor":23.0},{"not_picked":["Infinite Blades+1","Accuracy+1","Cloak And Dagger"],"picked":"SKIP","floor":25.0},{"not_picked":["Poisoned Stab","Outmaneuver"],"picked":"Deflect+1","floor":28.0},{"not_picked":["Venomology","Doppelganger"],"picked":"Malaise","floor":33.0},{"not_picked":["Dagger Spray+1","Blade Dance"],"picked":"Leg Sweep+1","floor":35.0},{"not_picked":["Blade Dance","Predator"],"picked":"Well Laid Plans+1","floor":36.0},{"not_picked":["Dagger Spray","Blade Dance"],"picked":"Catalyst","floor":37.0},{"not_picked":["Bane+1","Poisoned Stab+1"],"picked":"Blur+1","floor":38.0},{"not_picked":["Backstab","Flying Knee","Deflect"],"picked":"SKIP","floor":41.0},{"not_picked":["Choke+1","Quick Slash+1","Masterful Stab+1"],"picked":"SKIP","floor":42.0},{"not_picked":["Dagger Throw+1","Underhanded Strike"],"picked":"Crippling Poison+1","floor":44}],"player_experience":577562,"relics_obtained":[{"floor":8.0,"key":"Gremlin Horn"},{"floor":9.0,"key":"Mummified Hand"},{"floor":13.0,"key":"Letter Opener"},{"floor":23.0,"key":"Frozen Egg 2"},{"floor":26.0,"key":"Anchor"}],"event_choices":[{"damage_healed":0.0,"max_hp_gain":0.0,"max_hp_loss":0.0,"gold_gain":0.0,"event_name":"Shining Light","player_choice":"Entered Light","floor":7.0,"gold_loss":0.0,"damage_taken":14.0,"cards_upgraded":["Survivor","Defend_G"]},{"damage_healed":0.0,"max_hp_gain":0.0,"max_hp_loss":0.0,"gold_gain":0.0,"event_name":"Upgrade Shrine","player_choice":"Upgraded","floor":10.0,"gold_loss":0.0,"damage_taken":0.0,"cards_upgraded":["All Out Attack"]},{"cards_removed":["Defend_G"],"damage_healed":0.0,"max_hp_gain":0.0,"max_hp_loss":0.0,"gold_gain":0.0,"event_name":"Beggar","player_choice":"Gave Gold","floor":21.0,"gold_loss":75.0,"damage_taken":0.0},{"damage_healed":0.0,"max_hp_gain":0.0,"max_hp_loss":0.0,"gold_gain":0.0,"event_name":"Addict","player_choice":"Obtained Relic","floor":30.0,"gold_loss":85.0,"damage_taken":0.0,"relics_obtained":["Bag of Marbles"]},{"cards_removed":["Sucker Punch"],"damage_healed":0.0,"max_hp_gain":0.0,"max_hp_loss":0.0,"gold_gain":0.0,"event_name":"Falling","player_choice":"Removed Attack","floor":39.0,"gold_loss":0.0,"damage_taken":0.0},{"damage_healed":0,"gold_gain":0,"player_choice":"Embrace Madness","damage_taken":9,"max_hp_gain":0,"max_hp_loss":0,"event_name":"Winding Halls","floor":46,"gold_loss":0,"cards_obtained":["Madness","Madness"]},{"damage_healed":0,"gold_gain":0,"player_choice":"Ignored","damage_taken":0,"max_hp_gain":0,"max_hp_loss":0,"event_name":"SecretPortal","floor":47,"gold_loss":0}],"is_beta":false,"boss_relics":[{"not_picked":["Black Star","Runic Dome"],"picked":"Cursed Key"},{"not_picked":["WristBlade","HoveringKite"],"picked":"Pandora\u0027s Box"}],"items_purged_floors":[29,31],"is_endless":false,"potions_floor_spawned":[1,5,12,13,14,18,20,28,35,37,41,42],"ascension_level":7}