{"gold_per_floor":[118,135,148,148,159,159,169,169,169,109,135,151,151,163,163,258,258,270,185,125,142,62,62,77,96,96,116,116,131,147,147],"floor_reached":31,"playtime":2506,"items_purged":["Strike_G","Strike_G"],"score":361,"play_id":"7f466517-2a82-43ea-8c38-1d9e6e91e9f4","local_time":"20191002215405","is_ascension_mode":true,"campfire_choices":[{"data":"Tactician","floor":6.0,"key":"SMITH"},{"data":"Acrobatics","floor":8.0,"key":"SMITH"},{"data":"Noxious Fumes","floor":13.0,"key":"SMITH"},{"data":"A Thousand Cuts","floor":15.0,"key":"SMITH"},{"data":"Malaise","floor":23.0,"key":"SMITH"},{"floor":28.0,"key":"REST"}],"neow_cost":"NONE","seed_source_timestamp":2071546181091460,"circlet_count":0,"master_deck":["AscendersBane","Strike_G","Strike_G","Defend_G","Defend_G","Defend_G","Defend_G","Survivor","Neutralize","Acrobatics+1","Tactician+1","A Thousand Cuts+1","Endless Agony","Noxious Fumes+1","Malaise+1","Deadly Poison","Bouncing Flask+1","Calculated Gamble+1","Acrobatics+1","Escape Plan"],"special_seed":0,"relics":["Ring of the Snake","The Courier","Omamori","Black Star","Ancient Tea Set","Shuriken"],"potions_floor_usage":[30,30,30],"damage_taken":[{"damage":0.0,"enemies":"Small Slimes","floor":1.0,"turns":5.0},{"damage":2.0,"enemies":"Cultist","floor":2.0,"turns":4.0},{"damage":10.0,"enemies":"Jaw Worm","floor":3.0,"turns":6.0},{"damage":2.0,"enemies":"Red Slaver","floor":5.0,"turns":4.0},{"damage":4.0,"enemies":"Blue Slaver","floor":7.0,"turns":5.0},{"damage":0.0,"enemies":"Looter","floor":12.0,"turns":4.0},{"damage":6.0,"enemies":"Large Slime","floor":14.0,"turns":4.0},{"damage":16.0,"enemies":"Hexaghost","floor":16.0,"turns":10.0},{"damage":10.0,"enemies":"Spheric Guardian","floor":18.0,"turns":5.0},{"damage":13.0,"enemies":"Shell Parasite","floor":21.0,"turns":6.0},{"damage":9.0,"enemies":"Snake Plant","floor":24.0,"turns":4.0},{"damage":10.0,"enemies":"3 Cultists","floor":25.0,"turns":4.0},{"damage":17.0,"enemies":"Cultist and Chosen","floor":27.0,"turns":5.0},{"damage":13.0,"enemies":"Centurion and Healer","floor":29.0,"turns":4.0},{"damage":5,"enemies":"Snake Plant","floor":30,"turns":6},{"damage":1,"enemies":"Cultist and Chosen","floor":31,"turns":3}],"seed_played":"-7474093616176538080","potions_obtained":[{"floor":2.0,"key":"Weak Potion"},{"floor":5.0,"key":"Dexterity Potion"},{"floor":12.0,"key":"SteroidPotion"},{"floor":21.0,"key":"PowerPotion"},{"floor":29.0,"key":"EntropicBrew"}],"is_trial":false,"path_per_floor":["M","M","M","?","M","R","M","R","T","$","T","M","R","M","R","B",null,"M","?","?","M","$","R","M","M","T","M","R","M","M","M"],"character_chosen":"THE_SILENT","items_purchased":[],"campfire_rested":1,"item_purchase_floors":[],"current_hp_per_floor":[70,68,58,58,56,56,52,52,52,52,52,52,52,46,46,30,65,55,55,55,42,42,42,33,23,23,6,29,16,11,10],"gold":147,"neow_bonus":"TEN_PERCENT_HP_BONUS","is_prod":false,"is_daily":false,"chose_seed":false,"campfire_upgraded":5,"win_rate":0,"timestamp":1570067645,"path_taken":["M","M","M","?","M","R","M","R","T","$","?","M","R","M","R","BOSS","M","?","?","M","$","R","M","M","T","M","R","M","?","M"],"build_version":"2019-07-17","purchased_purges":2,"victory":false,"max_hp_per_floor":[77,77,77,77,77,77,77,77,77,77,77,77,77,77,77,77,77,77,77,77,77,77,77,77,77,77,77,77,77,77,77],"card_choices":[{"not_picked":["Dagger Throw","Deadly Poison"],"picked":"Acrobatics","floor":1.0},{"not_picked":["Outmaneuver","Escape Plan","Underhanded Strike"],"picked":"SKIP","floor":2.0},{"not_picked":["Blade Dance","Heel Hook"],"picked":"Tactician","floor":3.0},{"not_picked":["Dagger Spray","Infinite Blades"],"picked":"Endless Agony","floor":5.0},{"not_picked":["Backstab","Dagger Spray"],"picked":"Noxious Fumes","floor":7.0},{"not_picked":["Skewer","Slice"],"picked":"Malaise","floor":12.0},{"not_picked":["Flying Knee","Slice"],"picked":"Deadly Poison","floor":14.0},{"not_picked":["Distraction+1","Sucker Punch"],"picked":"Bouncing Flask+1","floor":18.0},{"not_picked":["Bane","Underhanded Strike"],"picked":"Calculated Gamble+1","floor":21.0},{"not_picked":["Underhanded Strike","Finisher","Setup"],"picked":"SKIP","floor":24.0},{"not_picked":["Predator","Dodge and Roll","Dagger Spray"],"picked":"SKIP","floor":25.0},{"not_picked":["Well Laid Plans+1","Dodge and Roll"],"picked":"Acrobatics+1","floor":27.0},{"not_picked":["PiercingWail","Storm of Steel"],"picked":"Escape Plan","floor":29.0},{"not_picked":["Riddle With Holes","Deflect","PiercingWail"],"picked":"SKIP","floor":30}],"player_experience":615817,"relics_obtained":[{"floor":9.0,"key":"The Courier"},{"floor":11.0,"key":"Omamori"},{"floor":26.0,"key":"Shuriken"}],"event_choices":[{"damage_healed":0.0,"max_hp_gain":0.0,"max_hp_loss":0.0,"gold_gain":0.0,"cards_transformed":["Defend_G"],"event_name":"Transmorgrifier","player_choice":"Transformed","floor":4.0,"gold_loss":0.0,"damage_taken":0.0,"cards_obtained":["A Thousand Cuts"]},{"damage_healed":0.0,"max_hp_gain":0.0,"max_hp_loss":0.0,"gold_gain":0.0,"event_name":"Addict","player_choice":"Obtained Relic","floor":19.0,"gold_loss":85.0,"damage_taken":0.0,"relics_obtained":["Ancient Tea Set"]},{"cards_removed":["Strike_G"],"damage_healed":0.0,"max_hp_gain":0.0,"max_hp_loss":0.0,"gold_gain":0.0,"event_name":"Designer","player_choice":"Single Remove","floor":20.0,"gold_loss":60.0,"damage_taken":0.0}],"is_beta":false,"boss_relics":[{"not_picked":["Lizard Tail","Fusion Hammer"],"picked":"Black Star"}],"items_purged_floors":[10,22],"is_endless":false,"potions_floor_spawned":[2,5,12,21,29],"killed_by":"Cultist and Chosen","ascension_level":11}