{"gold_per_floor":[116,136,106,124,139,139,170,170,245,258,269,301,313,332,332,433,433,448,458,2,15,15],"floor_reached":22,"playtime":1261,"items_purged":[],"score":295,"play_id":"ceafce7b-8e59-4e4b-ac8a-028e38772f91","local_time":"20190210230229","is_ascension_mode":true,"campfire_choices":[{"data":"Dagger Throw","floor":6,"key":"SMITH"},{"floor":8,"key":"REST"},{"data":"A Thousand Cuts","floor":15,"key":"SMITH"}],"neow_cost":"NONE","seed_source_timestamp":1231069647601490,"circlet_count":0,"master_deck":["Survivor","Neutralize","Predator","Dodge and Roll","Flying Knee","Dagger Throw+1","Dodge and Roll","Cloak And Dagger","A Thousand Cuts+1","Crippling Poison","Dash","Caltrops","Venomology","Poisoned Stab","Quick Slash","Storm of Steel","Escape Plan","Heel Hook","Heel Hook","After Image","After Image","Concentrate","Venomology","Noxious Fumes+1","PiercingWail","Apotheosis","Noxious Fumes","Choke"],"relics":["Ring of the Snake","NeowsBlessing","FossilizedHelix","Mercury Hourglass","Bag of Marbles","Pandora\u0027s Box","Oddly Smooth Stone"],"potions_floor_usage":[5,7,12,16,16,19,21,22,22,22],"damage_taken":[{"damage":0,"enemies":"Cultist","floor":1,"turns":1},{"damage":0,"enemies":"Small Slimes","floor":2,"turns":1},{"damage":0,"enemies":"Jaw Worm","floor":4,"turns":1},{"damage":0,"enemies":"3 Louse","floor":5,"turns":2},{"damage":28,"enemies":"Lagavulin","floor":7,"turns":5},{"damage":0,"enemies":"Large Slime","floor":10,"turns":5},{"damage":0,"enemies":"Exordium Wildlife","floor":11,"turns":3},{"damage":0,"enemies":"3 Sentries","floor":12,"turns":5},{"damage":0,"enemies":"Blue Slaver","floor":13,"turns":2},{"damage":0,"enemies":"Lots of Slimes","floor":14,"turns":2},{"damage":21,"enemies":"Hexaghost","floor":16,"turns":10},{"damage":17,"enemies":"2 Thieves","floor":18,"turns":5},{"damage":5,"enemies":"3 Byrds","floor":19,"turns":2},{"damage":29,"enemies":"Centurion and Healer","floor":21,"turns":6},{"damage":23,"enemies":"Masked Bandits","floor":22,"turns":3}],"seed_played":"1565190402271274678","potions_obtained":[{"floor":1,"key":"Fire Potion"},{"floor":3,"key":"Dexterity Potion"},{"floor":3,"key":"EssenceOfSteel"},{"floor":5,"key":"AttackPotion"},{"floor":11,"key":"GamblersBrew"},{"floor":13,"key":"Weak Potion"},{"floor":14,"key":"Regen Potion"},{"floor":18,"key":"Explosive Potion"}],"is_trial":false,"path_per_floor":["M","M","?","M","M","R","E","R","T","M","M","E","M","M","R","B",null,"M","M","$","M","?"],"character_chosen":"THE_SILENT","items_purchased":["Apotheosis","Noxious Fumes","Oddly Smooth Stone","Fire Potion"],"campfire_rested":1,"item_purchase_floors":[20,20,20,20],"current_hp_per_floor":[63,63,63,63,63,63,35,56,56,56,56,56,56,56,56,50,65,48,43,43,14,0],"gold":15,"neow_bonus":"THREE_ENEMY_KILL","is_prod":false,"is_daily":false,"chose_seed":false,"campfire_upgraded":2,"win_rate":0,"timestamp":1549857749,"path_taken":["M","?","?","M","?","R","E","R","T","M","M","E","M","M","R","BOSS","M","M","$","M","?"],"build_version":"2019-01-23","purchased_purges":0,"victory":false,"max_hp_per_floor":[70,70,70,70,70,70,70,70,70,70,70,70,70,70,70,70,70,70,70,70,70,70],"card_choices":[{"not_picked":["Choke","Dagger Spray"],"picked":"Predator","floor":1},{"not_picked":["Reflex","Acrobatics"],"picked":"Dodge and Roll","floor":2},{"not_picked":["Blade Dance","Calculated Gamble"],"picked":"Flying Knee","floor":4},{"not_picked":["Underhanded Strike","Dagger Spray"],"picked":"Dagger Throw","floor":5},{"not_picked":["Underhanded Strike","Poisoned Stab"],"picked":"Dodge and Roll","floor":7},{"not_picked":["Escape Plan","Masterful Stab"],"picked":"Cloak And Dagger","floor":10},{"not_picked":["Prepared","Deflect"],"picked":"A Thousand Cuts","floor":11},{"not_picked":["Blade Dance","Deflect"],"picked":"Crippling Poison","floor":12},{"not_picked":["Crippling Poison","PiercingWail"],"picked":"Dash","floor":13},{"not_picked":["Quick Slash","Underhanded Strike"],"picked":"Caltrops","floor":14},{"not_picked":["Night Terror","Wraith Form v2"],"picked":"Venomology","floor":16},{"not_picked":["Acrobatics+1","Backflip"],"picked":"Noxious Fumes+1","floor":18},{"not_picked":["Backflip+1","Deadly Poison+1"],"picked":"PiercingWail","floor":19},{"not_picked":["Outmaneuver","Flechettes"],"picked":"Choke","floor":21}],"player_experience":447573,"relics_obtained":[{"floor":7,"key":"FossilizedHelix"},{"floor":9,"key":"Mercury Hourglass"},{"floor":12,"key":"Bag of Marbles"}],"event_choices":[{"damage_healed":0,"gold_gain":0,"player_choice":"Bought 2 Potions","damage_taken":0,"max_hp_gain":0,"max_hp_loss":0,"event_name":"The Woman in Blue","floor":3,"gold_loss":0},{"damage_healed":0,"gold_gain":0,"player_choice":"Fought Bandits","damage_taken":0,"max_hp_gain":0,"max_hp_loss":0,"event_name":"Masked Bandits","floor":22,"gold_loss":0}],"is_beta":false,"boss_relics":[{"not_picked":["Empty Cage","Eternal Feather"],"picked":"Pandora\u0027s Box"}],"items_purged_floors":[],"is_endless":false,"potions_floor_spawned":[1,5,11,13,14,18],"killed_by":"Masked Bandits","ascension_level":6}