{"gold_per_floor":[111,211,230,230,241,241,258,258,288,318,337,363,313,204,204,304,304,321,334,54,68,68,100,111,111,111,127,127,127,152,168,168,267,267,277,303,303,178,178,178,509,509,509,526,538,553,570,570,570,570],"floor_reached":51,"playtime":4551,"items_purged":["Strike_G","Regret","Strike_G"],"score":807,"play_id":"311bdae0-50d2-4dfa-9c4f-e9b04334e452","local_time":"20180702205348","is_ascension_mode":false,"campfire_choices":[{"data":"Noxious Fumes","floor":6,"key":"SMITH"},{"data":"Neutralize","floor":8,"key":"SMITH"},{"data":"Noxious Fumes","floor":15,"key":"SMITH"},{"floor":25,"key":"REST"},{"floor":32,"key":"REST"},{"data":"After Image","floor":40,"key":"SMITH"},{"data":"Noxious Fumes","floor":49,"key":"SMITH"}],"neow_cost":"NONE","seed_source_timestamp":84009600127415,"circlet_count":0,"master_deck":["Defend_G","Defend_G","Defend_G","Survivor","Neutralize+1","Quick Slash","Poisoned Stab","Noxious Fumes+1","Flying Knee","Well Laid Plans","Endless Agony","Noxious Fumes+1","Noxious Fumes+1","Corpse Explosion","Quick Slash+1","Bane+1","Sadistic Nature","Flying Knee+1","Slice+1","PiercingWail","Slice+1","Bane+1","Dagger Throw+1","Flying Knee+1","After Image+1","Riddle With Holes+1","Flash of Steel+1","Finesse","Sadistic Nature","Slice+1","Quick Slash+1","Flying Knee+1","Quick Slash+1","Catalyst+1"],"relics":["Empty Cage","Tiny Chest","Kunai","Potion Belt","Calling Bell","Anchor","Molten Egg 2","Ice Cream","Dream Catcher","Ornamental Fan","GremlinMask","Blood Vial","Lizard Tail","Boot","Old Coin","Gremlin Horn"],"potions_floor_usage":[12,16,16,18,24,27,35,44,45,50],"damage_taken":[{"damage":7,"enemies":"Cultist","floor":1,"turns":7},{"damage":5,"enemies":"Jaw Worm","floor":3,"turns":5},{"damage":0,"enemies":"2 Louse","floor":5,"turns":2},{"damage":0,"enemies":"Looter","floor":7,"turns":4},{"damage":10,"enemies":"Gremlin Nob","floor":10,"turns":4},{"damage":6,"enemies":"3 Louse","floor":11,"turns":4},{"damage":16,"enemies":"3 Sentries","floor":12,"turns":9},{"damage":0,"enemies":"Hexaghost","floor":16,"turns":7},{"damage":18,"enemies":"Chosen","floor":18,"turns":5},{"damage":12,"enemies":"Shell Parasite","floor":19,"turns":6},{"damage":5,"enemies":"Centurion and Healer","floor":21,"turns":5},{"damage":20,"enemies":"Book of Stabbing","floor":23,"turns":5},{"damage":10,"enemies":"3 Cultists","floor":24,"turns":4},{"damage":4,"enemies":"Chosen and Byrds","floor":27,"turns":5},{"damage":10,"enemies":"Centurion and Healer","floor":31,"turns":6},{"damage":30,"enemies":"Champ","floor":33,"turns":9},{"damage":5,"enemies":"3 Darklings","floor":35,"turns":6},{"damage":34,"enemies":"Nemesis","floor":41,"turns":7},{"damage":0,"enemies":"Flame Bruiser 1 Orb","floor":44,"turns":4},{"damage":9,"enemies":"Spire Growth","floor":45,"turns":5},{"damage":12,"enemies":"Sphere and 2 Shapes","floor":46,"turns":6},{"damage":0,"enemies":"Flame Bruiser 2 Orb","floor":47,"turns":5},{"damage":70,"enemies":"Donu and Deca","floor":50,"turns":9}],"seed_played":"6207795283020298529","potions_obtained":[{"floor":3,"key":"FearPotion"},{"floor":10,"key":"Weak Potion"},{"floor":11,"key":"Ancient Potion"},{"floor":12,"key":"Swift Potion"},{"floor":21,"key":"GhostInAJar"},{"floor":23,"key":"FearPotion"},{"floor":24,"key":"Fire Potion"},{"floor":33,"key":"Swift Potion"},{"floor":41,"key":"AttackPotion"},{"floor":44,"key":"AttackPotion"}],"is_trial":false,"path_per_floor":["M","?","M","?","M","R","M","R","T","E","M","E","?","$","R","B",null,"M","M","$","M","?","E","M","R","T","M","?","?","T","M","R","B",null,"M","T","?","$","?","R","E","?","T","M","M","M","M","?","R","B"],"character_chosen":"THE_SILENT","items_purchased":["Noxious Fumes","Sadistic Nature"],"campfire_rested":2,"item_purchase_floors":[14,20],"current_hp_per_floor":[63,63,58,58,58,58,58,58,58,48,42,26,26,26,26,26,70,52,40,40,35,35,15,5,25,25,21,21,21,21,13,33,5,67,62,62,52,52,52,52,20,59,59,59,50,40,42,42,42,3],"gold":570,"neow_bonus":"BOSS_RELIC","is_prod":false,"is_daily":false,"chose_seed":false,"campfire_upgraded":5,"win_rate":0.0,"timestamp":1530561228,"path_taken":["M","?","M","?","M","R","M","R","T","E","M","E","?","$","R","BOSS","M","M","$","M","?","E","M","R","T","?","?","?","?","M","R","BOSS","M","?","?","$","?","R","E","?","T","?","?","M","M","?","R","BOSS"],"build_version":"2018-06-29","purchased_purges":3,"victory":true,"max_hp_per_floor":[70,70,70,70,70,70,70,70,70,70,70,70,70,70,70,70,70,70,70,70,70,67,67,67,67,67,67,67,67,67,67,67,67,67,67,67,67,67,67,67,67,59,59,59,59,59,59,59,59,59],"card_choices":[{"not_picked":["Crippling Poison","Acrobatics"],"picked":"Quick Slash","floor":1},{"not_picked":["Underhanded Strike","Catalyst"],"picked":"Poisoned Stab","floor":3},{"not_picked":["Bane","Eviscerate"],"picked":"Noxious Fumes","floor":5},{"not_picked":["Poisoned Stab","Crippling Poison"],"picked":"Flying Knee","floor":7},{"not_picked":["Choke","Skewer"],"picked":"Well Laid Plans","floor":10},{"not_picked":["Acrobatics","Footwork"],"picked":"Endless Agony","floor":11},{"not_picked":["Crippling Poison","Catalyst"],"picked":"Noxious Fumes","floor":12},{"not_picked":["Tactician","Doppelganger"],"picked":"Corpse Explosion","floor":16},{"not_picked":["Predator+1","Masterful Stab+1"],"picked":"Quick Slash+1","floor":18},{"not_picked":["Outmaneuver","After Image"],"picked":"Bane+1","floor":19},{"not_picked":["Distraction","Expertise"],"picked":"Flying Knee+1","floor":21},{"not_picked":["Predator+1","Backflip"],"picked":"PiercingWail+1","floor":23},{"not_picked":["Malaise","Prepared"],"picked":"Slice+1","floor":24},{"not_picked":["Expertise+1","Cloak And Dagger"],"picked":"PiercingWail","floor":25},{"not_picked":["Acrobatics+1","After Image"],"picked":"Slice+1","floor":27},{"not_picked":["Cloak And Dagger","Flechettes+1"],"picked":"Dagger Throw+1","floor":31},{"not_picked":["Terror","Cloak And Dagger"],"picked":"Flying Knee+1","floor":32},{"not_picked":["Phantasmal Killer","Burst"],"picked":"After Image","floor":33},{"not_picked":["Underhanded Strike+1","Backflip"],"picked":"Riddle With Holes+1","floor":35},{"not_picked":["Secret Weapon","Good Instincts"],"picked":"Flash of Steel+1","floor":37},{"not_picked":["Bandage Up","Dramatic Entrance+1"],"picked":"Finesse","floor":37},{"not_picked":["Finesse","Trip"],"picked":"Sadistic Nature","floor":37},{"not_picked":["Die Die Die+1","Heel Hook+1"],"picked":"Slice+1","floor":41},{"not_picked":["Leg Sweep+1","Acrobatics+1"],"picked":"Quick Slash+1","floor":44},{"not_picked":["Dodge and Roll","Dagger Throw+1"],"picked":"Flying Knee+1","floor":45},{"not_picked":["Backflip+1","Blur"],"picked":"Quick Slash+1","floor":46},{"not_picked":["Masterful Stab+1","Outmaneuver"],"picked":"Catalyst+1","floor":47}],"player_experience":30543,"relics_obtained":[{"floor":9,"key":"Tiny Chest"},{"floor":10,"key":"Kunai"},{"floor":12,"key":"Potion Belt"},{"floor":17,"key":"Anchor"},{"floor":17,"key":"Molten Egg 2"},{"floor":17,"key":"Ice Cream"},{"floor":23,"key":"Dream Catcher"},{"floor":26,"key":"Ornamental Fan"},{"floor":30,"key":"Blood Vial"},{"floor":36,"key":"Boot"},{"floor":41,"key":"Old Coin"},{"floor":43,"key":"Gremlin Horn"}],"event_choices":[{"event_name":"Golden Shrine","player_choice":"Pray","floor":2,"damage_taken":0},{"event_name":"Bonfire Elementals","player_choice":"BASIC","floor":4,"damage_taken":0},{"event_name":"The Cleric","player_choice":"Card Removal","floor":13,"damage_taken":0},{"event_name":"Fountain of Cleansing","player_choice":"Removed Curse","floor":22,"damage_taken":0},{"event_name":"The Library","player_choice":"Read","floor":28,"damage_taken":0},{"event_name":"FaceTrader","player_choice":"Trade","floor":29,"damage_taken":0},{"event_name":"SensoryStone","player_choice":"Memory 3","floor":37,"damage_taken":0},{"event_name":"Falling","player_choice":"Removed Skill","floor":39,"damage_taken":0},{"event_name":"The Moai Head","player_choice":"Heal","floor":42,"damage_taken":0},{"event_name":"Purifier","player_choice":"One Purge","floor":48,"damage_taken":0}],"boss_relics":[{"not_picked":["Eternal Feather","Runic Dome"],"picked":"Calling Bell"},{"not_picked":["Cursed Key","Snecko Eye"],"picked":"Lizard Tail"}],"items_purged_floors":[14,20,38],"is_endless":false,"potions_floor_spawned":[3,10,11,12,21,23,24,33,41,44],"ascension_level":0}