{"gold_per_floor":[145,145,155,165,340,340,368,388,388,388,415,415,415,490,490,490],"floor_reached":16,"playtime":585,"items_purged":[],"score":127,"play_id":"3d9216b0-6686-4370-ba91-cef302313189","local_time":"20190921160742","is_ascension_mode":true,"campfire_choices":[{"data":"Dualcast","floor":6,"key":"SMITH"},{"data":"Redo","floor":10,"key":"SMITH"},{"data":"Steam Power","floor":12,"key":"SMITH"},{"floor":15,"key":"REST"}],"neow_cost":"NONE","seed_source_timestamp":187700498372600,"circlet_count":0,"master_deck":["Strike_B","Strike_B","Strike_B","Strike_B","Defend_B","Defend_B","Defend_B","Defend_B","Zap+1","Dualcast+1","FTL","Beam Cell","Steam Power+1","Redo+1","Capacitor"],"relics":["Cracked Core","Tiny Chest","Odd Mushroom","Pantograph","Bottled Lightning"],"potions_floor_usage":[7,12],"damage_taken":[{"damage":2,"enemies":"Jaw Worm","floor":1,"turns":4},{"damage":1,"enemies":"Cultist","floor":3,"turns":3},{"damage":2,"enemies":"2 Louse","floor":4,"turns":2},{"damage":17,"enemies":"The Mushroom Lair","floor":7,"turns":4},{"damage":7,"enemies":"2 Fungi Beasts","floor":8,"turns":3},{"damage":24,"enemies":"3 Sentries","floor":11,"turns":7},{"damage":58,"enemies":"Hexaghost","floor":16,"turns":8}],"seed_played":"-7774350226944538183","potions_obtained":[{"floor":4,"key":"Poison Potion"},{"floor":11,"key":"Fruit Juice"}],"is_trial":false,"path_per_floor":["M","?","M","M","?","R","?","M","T","R","E","R","?","?","R","B"],"character_chosen":"DEFECT","items_purchased":[],"campfire_rested":1,"item_purchase_floors":[],"current_hp_per_floor":[66,66,65,63,63,63,46,39,39,39,15,20,13,2,26,0],"gold":490,"neow_bonus":"RANDOM_COMMON_RELIC","is_prod":false,"is_daily":false,"chose_seed":false,"campfire_upgraded":3,"win_rate":0,"timestamp":1569078462,"path_taken":["M","?","?","M","?","R","?","M","T","R","E","R","?","?","R","BOSS"],"build_version":"2019-07-17","purchased_purges":0,"victory":false,"max_hp_per_floor":[75,75,75,75,75,75,75,75,75,75,75,80,80,80,80,80],"card_choices":[{"not_picked":["Conserve Battery","Sweeping Beam"],"picked":"FTL","floor":1},{"not_picked":["Leap","Cold Snap"],"picked":"Beam Cell","floor":3},{"not_picked":["Cold Snap","Rebound"],"picked":"Steam Power","floor":4},{"not_picked":["Melter","Sweeping Beam"],"picked":"Redo","floor":7},{"not_picked":["Darkness","Rebound","Barrage"],"picked":"SKIP","floor":8},{"not_picked":["Cold Snap","Blizzard"],"picked":"Capacitor","floor":11}],"player_experience":369495,"relics_obtained":[{"floor":7,"key":"Odd Mushroom"},{"floor":9,"key":"Pantograph"},{"floor":11,"key":"Bottled Lightning"}],"event_choices":[{"damage_healed":0,"gold_gain":0,"player_choice":"Upgraded","damage_taken":0,"max_hp_gain":0,"max_hp_loss":0,"event_name":"Upgrade Shrine","floor":2,"gold_loss":0,"cards_upgraded":["Zap"]},{"damage_healed":0,"gold_gain":175,"player_choice":"AGREE","damage_taken":0,"max_hp_gain":0,"max_hp_loss":0,"event_name":"Liars Game","floor":5,"gold_loss":0,"cards_obtained":["Doubt"]},{"damage_healed":0,"gold_gain":0,"player_choice":"Fought Mushrooms","damage_taken":0,"max_hp_gain":0,"max_hp_loss":0,"event_name":"Mushrooms","floor":7,"gold_loss":0},{"cards_removed":["Doubt"],"damage_healed":0,"gold_gain":0,"player_choice":"Card Removal","damage_taken":7,"max_hp_gain":0,"max_hp_loss":0,"event_name":"Golden Wing","floor":13,"gold_loss":0},{"damage_healed":0,"gold_gain":75,"player_choice":"Gather Gold","damage_taken":11,"max_hp_gain":0,"max_hp_loss":0,"event_name":"World of Goop","floor":14,"gold_loss":0}],"is_beta":false,"boss_relics":[],"items_purged_floors":[],"is_endless":false,"potions_floor_spawned":[4,11],"killed_by":"Hexaghost","ascension_level":6}