{"gold_per_floor":[111,111,123,142,159,159,191,208,255,255,281,294,323,336,336,434,434,449,460,460,0,0,29,29,41,109,109],"floor_reached":27,"playtime":2680,"items_purged":[],"score":345,"play_id":"c1aafaad-9a8a-45ce-aca7-9696797d4e7b","local_time":"20181227000117","is_ascension_mode":true,"campfire_choices":[{"data":"Noxious Fumes","floor":6,"key":"SMITH"},{"data":"Venomology","floor":10,"key":"SMITH"},{"data":"Flying Knee","floor":15,"key":"SMITH"},{"data":"Glass Knife","floor":24,"key":"SMITH"}],"neow_cost":"NONE","seed_source_timestamp":542143186453878,"circlet_count":0,"master_deck":["Defend_G","Defend_G","Defend_G","Strike_G","Strike_G","Strike_G","Survivor","Neutralize","Venomology+1","Flying Knee","Dagger Spray","Noxious Fumes+1","Sucker Punch","Flying Knee+1","Crippling Poison","PiercingWail","Flying Knee","Flechettes","Flying Knee","Glass Knife+1","Cloak And Dagger+1","Underhanded Strike+1","Reflex+1","Dodge and Roll+1","Footwork","J.A.X.","Panache","Underhanded Strike","Acrobatics","Heel Hook","Quick Slash"],"relics":["Ring of the Snake","Question Card","Shuriken","Pen Nib","Astrolabe","Bottled Tornado","Du-Vu Doll","Matryoshka"],"potions_floor_usage":[5,7,7,11,12,13,13,14,14,16,16,18,19,23,23,23,23,23,25,27,27],"damage_taken":[{"damage":0,"enemies":"2 Louse","floor":1,"turns":3},{"damage":4,"enemies":"Jaw Worm","floor":3,"turns":6},{"damage":0,"enemies":"Cultist","floor":4,"turns":4},{"damage":2,"enemies":"Large Slime","floor":5,"turns":6},{"damage":3,"enemies":"Lagavulin","floor":7,"turns":8},{"damage":0,"enemies":"3 Louse","floor":8,"turns":3},{"damage":20,"enemies":"Gremlin Nob","floor":11,"turns":4},{"damage":0,"enemies":"Red Slaver","floor":12,"turns":4},{"damage":0,"enemies":"3 Sentries","floor":13,"turns":5},{"damage":4,"enemies":"Gremlin Gang","floor":14,"turns":4},{"damage":9,"enemies":"Hexaghost","floor":16,"turns":7},{"damage":4,"enemies":"Shell Parasite","floor":18,"turns":3},{"damage":15,"enemies":"2 Thieves","floor":19,"turns":5},{"damage":1,"enemies":"Gremlin Leader","floor":23,"turns":4},{"damage":20,"enemies":"Snecko","floor":25,"turns":5},{"damage":50,"enemies":"Slavers","floor":27,"turns":3}],"seed_played":"-906359520559378403","potions_obtained":[{"floor":8,"key":"Ancient Potion"},{"floor":11,"key":"Energy Potion"},{"floor":14,"key":"Fire Potion"},{"floor":19,"key":"EntropicBrew"},{"floor":25,"key":"SpeedPotion"}],"is_trial":false,"path_per_floor":["M","?","M","M","M","R","E","M","T","R","E","M","E","M","R","B",null,"M","M","?","$","?","E","R","M","T","E"],"character_chosen":"THE_SILENT","items_purchased":["Panache","Bottled Tornado","Underhanded Strike"],"campfire_rested":0,"item_purchase_floors":[21,21,21],"current_hp_per_floor":[70,63,59,59,70,70,67,67,67,67,47,47,47,43,43,34,70,66,51,51,51,51,62,62,42,42,0],"gold":109,"neow_bonus":"ONE_RANDOM_RARE_CARD","is_prod":false,"is_daily":false,"chose_seed":false,"campfire_upgraded":4,"win_rate":0,"timestamp":1545886877,"path_taken":["M","?","M","M","M","R","E","M","T","R","E","M","E","M","R","BOSS","M","M","?","$","?","E","R","M","T","E"],"build_version":"2018-12-20","purchased_purges":0,"victory":false,"max_hp_per_floor":[70,70,70,70,70,70,70,70,70,70,70,70,70,70,70,70,70,70,70,70,70,70,70,70,70,70,70],"card_choices":[{"not_picked":["Deadly Poison","Dagger Spray"],"picked":"Flying Knee","floor":1},{"not_picked":["PiercingWail","Concentrate"],"picked":"Dagger Spray","floor":3},{"not_picked":["Well Laid Plans","Outmaneuver"],"picked":"Noxious Fumes","floor":4},{"not_picked":["Catalyst","Underhanded Strike"],"picked":"Sucker Punch","floor":5},{"not_picked":["Calculated Gamble","Night Terror"],"picked":"Flying Knee","floor":7},{"not_picked":["Sucker Punch","Riddle With Holes","PiercingWail"],"picked":"Crippling Poison","floor":8},{"not_picked":["Dagger Throw","Dash","Outmaneuver"],"picked":"PiercingWail","floor":11},{"not_picked":["Deflect","Acrobatics","Outmaneuver"],"picked":"Flying Knee","floor":12},{"not_picked":["Doppelganger","Finisher","Leg Sweep"],"picked":"Flechettes","floor":13},{"not_picked":["Outmaneuver","Sucker Punch","Acrobatics"],"picked":"Flying Knee","floor":14},{"not_picked":["Die Die Die","Unload","Venomology"],"picked":"Glass Knife","floor":16},{"not_picked":["Acrobatics","Flying Knee","Predator"],"picked":"Dodge and Roll+1","floor":18},{"not_picked":["Outmaneuver","Deadly Poison","Noxious Fumes"],"picked":"Footwork","floor":19},{"not_picked":["Deflect","Blade Dance","Envenom"],"picked":"Heel Hook","floor":23},{"not_picked":["Dash","Deflect","Catalyst+1"],"picked":"Quick Slash","floor":25}],"player_experience":192564,"relics_obtained":[{"floor":7,"key":"Question Card"},{"floor":11,"key":"Shuriken"},{"floor":13,"key":"Pen Nib"},{"floor":23,"key":"Du-Vu Doll"},{"floor":26,"key":"Matryoshka"}],"event_choices":[{"cards_removed":["Strike_G"],"damage_healed":0,"gold_gain":0,"player_choice":"Card Removal","damage_taken":7,"max_hp_gain":0,"max_hp_loss":0,"event_name":"Golden Wing","floor":2,"gold_loss":0},{"damage_healed":0,"gold_gain":0,"player_choice":"Obtain J.A.X.","damage_taken":0,"max_hp_gain":0,"max_hp_loss":0,"event_name":"Drug Dealer","floor":20,"gold_loss":0,"cards_obtained":["J.A.X."]},{"damage_healed":0,"gold_gain":0,"player_choice":"Read","damage_taken":0,"max_hp_gain":0,"max_hp_loss":0,"event_name":"The Library","floor":22,"gold_loss":0,"cards_obtained":["Acrobatics"]}],"is_beta":false,"boss_relics":[{"not_picked":["Tiny House","Busted Crown"],"picked":"Astrolabe"}],"items_purged_floors":[],"is_endless":false,"potions_floor_spawned":[8,11,12,14,19,25],"killed_by":"Slavers","ascension_level":1}