{"gold_per_floor":[110,110,110,129,129,129,144,178,178,178,192,192,208,231,231,359,359,383,383,383,219,344,344,344,344],"floor_reached":25,"playtime":1328,"items_purged":["Strike_B"],"score":249,"play_id":"0a70f42d-62a6-48f9-9cf6-6ce0ebb60e76","local_time":"20190613151707","is_ascension_mode":true,"campfire_choices":[{"data":"Zap","floor":6,"key":"SMITH"},{"data":"Dualcast","floor":10,"key":"SMITH"},{"data":"Turbo","floor":12,"key":"SMITH"},{"data":"Turbo","floor":15,"key":"SMITH"},{"data":"Recycle","floor":24,"key":"SMITH"}],"neow_cost":"NONE","seed_source_timestamp":75149867961708,"circlet_count":0,"master_deck":["Strike_B","Defend_B+1","Defend_B+1","Zap+1","Dualcast+1","Turbo+1","Genetic Algorithm","Doom and Gloom","All For One","Turbo+1","Leap","Creative AI","Hello World+1","Melter","Recycle+1","Impatience"],"relics":["Cracked Core","War Paint","Golden Idol","Gambling Chip","Darkstone Periapt","Coffee Dripper","Incense Burner","Dodecahedron"],"potions_floor_usage":[16,16,22,22],"damage_taken":[{"damage":0,"enemies":"2 Louse","floor":1,"turns":3},{"damage":0,"enemies":"Small Slimes","floor":4,"turns":4},{"damage":0,"enemies":"Jaw Worm","floor":7,"turns":3},{"damage":27,"enemies":"Lagavulin","floor":8,"turns":7},{"damage":1,"enemies":"2 Fungi Beasts","floor":11,"turns":2},{"damage":0,"enemies":"Blue Slaver","floor":13,"turns":2},{"damage":0,"enemies":"3 Louse","floor":14,"turns":2},{"damage":14,"enemies":"The Guardian","floor":16,"turns":8},{"damage":13,"enemies":"Spheric Guardian","floor":18,"turns":4},{"damage":8,"enemies":"Colosseum Slavers","floor":22,"turns":3},{"damage":60,"enemies":"Colosseum Nobs","floor":22,"turns":7},{"damage":4,"enemies":"Shell Parasite","floor":25,"turns":1}],"seed_played":"1806994761250852708","potions_obtained":[{"floor":8,"key":"Fire Potion"},{"floor":11,"key":"AttackPotion"},{"floor":14,"key":"Poison Potion"},{"floor":16,"key":"SneckoOil"}],"is_trial":false,"path_per_floor":["M","?","?","M","?","R","M","E","T","R","M","R","M","M","R","B",null,"M","?","?","$","?","?","R","M"],"character_chosen":"DEFECT","items_purchased":["Impatience"],"campfire_rested":0,"item_purchase_floors":[21],"current_hp_per_floor":[75,57,57,57,50,50,50,23,23,23,22,22,22,22,22,8,58,45,45,70,70,2,2,2,0],"gold":344,"neow_bonus":"RANDOM_COMMON_RELIC","is_prod":false,"is_daily":false,"chose_seed":false,"campfire_upgraded":5,"win_rate":0,"timestamp":1560435427,"path_taken":["M","?","?","M","?","R","M","E","T","R","M","R","M","M","R","BOSS","M","?","?","$","?","?","R","M"],"build_version":"2019-01-23","purchased_purges":1,"victory":false,"max_hp_per_floor":[75,75,75,75,75,75,75,75,75,75,75,75,75,75,75,75,75,75,75,75,75,75,75,75,75],"card_choices":[{"not_picked":["Ball Lightning","Compile Driver"],"picked":"Turbo","floor":1},{"not_picked":["Aggregate","Compile Driver"],"picked":"Genetic Algorithm","floor":4},{"not_picked":["Stack","Streamline"],"picked":"Doom and Gloom","floor":7},{"not_picked":["Coolheaded","Hologram"],"picked":"All For One","floor":8},{"not_picked":["Rebound","Stack"],"picked":"Turbo","floor":11},{"not_picked":["Coolheaded","Static Discharge","Chill"],"picked":"SKIP","floor":13},{"not_picked":["Storm","Stack"],"picked":"Leap","floor":14},{"not_picked":["Multi-Cast","Reboot"],"picked":"Creative AI","floor":16},{"not_picked":["Reinforced Body","Redo"],"picked":"Hello World+1","floor":18},{"not_picked":["Coolheaded","Go for the Eyes"],"picked":"Fusion","floor":22}],"player_experience":257295,"relics_obtained":[{"floor":8,"key":"Gambling Chip"},{"floor":9,"key":"Darkstone Periapt"},{"floor":22,"key":"Incense Burner"},{"floor":22,"key":"Dodecahedron"}],"event_choices":[{"damage_healed":0,"gold_gain":0,"player_choice":"Take Damage","damage_taken":18,"relics_obtained":["Golden Idol"],"max_hp_gain":0,"max_hp_loss":0,"event_name":"Golden Idol","floor":2,"gold_loss":0},{"cards_removed":["Defend_B"],"damage_healed":0,"gold_gain":0,"player_choice":"Forget","damage_taken":0,"max_hp_gain":0,"max_hp_loss":0,"event_name":"Living Wall","floor":3,"gold_loss":0},{"cards_removed":["Strike_B"],"damage_healed":0,"gold_gain":0,"player_choice":"Card Removal","damage_taken":7,"max_hp_gain":0,"max_hp_loss":0,"event_name":"Golden Wing","floor":5,"gold_loss":0},{"damage_healed":0,"gold_gain":0,"cards_transformed":["Defend_B","Strike_B"],"player_choice":"Became Test Subject","damage_taken":0,"max_hp_gain":0,"max_hp_loss":0,"event_name":"Drug Dealer","floor":19,"gold_loss":0,"cards_obtained":["Melter","Recycle"]},{"damage_healed":25,"gold_gain":0,"player_choice":"Heal","damage_taken":0,"max_hp_gain":0,"max_hp_loss":0,"event_name":"The Library","floor":20,"gold_loss":0},{"damage_healed":0,"gold_gain":0,"player_choice":"Fight","damage_taken":0,"max_hp_gain":0,"max_hp_loss":0,"event_name":"Colosseum","floor":22,"gold_loss":0},{"damage_healed":0,"gold_gain":0,"player_choice":"Fought Nobs","damage_taken":0,"max_hp_gain":0,"max_hp_loss":0,"event_name":"Colosseum","floor":22,"gold_loss":0},{"cards_removed":["Fusion"],"damage_healed":0,"gold_gain":0,"player_choice":"Elegance","damage_taken":0,"max_hp_gain":0,"max_hp_loss":0,"event_name":"Back to Basics","floor":23,"gold_loss":0}],"is_beta":false,"boss_relics":[{"not_picked":["Black Star","Empty Cage"],"picked":"Coffee Dripper"}],"items_purged_floors":[21],"is_endless":false,"potions_floor_spawned":[8,11,14,16,22],"killed_by":"Shell Parasite","ascension_level":5}