{"gold_per_floor":[109,109,125,125,125,154,169,169,223,258,274,274,305,323,323,422,422,435,350,14,14,30,55,55,55,55,83,83,100,125,140,140,238,238,258,270,370,370,22,22,34,34,34,63,63,96,20,32,32,32,32,32,32,63,63],"floor_reached":55,"playtime":5005,"items_purged":[],"score":1239,"play_id":"1a939a06-9e8d-499a-999d-ad0ef190d928","local_time":"20190916231917","is_ascension_mode":true,"campfire_choices":[{"floor":8,"key":"REST"},{"floor":12,"key":"REST"},{"data":"Perfected Strike","floor":15,"key":"SMITH"},{"floor":24,"key":"REST"},{"floor":28,"key":"REST"},{"floor":32,"key":"REST"},{"floor":40,"key":"REST"},{"floor":42,"key":"RECALL"},{"floor":49,"key":"REST"},{"data":"Magnetism","floor":52,"key":"SMITH"}],"neow_cost":"NONE","seed_source_timestamp":359583388751600,"circlet_count":0,"master_deck":["AscendersBane","Strike_R+1","Strike_R","Strike_R","Strike_R","Strike_R","Defend_R","Defend_R","Defend_R","Defend_R","Bash+1","Heavy Blade","Twin Strike+1","Dropkick","Flex","Thunderclap","Perfected Strike","Intimidate","Perfected Strike+1","Reaper","Thunderclap","Flash of Steel","Perfected Strike","Headbutt+1","Impervious","Injury","Dropkick","Corruption","Infernal Blade","Anger+1","Reaper","Thunderclap+1","Clothesline","Feed","Twin Strike+1","Shrug It Off","Perfected Strike+1","Perfected Strike","Perfected Strike+1","Dark Shackles","Swift Strike","Magnetism+1","Perfected Strike","Clothesline+1","Regret","Sentinel+1","Double Tap","Clothesline+1","Heavy Blade+1"],"relics":["Burning Blood","Boot","Ornamental Fan","Red Skull","Orichalcum","Kunai","Cursed Key","Blue Candle","Gremlin Horn","Bronze Scales","Dodecahedron","Mercury Hourglass","Pear","Whetstone","Orrery","Du-Vu Doll","Mummified Hand","Sundial","Self Forming Clay","Shuriken"],"potions_floor_usage":[23,27,31,33,37,46,48,50],"damage_taken":[{"damage":6,"enemies":"2 Louse","floor":1,"turns":3},{"damage":12,"enemies":"Jaw Worm","floor":3,"turns":2},{"damage":32,"enemies":"Gremlin Nob","floor":6,"turns":4},{"damage":1,"enemies":"Cultist","floor":7,"turns":3},{"damage":40,"enemies":"Lagavulin","floor":10,"turns":5},{"damage":7,"enemies":"Blue Slaver","floor":11,"turns":2},{"damage":10,"enemies":"Gremlin Nob","floor":13,"turns":3},{"damage":3,"enemies":"3 Louse","floor":14,"turns":3},{"damage":36,"enemies":"Hexaghost","floor":16,"turns":7},{"damage":17,"enemies":"Shell Parasite","floor":18,"turns":4},{"damage":6,"enemies":"Chosen","floor":22,"turns":3},{"damage":37,"enemies":"Book of Stabbing","floor":23,"turns":4},{"damage":26,"enemies":"Gremlin Leader","floor":27,"turns":3},{"damage":33,"enemies":"Shelled Parasite and Fungi","floor":29,"turns":4},{"damage":30,"enemies":"Book of Stabbing","floor":30,"turns":4},{"damage":0,"enemies":"Chosen and Byrds","floor":31,"turns":3},{"damage":51,"enemies":"Automaton","floor":33,"turns":7},{"damage":16,"enemies":"3 Darklings","floor":35,"turns":4},{"damage":22,"enemies":"Orb Walker","floor":36,"turns":3},{"damage":10,"enemies":"Mind Bloom Boss Battle","floor":37,"turns":7},{"damage":7,"enemies":"Sphere and 2 Shapes","floor":41,"turns":3},{"damage":58,"enemies":"Nemesis","floor":44,"turns":5},{"damage":38,"enemies":"Reptomancer","floor":46,"turns":4},{"damage":26,"enemies":"3 Darklings","floor":48,"turns":4},{"damage":98,"enemies":"Awakened One","floor":50,"turns":9},{"damage":81,"enemies":"Shield and Spear","floor":54,"turns":5},{"damage":67,"enemies":"The Heart","floor":55,"turns":2}],"seed_played":"2842485608787712038","potions_obtained":[{"floor":1,"key":"Dexterity Potion"},{"floor":10,"key":"Explosive Potion"},{"floor":27,"key":"FairyPotion"},{"floor":30,"key":"SkillPotion"},{"floor":31,"key":"Weak Potion"},{"floor":33,"key":"Dexterity Potion"},{"floor":48,"key":"Fire Potion"}],"is_trial":false,"path_per_floor":["M","$","M","?","?","E","M","R","T","E","M","R","E","M","R","B",null,"M","?","$","?","M","E","R","?","T","E","R","M","E","M","R","B",null,"M","M","?","?","$","R","M","R","T","E","?","E","$","M","R","B",null,"R","$","E","B"],"character_chosen":"IRONCLAD","items_purchased":["Gremlin Horn","Flash of Steel","Mummified Hand","Regen Potion","Perfected Strike","Regen Potion"],"campfire_rested":7,"item_purchase_floors":[20,20,39,39,39,47],"current_hp_per_floor":[80,80,74,71,71,45,50,76,76,42,41,67,63,66,66,36,75,64,64,64,64,69,43,69,69,69,59,88,61,43,49,78,33,82,75,68,69,59,59,88,96,96,96,44,44,69,69,58,88,16,81,81,81,18,0],"gold":63,"neow_bonus":"TEN_PERCENT_HP_BONUS","is_prod":false,"is_daily":false,"chose_seed":false,"campfire_upgraded":2,"win_rate":0,"timestamp":1568690357,"path_taken":["M","$","M","?","?","E","M","R","T","E","?","R","E","M","R","BOSS","M","?","$","?","M","E","R","?","T","E","R","M","E","M","R","BOSS","M","M","?","?","$","R","M","R","T","E","?","E","$","M","R","BOSS","R","$","E","BOSS"],"build_version":"2019-07-17","purchased_purges":0,"victory":false,"max_hp_per_floor":[88,88,88,88,88,88,88,88,88,88,88,88,88,88,88,88,88,88,88,88,88,88,88,88,88,88,98,98,98,98,98,98,98,98,98,98,98,98,98,98,98,98,98,98,98,102,102,102,102,102,102,102,102,102,102],"card_choices":[{"not_picked":["Shockwave","Iron Wave"],"picked":"Heavy Blade","floor":1},{"not_picked":["Blood for Blood","True Grit"],"picked":"Twin Strike","floor":3},{"not_picked":["Entrench","Warcry"],"picked":"Dropkick","floor":6},{"not_picked":["Wild Strike","Uppercut"],"picked":"Flex","floor":7},{"not_picked":["Havoc","Shrug It Off"],"picked":"Thunderclap","floor":10},{"not_picked":["Combust","Shrug It Off"],"picked":"Perfected Strike","floor":11},{"not_picked":["Havoc","Metallicize"],"picked":"Intimidate","floor":13},{"not_picked":["Reckless Charge","Rage"],"picked":"Perfected Strike","floor":14},{"not_picked":["Impervious","Berserk"],"picked":"Reaper","floor":16},{"not_picked":["Searing Blow","Body Slam"],"picked":"Thunderclap","floor":18},{"not_picked":["Clothesline","Armaments+1"],"picked":"Headbutt+1","floor":22},{"not_picked":["Shrug It Off","Heavy Blade"],"picked":"Impervious","floor":23},{"not_picked":["Havoc+1","Dual Wield"],"picked":"Dropkick","floor":27},{"not_picked":["Clash","Heavy Blade"],"picked":"Corruption","floor":29},{"not_picked":["Corruption","Headbutt+1"],"picked":"Infernal Blade","floor":30},{"not_picked":["Reckless Charge","Burning Pact"],"picked":"Anger+1","floor":31},{"not_picked":["Fiend Fire","Exhume"],"picked":"Reaper","floor":33},{"not_picked":["Burning Pact","Headbutt"],"picked":"Thunderclap+1","floor":34},{"not_picked":["Havoc","Heavy Blade"],"picked":"Clothesline","floor":34},{"not_picked":["Iron Wave","Wild Strike"],"picked":"Feed","floor":34},{"not_picked":["Sword Boomerang","Thunderclap"],"picked":"Twin Strike+1","floor":34},{"not_picked":["Headbutt","Disarm"],"picked":"Shrug It Off","floor":34},{"not_picked":["Cleave+1","Shrug It Off"],"picked":"Perfected Strike+1","floor":35},{"not_picked":["Cleave","Headbutt"],"picked":"Perfected Strike","floor":36},{"not_picked":["Shockwave","Flex+1"],"picked":"Perfected Strike+1","floor":37},{"not_picked":["Dramatic Entrance","The Bomb"],"picked":"Dark Shackles","floor":38},{"not_picked":["Transmutation","Flash of Steel"],"picked":"Swift Strike","floor":38},{"not_picked":["Dramatic Entrance","Bandage Up"],"picked":"Magnetism","floor":38},{"not_picked":["Iron Wave+1","Infernal Blade"],"picked":"Clothesline+1","floor":41},{"not_picked":["Thunderclap+1","Metallicize+1"],"picked":"Sentinel+1","floor":44},{"not_picked":["Reckless Charge","Perfected Strike"],"picked":"Double Tap","floor":46},{"not_picked":["Clash","Cleave"],"picked":"Clothesline+1","floor":48},{"not_picked":["Twin Strike","Sever Soul+1"],"picked":"Heavy Blade+1","floor":54}],"player_experience":657253,"relics_obtained":[{"floor":6,"key":"Ornamental Fan"},{"floor":9,"key":"Red Skull"},{"floor":10,"key":"Orichalcum"},{"floor":13,"key":"Kunai"},{"floor":23,"key":"Bronze Scales"},{"floor":26,"key":"Mercury Hourglass"},{"floor":27,"key":"Pear"},{"floor":30,"key":"Whetstone"},{"floor":37,"key":"Du-Vu Doll"},{"floor":44,"key":"Sundial"},{"floor":46,"key":"Self Forming Clay"},{"floor":54,"key":"Shuriken"}],"event_choices":[{"damage_healed":0,"gold_gain":0,"player_choice":"Success","damage_taken":3,"relics_obtained":["Boot"],"max_hp_gain":0,"max_hp_loss":0,"event_name":"Scrap Ooze","floor":4,"gold_loss":0},{"damage_healed":0,"gold_gain":0,"player_choice":"Upgraded","damage_taken":0,"max_hp_gain":0,"max_hp_loss":0,"event_name":"Upgrade Shrine","floor":5,"gold_loss":0,"cards_upgraded":["Bash"]},{"damage_healed":0,"gold_gain":0,"player_choice":"Obtained Relic","damage_taken":0,"relics_obtained":["Blue Candle"],"max_hp_gain":0,"max_hp_loss":0,"event_name":"Addict","floor":19,"gold_loss":85},{"damage_healed":0,"gold_gain":0,"player_choice":"Read","damage_taken":0,"max_hp_gain":0,"max_hp_loss":0,"event_name":"The Library","floor":21,"gold_loss":0,"cards_obtained":["Perfected Strike"]},{"damage_healed":0,"gold_gain":0,"player_choice":"Opened","damage_taken":0,"relics_obtained":["Dodecahedron"],"max_hp_gain":0,"max_hp_loss":0,"event_name":"The Mausoleum","floor":25,"gold_loss":0},{"damage_healed":0,"gold_gain":0,"player_choice":"Fight","damage_taken":0,"max_hp_gain":0,"max_hp_loss":0,"event_name":"MindBloom","floor":37,"gold_loss":0},{"damage_healed":0,"gold_gain":0,"player_choice":"Memory 3","damage_taken":10,"max_hp_gain":0,"max_hp_loss":0,"event_name":"SensoryStone","floor":38,"gold_loss":0},{"damage_healed":0,"gold_gain":0,"player_choice":"Ignored","damage_taken":0,"max_hp_gain":0,"max_hp_loss":0,"event_name":"The Moai Head","floor":45,"gold_loss":0}],"is_beta":false,"boss_relics":[{"not_picked":["Ectoplasm","Busted Crown"],"picked":"Cursed Key"},{"not_picked":["Runic Cube","Coffee Dripper"],"picked":"Orrery"}],"items_purged_floors":[],"is_endless":false,"potions_floor_spawned":[1,10,27,30,31,33,44,48],"killed_by":"The Heart","ascension_level":11}