{"gold_per_floor":[361,68,87,87,87,112,112,124,124,140,153,153,153,164,164,262,262,276,293,118,118],"floor_reached":21,"playtime":1122,"items_purged":["Strike_G","Strike_G"],"score":272,"play_id":"3d1852b0-ffec-4617-815b-6d1638c63da2","local_time":"20190921005546","is_ascension_mode":true,"campfire_choices":[{"floor":15,"key":"REST"}],"neow_cost":"PERCENT_DAMAGE","seed_source_timestamp":29261336077131,"circlet_count":0,"master_deck":["AscendersBane","Strike_G","Defend_G","Defend_G","Defend_G","Defend_G","Defend_G","Survivor","Neutralize","All Out Attack","Well Laid Plans","Deadly Poison","Backflip","Dagger Throw","Deadly Poison","Bane","Bane","Corpse Explosion","Leg Sweep"],"relics":["Ring of the Snake","Orichalcum","Gremlin Horn","Dodecahedron","Regal Pillow","Coffee Dripper"],"potions_floor_usage":[],"damage_taken":[{"damage":4,"enemies":"Small Slimes","floor":1,"turns":4},{"damage":0,"enemies":"Jaw Worm","floor":3,"turns":4},{"damage":14,"enemies":"3 Sentries","floor":6,"turns":11},{"damage":0,"enemies":"Cultist","floor":8,"turns":4},{"damage":0,"enemies":"2 Fungi Beasts","floor":10,"turns":3},{"damage":1,"enemies":"Exordium Wildlife","floor":11,"turns":3},{"damage":8,"enemies":"Exordium Thugs","floor":14,"turns":6},{"damage":11,"enemies":"Hexaghost","floor":16,"turns":9},{"damage":23,"enemies":"2 Thieves","floor":18,"turns":3},{"damage":4,"enemies":"3 Byrds","floor":19,"turns":2},{"damage":9,"enemies":"Snake Plant","floor":21,"turns":3}],"seed_played":"-6067827392574313344","potions_obtained":[{"floor":6,"key":"SteroidPotion"},{"floor":14,"key":"GamblersBrew"},{"floor":16,"key":"LiquidBronze"},{"floor":19,"key":"Ancient Potion"}],"is_trial":false,"path_per_floor":["M","$","M","?","$","E","?","M","T","M","M","?","T","M","R","B",null,"M","M","$","M"],"character_chosen":"THE_SILENT","items_purchased":["Orichalcum","Well Laid Plans","Leg Sweep"],"campfire_rested":1,"item_purchase_floors":[2,2,20],"current_hp_per_floor":[41,41,41,34,34,20,20,20,20,20,19,19,19,11,47,36,62,39,35,35,26],"gold":118,"neow_bonus":"TWO_FIFTY_GOLD","is_prod":false,"is_daily":false,"chose_seed":false,"campfire_upgraded":0,"win_rate":0,"timestamp":1569020146,"path_taken":["M","$","M","?","$","E","?","?","T","M","M","?","?","M","R","BOSS","M","M","$","M"],"build_version":"2019-07-17","purchased_purges":2,"victory":false,"max_hp_per_floor":[70,70,70,70,70,70,70,70,70,70,70,70,70,70,70,70,70,70,70,70,70],"card_choices":[{"not_picked":["Underhanded Strike","PiercingWail"],"picked":"All Out Attack","floor":1},{"not_picked":["Caltrops","Cloak And Dagger"],"picked":"Deadly Poison","floor":3},{"not_picked":["PiercingWail","Wraith Form v2"],"picked":"Backflip","floor":6},{"not_picked":["Cloak And Dagger","Flying Knee"],"picked":"Dagger Throw","floor":8},{"not_picked":["Slice","Bane"],"picked":"Deadly Poison","floor":10},{"not_picked":["Dodge and Roll","Deadly Poison"],"picked":"Bane","floor":11},{"not_picked":["Slice","Quick Slash"],"picked":"Bane","floor":14},{"not_picked":["Tools of the Trade","Storm of Steel"],"picked":"Corpse Explosion","floor":16},{"not_picked":["Caltrops","Finisher+1","Setup"],"picked":"SKIP","floor":18},{"not_picked":["Masterful Stab","Sucker Punch+1","Flying Knee"],"picked":"SKIP","floor":19}],"player_experience":395940,"relics_obtained":[{"floor":6,"key":"Gremlin Horn"},{"floor":9,"key":"Dodecahedron"},{"floor":13,"key":"Regal Pillow"}],"event_choices":[{"cards_removed":["Strike_G"],"damage_healed":0,"gold_gain":0,"player_choice":"Card Removal","damage_taken":7,"max_hp_gain":0,"max_hp_loss":0,"event_name":"Golden Wing","floor":4,"gold_loss":0},{"cards_removed":["Strike_G"],"damage_healed":0,"gold_gain":0,"player_choice":"Offered Basic","damage_taken":0,"max_hp_gain":0,"max_hp_loss":0,"event_name":"Bonfire Elementals","floor":7,"gold_loss":0},{"damage_healed":0,"gold_gain":0,"player_choice":"Ignored","damage_taken":0,"max_hp_gain":0,"max_hp_loss":0,"event_name":"Golden Idol","floor":12,"gold_loss":0}],"is_beta":false,"boss_relics":[{"not_picked":["Lizard Tail","Astrolabe"],"picked":"Coffee Dripper"}],"items_purged_floors":[2,20],"is_endless":false,"potions_floor_spawned":[6,14,16,19],"killed_by":"Snake Plant","ascension_level":10}