{"gold_per_floor":[119,44,55,55,70,70,103,103,103,172,222,239,239,301,301,398,398,414,464,439,456,506,535,535,560,560,164,175,87,163,181,181,277,277,288,338,356,477,491,491,516,788,788,822,840,937,937,971,971,971],"floor_reached":51,"playtime":3031,"items_purged":["Strike_R","Bash"],"score":1367,"play_id":"090bc1ed-fe4f-4ba7-a8e9-5c2185fbdb33","local_time":"20190930170449","is_ascension_mode":true,"campfire_choices":[{"data":"Body Slam","floor":6,"key":"SMITH"},{"data":"Body Slam","floor":8,"key":"SMITH"},{"data":"Armaments","floor":13,"key":"SMITH"},{"data":"Entrench","floor":15,"key":"SMITH"},{"data":"Offering","floor":24,"key":"SMITH"},{"data":"Body Slam","floor":32,"key":"SMITH"},{"data":"Body Slam","floor":40,"key":"SMITH"},{"floor":47,"key":"REST"},{"data":"Juggernaut","floor":49,"key":"SMITH"}],"neow_cost":"NONE","seed_source_timestamp":966286404997200,"circlet_count":0,"master_deck":["Body Slam+1","Battle Trance","Headbutt","Armaments+1","Body Slam+1","Entrench+1","Flame Barrier","Havoc","Juggernaut+1","Infernal Blade","Iron Wave","Feel No Pain","Carnage","Offering+1","Entrench","Iron Wave+1","Body Slam+1","Flame Barrier","Havoc","Body Slam+1","Finesse","Barricade","Madness","Madness","Shrug It Off+1","Battle Trance+1","Body Slam+1","Body Slam+1","Body Slam+1"],"relics":["Burning Blood","SsserpentHead","Mummified Hand","Ancient Tea Set","Anchor","Pandora\u0027s Box","Pen Nib","Paper Frog","Bottled Lightning","Charon\u0027s Ashes","Red Mask","Black Star","Bottled Tornado","Potion Belt","Art of War","Blue Candle","Dream Catcher","Darkstone Periapt","CatCart","Regal Pillow","Singing Bowl"],"potions_floor_usage":[7,16,25,33,39,45,50,50],"damage_taken":[{"damage":1,"enemies":"Cultist","floor":1,"turns":3},{"damage":15,"enemies":"Small Slimes","floor":3,"turns":3},{"damage":2,"enemies":"Jaw Worm","floor":5,"turns":3},{"damage":24,"enemies":"Gremlin Nob","floor":7,"turns":4},{"damage":9,"enemies":"Red Slaver","floor":10,"turns":3},{"damage":0,"enemies":"3 Louse","floor":12,"turns":3},{"damage":0,"enemies":"Blue Slaver","floor":14,"turns":1},{"damage":0,"enemies":"The Guardian","floor":16,"turns":12},{"damage":6,"enemies":"Shell Parasite","floor":18,"turns":2},{"damage":6,"enemies":"Spheric Guardian","floor":21,"turns":1},{"damage":9,"enemies":"Book of Stabbing","floor":23,"turns":3},{"damage":6,"enemies":"Gremlin Leader","floor":25,"turns":3},{"damage":6,"enemies":"Shelled Parasite and Fungi","floor":28,"turns":2},{"damage":6,"enemies":"Masked Bandits","floor":30,"turns":2},{"damage":3,"enemies":"Snake Plant","floor":31,"turns":2},{"damage":52,"enemies":"Collector","floor":33,"turns":7},{"damage":0,"enemies":"3 Shapes","floor":35,"turns":3},{"damage":38,"enemies":"3 Darklings","floor":37,"turns":4},{"damage":20,"enemies":"4 Shapes","floor":39,"turns":5},{"damage":6,"enemies":"Reptomancer","floor":41,"turns":2},{"damage":6,"enemies":"Nemesis","floor":44,"turns":3},{"damage":0,"enemies":"Jaw Worm Horde","floor":45,"turns":2},{"damage":6,"enemies":"Orin","floor":46,"turns":3},{"damage":0,"enemies":"Reptomancer","floor":48,"turns":5},{"damage":30,"enemies":"Donu and Deca","floor":50,"turns":4}],"seed_played":"-2545060317398579491","potions_obtained":[{"floor":3,"key":"SteroidPotion"},{"floor":7,"key":"GamblersBrew"},{"floor":12,"key":"FearPotion"},{"floor":14,"key":"EssenceOfSteel"},{"floor":16,"key":"Dexterity Potion"},{"floor":23,"key":"AttackPotion"},{"floor":30,"key":"Dexterity Potion"},{"floor":33,"key":"Strength Potion"},{"floor":39,"key":"Explosive Potion"},{"floor":41,"key":"Fruit Juice"},{"floor":48,"key":"Energy Potion"}],"is_trial":false,"path_per_floor":["M","$","M","?","M","R","E","R","T","M","?","M","R","M","R","B",null,"M","?","?","M","?","E","R","E","T","$","M","$","?","M","R","B",null,"M","?","M","T","M","R","E","?","T","E","M","?","R","E","R","B",null],"character_chosen":"IRONCLAD","items_purchased":["Charon\u0027s Ashes","Finesse"],"campfire_rested":1,"item_purchase_floors":[27,29],"current_hp_per_floor":[77,77,68,68,72,72,54,54,54,51,51,57,57,63,63,69,77,77,77,77,77,77,74,74,74,74,74,74,74,74,77,77,31,68,74,64,32,32,18,18,18,18,18,18,29,29,54,60,60,36],"gold":971,"neow_bonus":"TRANSFORM_CARD","is_prod":false,"is_daily":false,"chose_seed":false,"campfire_upgraded":8,"win_rate":0,"timestamp":1569859489,"path_taken":["M","$","?","?","M","R","E","R","T","?","?","M","R","?","R","BOSS","M","?","?","M","?","E","R","E","T","$","M","$","?","M","R","BOSS","M","?","M","?","M","R","E","?","T","E","M","?","R","E","R","BOSS"],"build_version":"2019-07-17","purchased_purges":2,"victory":true,"max_hp_per_floor":[80,80,80,80,80,80,80,80,80,80,80,80,80,80,80,80,80,80,80,80,80,80,80,80,80,80,80,80,80,80,80,80,80,80,80,80,80,80,80,80,80,80,80,80,85,85,85,85,85,85],"card_choices":[{"not_picked":["Twin Strike","Anger"],"picked":"Battle Trance","floor":1},{"not_picked":["Clothesline","Wild Strike"],"picked":"Headbutt","floor":3},{"not_picked":["Blood for Blood","Wild Strike"],"picked":"Armaments","floor":5},{"not_picked":["Twin Strike","Pummel"],"picked":"Body Slam","floor":7},{"not_picked":["Blood for Blood","Metallicize"],"picked":"Entrench","floor":10},{"not_picked":["Inflame","Feel No Pain"],"picked":"Flame Barrier","floor":12},{"not_picked":["Pommel Strike","Clothesline"],"picked":"Havoc","floor":14},{"not_picked":["Fiend Fire","Exhume"],"picked":"Juggernaut","floor":16},{"not_picked":["True Grit","Rampage"],"picked":"Iron Wave+1","floor":18},{"not_picked":["Pommel Strike","Wild Strike"],"picked":"Body Slam","floor":21},{"not_picked":["Battle Trance","Reckless Charge+1"],"picked":"Havoc","floor":23},{"not_picked":["Perfected Strike","Twin Strike","Shockwave"],"picked":"SKIP","floor":25},{"not_picked":["True Grit+1","Iron Wave"],"picked":"Body Slam","floor":28},{"not_picked":["Metallicize","Carnage+1","Anger"],"picked":"SKIP","floor":31},{"not_picked":["Fiend Fire","Brutality"],"picked":"Barricade","floor":33},{"not_picked":["Armaments","Burning Pact+1","Cleave"],"picked":"SKIP","floor":35},{"not_picked":["Thunderclap+1","Spot Weakness+1","Perfected Strike"],"picked":"SKIP","floor":37},{"not_picked":["Armaments+1","Immolate"],"picked":"Shrug It Off+1","floor":39},{"not_picked":["Immolate","Armaments+1"],"picked":"Battle Trance+1","floor":41},{"not_picked":["Dropkick+1","Pommel Strike+1"],"picked":"Body Slam+1","floor":44},{"not_picked":["Wild Strike+1","Brutality"],"picked":"Body Slam+1","floor":45},{"not_picked":["Dropkick","Flex+1"],"picked":"Body Slam+1","floor":48}],"player_experience":435947,"relics_obtained":[{"floor":7,"key":"Mummified Hand"},{"floor":9,"key":"Ancient Tea Set"},{"floor":23,"key":"Pen Nib"},{"floor":25,"key":"Paper Frog"},{"floor":26,"key":"Bottled Lightning"},{"floor":30,"key":"Red Mask"},{"floor":38,"key":"Bottled Tornado"},{"floor":41,"key":"Potion Belt"},{"floor":41,"key":"Art of War"},{"floor":43,"key":"Blue Candle"},{"floor":44,"key":"Dream Catcher"},{"floor":44,"key":"Darkstone Periapt"},{"floor":46,"key":"CatCart"},{"floor":48,"key":"Regal Pillow"},{"floor":48,"key":"Singing Bowl"}],"event_choices":[{"damage_healed":0,"gold_gain":0,"player_choice":"Trade","damage_taken":0,"relics_obtained":["SsserpentHead"],"max_hp_gain":0,"max_hp_loss":0,"event_name":"FaceTrader","floor":4,"gold_loss":0},{"damage_healed":0,"gold_gain":0,"player_choice":"Gave Potion","damage_taken":0,"relics_obtained":["Anchor"],"max_hp_gain":0,"max_hp_loss":0,"event_name":"WeMeetAgain","floor":11,"gold_loss":0},{"damage_healed":0,"gold_gain":0,"player_choice":"Ignored","damage_taken":0,"max_hp_gain":0,"max_hp_loss":0,"event_name":"Vampires","floor":19,"gold_loss":0},{"cards_removed":["Sever Soul"],"damage_healed":0,"gold_gain":0,"player_choice":"Gave Gold","damage_taken":0,"max_hp_gain":0,"max_hp_loss":0,"event_name":"Beggar","floor":20,"gold_loss":75},{"damage_healed":0,"gold_gain":0,"player_choice":"Read","damage_taken":0,"max_hp_gain":0,"max_hp_loss":0,"event_name":"The Library","floor":22,"gold_loss":0,"cards_obtained":["Flame Barrier"]},{"damage_healed":0,"gold_gain":0,"player_choice":"Fought Bandits","damage_taken":0,"max_hp_gain":0,"max_hp_loss":0,"event_name":"Masked Bandits","floor":30,"gold_loss":0},{"damage_healed":0,"gold_gain":0,"player_choice":"Embrace Madness","damage_taken":10,"max_hp_gain":0,"max_hp_loss":0,"event_name":"Winding Halls","floor":36,"gold_loss":0,"cards_obtained":["Madness","Madness"]},{"damage_healed":0,"gold_gain":222,"player_choice":"Wore Mask","damage_taken":0,"max_hp_gain":0,"max_hp_loss":0,"event_name":"Tomb of Lord Red Mask","floor":42,"gold_loss":0},{"damage_healed":0,"gold_gain":0,"player_choice":"Fight","damage_taken":0,"max_hp_gain":0,"max_hp_loss":0,"event_name":"OrinTheCat","floor":46,"gold_loss":0}],"is_beta":false,"boss_relics":[{"not_picked":["Snecko Eye","Busted Crown"],"picked":"Pandora\u0027s Box"},{"not_picked":["Lizard Tail","Cursed Key"],"picked":"Black Star"}],"items_purged_floors":[2,27],"is_endless":false,"potions_floor_spawned":[3,7,12,14,16,23,30,33,39,41,48],"ascension_level":8}