{"gold_per_floor":[115,190,210,175,190,225,225,225,305,317,317,336,361,210,210,315,315,327,327,252,252,263,296,296,354,354,354,371,371,371],"floor_reached":30,"playtime":1509,"items_purged":[],"score":507,"play_id":"a22eb3d1-ced0-4e66-a30c-c8e9540cd330","local_time":"20191003092617","is_ascension_mode":true,"campfire_choices":[{"floor":7,"key":"REST"},{"floor":11,"key":"REST"},{"floor":15,"key":"REST"},{"floor":24,"key":"REST"},{"floor":27,"key":"REST"},{"data":"Biased Cognition","floor":29,"key":"SMITH"}],"neow_cost":"NONE","seed_source_timestamp":1350343151197700,"circlet_count":0,"master_deck":["AscendersBane","Strike_B","Strike_B","Strike_B","Defend_B","Defend_B","Defend_B","Defend_B","Zap","Dualcast","Conserve Battery","Barrage","Hologram","Cold Snap","White Noise","Cold Snap","Consume+1","Biased Cognition+1","Capacitor","Electrodynamics","Defragment","Ghostly+1","Ghostly+1","Ghostly+1","Ghostly+1","Ghostly+1","RitualDagger","Blizzard","Beam Cell+1","White Noise+1","Conserve Battery+1"],"relics":["FrozenCore","Vajra","Toxic Egg 2","Potion Belt","Kunai","Tiny Chest","Blue Candle"],"potions_floor_usage":[22,23,23,23,23,23,23,25,28],"damage_taken":[{"damage":0,"enemies":"Jaw Worm","floor":1,"turns":3},{"damage":0,"enemies":"2 Louse","floor":3,"turns":3},{"damage":4,"enemies":"Small Slimes","floor":5,"turns":3},{"damage":35,"enemies":"Gremlin Nob","floor":6,"turns":5},{"damage":1,"enemies":"Looter","floor":10,"turns":4},{"damage":6,"enemies":"Blue Slaver","floor":12,"turns":3},{"damage":42,"enemies":"3 Sentries","floor":13,"turns":8},{"damage":26,"enemies":"The Guardian","floor":16,"turns":10},{"damage":11,"enemies":"Spheric Guardian","floor":18,"turns":6},{"damage":5,"enemies":"Shell Parasite","floor":22,"turns":7},{"damage":0,"enemies":"Gremlin Leader","floor":23,"turns":6},{"damage":15,"enemies":"Book of Stabbing","floor":25,"turns":10},{"damage":5,"enemies":"Centurion and Healer","floor":28,"turns":6},{"damage":32,"enemies":"Slavers","floor":30,"turns":3}],"seed_played":"-5264657287991138853","potions_obtained":[{"floor":12,"key":"Ancient Potion"},{"floor":13,"key":"Strength Potion"},{"floor":16,"key":"EntropicBrew"},{"floor":18,"key":"Dexterity Potion"},{"floor":23,"key":"GamblersBrew"},{"floor":28,"key":"SpeedPotion"}],"is_trial":false,"path_per_floor":["M","?","M","?","M","E","R","?","T","M","R","M","E","$","R","B",null,"M","?","?","?","M","E","R","E","T","R","M","R","E"],"character_chosen":"DEFECT","items_purchased":["Capacitor","FocusPotion"],"campfire_rested":5,"item_purchase_floors":[14,14],"current_hp_per_floor":[68,57,57,75,71,36,58,51,51,50,72,66,24,24,46,20,61,50,37,37,31,26,26,37,22,22,33,28,28,0],"gold":371,"neow_bonus":"THREE_CARDS","is_prod":false,"is_daily":false,"chose_seed":false,"campfire_upgraded":1,"win_rate":0,"timestamp":1570109177,"path_taken":["M","?","M","?","M","E","R","?","T","M","R","M","E","?","R","BOSS","M","?","?","?","M","E","R","E","T","R","M","R","E"],"build_version":"2019-07-17","purchased_purges":0,"victory":false,"max_hp_per_floor":[75,75,75,75,75,75,75,75,75,75,75,75,75,75,75,75,75,75,37,37,37,37,37,37,37,37,37,37,37,37],"card_choices":[{"not_picked":["Beam Cell","Sweeping Beam"],"picked":"Conserve Battery","floor":0},{"not_picked":["Rebound","Compile Driver"],"picked":"Barrage","floor":1},{"not_picked":["Conserve Battery","Steam Power"],"picked":"Hologram","floor":3},{"not_picked":["Streamline","Coolheaded"],"picked":"Cold Snap","floor":5},{"not_picked":["Self Repair","Double Energy"],"picked":"White Noise","floor":6},{"not_picked":["Sweeping Beam","Auto Shields+1"],"picked":"Cold Snap","floor":10},{"not_picked":["Redo+1","Auto Shields+1"],"picked":"Consume+1","floor":12},{"not_picked":["Static Discharge","Redo+1"],"picked":"Biased Cognition","floor":13},{"not_picked":["Amplify+1","Seek+1"],"picked":"Electrodynamics","floor":16},{"not_picked":["Compile Driver","Hologram+1"],"picked":"Defragment","floor":18},{"not_picked":["Doom and Gloom","Sweeping Beam+1"],"picked":"Blizzard","floor":22},{"not_picked":["Reinforced Body+1","Doom and Gloom"],"picked":"Beam Cell+1","floor":23},{"not_picked":["Go for the Eyes","Beam Cell"],"picked":"White Noise+1","floor":25},{"not_picked":["Stack+1","Ball Lightning"],"picked":"Conserve Battery+1","floor":28}],"player_experience":792673,"relics_obtained":[{"floor":6,"key":"Vajra"},{"floor":13,"key":"Potion Belt"},{"floor":23,"key":"Kunai"},{"floor":25,"key":"Tiny Chest"},{"floor":26,"key":"Blue Candle"}],"event_choices":[{"damage_healed":0,"gold_gain":75,"player_choice":"Gather Gold","damage_taken":11,"max_hp_gain":0,"max_hp_loss":0,"event_name":"World of Goop","floor":2,"gold_loss":0},{"damage_healed":18,"gold_gain":0,"player_choice":"Healed","damage_taken":0,"max_hp_gain":0,"max_hp_loss":0,"event_name":"The Cleric","floor":4,"gold_loss":35},{"damage_healed":0,"gold_gain":0,"player_choice":"Success","damage_taken":7,"relics_obtained":["Toxic Egg 2"],"max_hp_gain":0,"max_hp_loss":0,"event_name":"Scrap Ooze","floor":8,"gold_loss":0},{"damage_healed":0,"gold_gain":0,"player_choice":"Became a Ghost","damage_taken":0,"max_hp_gain":0,"max_hp_loss":38,"event_name":"Ghosts","floor":19,"gold_loss":0,"cards_obtained":["Ghostly","Ghostly","Ghostly","Ghostly","Ghostly"]},{"cards_removed":["Strike_B"],"damage_healed":0,"gold_gain":0,"player_choice":"Gave Gold","damage_taken":0,"max_hp_gain":0,"max_hp_loss":0,"event_name":"Beggar","floor":20,"gold_loss":75},{"damage_healed":0,"gold_gain":0,"player_choice":"Joined the Cult","damage_taken":6,"max_hp_gain":0,"max_hp_loss":0,"event_name":"Nest","floor":21,"gold_loss":0,"cards_obtained":["RitualDagger"]}],"is_beta":false,"boss_relics":[{"not_picked":["Fusion Hammer","Lizard Tail"],"picked":"FrozenCore"}],"items_purged_floors":[],"is_endless":false,"potions_floor_spawned":[12,13,16,18,23,28],"killed_by":"Slavers","ascension_level":12}