{"gold_per_floor":[116,291,304,323,336,371,371,371,371,382,393,410,48,61,61,164,164,181,200,212,162,162,192,192,227,227,227,254,254,654,375,375,472,472,485,531,550,570,570,603,415,415],"floor_reached":42,"playtime":3531,"items_purged":["Doubt","Regret","Dropkick"],"score":613,"play_id":"8b8c0a84-a006-4f2c-80a3-17ba65fc66b0","local_time":"20181124191633","is_ascension_mode":false,"campfire_choices":[{"floor":15,"key":"RECALL"},{"floor":24,"key":"REST"},{"data":"Metallicize","floor":27,"key":"SMITH"},{"data":"Metallicize","floor":29,"key":"SMITH"},{"data":"Power Through","floor":32,"key":"SMITH"}],"neow_cost":"PERCENT_DAMAGE","seed_source_timestamp":257102783964536,"circlet_count":0,"master_deck":["Bash","Pommel Strike","Pommel Strike","Power Through+1","Perfected Strike","Cleave","Metallicize+1","Pommel Strike","Fire Breathing","Fiend Fire","Anger","Thunderclap","Battle Trance","Evolve","Clash","Pommel Strike","Inflame","Pummel","Metallicize+1","Wild Strike","Anger","Anger","Clash","Anger","Flash of Steel","Panache","Juggernaut","Reckless Charge+1","Clash+1","Pommel Strike+1","Clash+1","Perfected Strike","Discovery"],"relics":["Burning Blood","Incense Burner","Art of War","Sundial","FaceOfCleric","Membership Card","Omamori","Pandora\u0027s Box","Pen Nib","Ancient Tea Set","Question Card","Ornamental Fan","Old Coin","Pantograph","Bronze Scales","Runic Dome","Magic Flower","Letter Opener","Ice Cream"],"potions_floor_usage":[6,12,14,16,16,28,30,37,42],"damage_taken":[{"damage":6,"enemies":"2 Louse","floor":1,"turns":3},{"damage":1,"enemies":"Jaw Worm","floor":3,"turns":4},{"damage":3,"enemies":"Small Slimes","floor":4,"turns":4},{"damage":1,"enemies":"Exordium Wildlife","floor":5,"turns":5},{"damage":19,"enemies":"Lagavulin","floor":6,"turns":9},{"damage":14,"enemies":"Blue Slaver","floor":10,"turns":4},{"damage":2,"enemies":"2 Fungi Beasts","floor":11,"turns":4},{"damage":2,"enemies":"3 Louse","floor":12,"turns":3},{"damage":22,"enemies":"Exordium Thugs","floor":14,"turns":4},{"damage":31,"enemies":"Slime Boss","floor":16,"turns":11},{"damage":11,"enemies":"Shell Parasite","floor":18,"turns":4},{"damage":7,"enemies":"Spheric Guardian","floor":19,"turns":4},{"damage":23,"enemies":"Centurion and Healer","floor":20,"turns":5},{"damage":46,"enemies":"Slavers","floor":23,"turns":7},{"damage":24,"enemies":"Gremlin Leader","floor":25,"turns":4},{"damage":22,"enemies":"Book of Stabbing","floor":28,"turns":3},{"damage":11,"enemies":"Colosseum Slavers","floor":30,"turns":3},{"damage":1,"enemies":"Colosseum Nobs","floor":30,"turns":4},{"damage":42,"enemies":"Champ","floor":33,"turns":9},{"damage":0,"enemies":"Orb Walker","floor":35,"turns":3},{"damage":40,"enemies":"2 Orb Walkers","floor":36,"turns":4},{"damage":2,"enemies":"3 Darklings","floor":37,"turns":4},{"damage":28,"enemies":"Spire Growth","floor":38,"turns":3},{"damage":58,"enemies":"Nemesis","floor":40,"turns":5},{"damage":26,"enemies":"Jaw Worm Horde","floor":42,"turns":2}],"seed_played":"-7960282140694236582","potions_obtained":[{"floor":4,"key":"SpeedPotion"},{"floor":6,"key":"AttackPotion"},{"floor":10,"key":"Swift Potion"},{"floor":12,"key":"LiquidBronze"},{"floor":14,"key":"Explosive Potion"},{"floor":19,"key":"FearPotion"},{"floor":23,"key":"FairyPotion"},{"floor":28,"key":"EssenceOfSteel"},{"floor":33,"key":"EssenceOfSteel"},{"floor":38,"key":"FearPotion"},{"floor":40,"key":"SkillPotion"}],"is_trial":false,"path_per_floor":["M","?","M","M","M","E","?","?","T","M","M","M","$","M","R","B",null,"M","M","M","$","?","E","R","E","T","R","E","R","?","$","R","B",null,"M","?","M","M","?","E","$","M"],"character_chosen":"IRONCLAD","items_purchased":["Membership Card","Omamori","Bronze Scales","Flash of Steel","Panache","Ice Cream","Discovery"],"campfire_rested":1,"item_purchase_floors":[13,13,31,31,31,41,41],"current_hp_per_floor":[56,56,61,64,69,56,56,56,56,49,54,59,59,44,44,20,85,81,81,65,65,48,9,37,20,20,20,16,16,18,18,18,8,99,100,67,76,59,59,12,12,0],"gold":415,"neow_bonus":"ONE_RARE_RELIC","is_prod":false,"is_daily":false,"chose_seed":false,"campfire_upgraded":3,"win_rate":0,"timestamp":1543086993,"path_taken":["M","?","M","M","M","E","?","?","T","M","M","?","$","M","R","BOSS","M","?","M","$","?","E","R","E","T","R","E","R","?","?","R","BOSS","M","?","M","M","?","E","$","M"],"build_version":"2018-11-15","purchased_purges":3,"victory":false,"max_hp_per_floor":[80,80,80,80,80,80,80,80,80,81,82,83,83,84,84,85,85,86,87,88,88,93,94,94,95,95,95,96,96,98,98,98,99,99,100,101,102,103,103,104,104,104],"card_choices":[{"not_picked":["Anger","Shrug It Off"],"picked":"Pommel Strike","floor":1},{"not_picked":["Armaments","Shrug It Off"],"picked":"Pommel Strike","floor":3},{"not_picked":["Dropkick","Searing Blow"],"picked":"Power Through","floor":4},{"not_picked":["Infernal Blade","Clothesline"],"picked":"Perfected Strike","floor":5},{"not_picked":["Heavy Blade","Hemokinesis"],"picked":"Cleave","floor":6},{"not_picked":["Sword Boomerang","Cleave"],"picked":"Metallicize","floor":10},{"not_picked":["Body Slam","Shrug It Off"],"picked":"Pommel Strike","floor":11},{"not_picked":["Clothesline","Dropkick"],"picked":"Fire Breathing","floor":12},{"not_picked":["Clothesline","Brutality","Shockwave"],"picked":"SKIP","floor":14},{"not_picked":["Feed","Limit Break"],"picked":"Fiend Fire","floor":16},{"not_picked":["Armaments","Shrug It Off"],"picked":"Metallicize","floor":18},{"not_picked":["Rage","Sword Boomerang"],"picked":"Wild Strike","floor":19},{"not_picked":["Spot Weakness","Rampage"],"picked":"Anger","floor":20},{"not_picked":["Bludgeon","Armaments"],"picked":"Anger","floor":23},{"not_picked":["Burning Pact+1","Ghostly Armor"],"picked":"Clash","floor":25},{"not_picked":["Dual Wield","Twin Strike+1","Cleave"],"picked":"Anger","floor":28},{"not_picked":["Immolate","Double Tap","Offering"],"picked":"Juggernaut","floor":33},{"not_picked":["Whirlwind+1","Feel No Pain","Clothesline+1"],"picked":"Reckless Charge+1","floor":35},{"not_picked":["Wild Strike","Body Slam+1","Headbutt+1"],"picked":"Clash+1","floor":36},{"not_picked":["Flame Barrier","Dual Wield","Bludgeon"],"picked":"Pommel Strike+1","floor":37},{"not_picked":["Headbutt","Sword Boomerang","Flex"],"picked":"Clash+1","floor":38},{"not_picked":["Thunderclap","Uppercut","True Grit"],"picked":"Perfected Strike","floor":40}],"player_experience":87138,"relics_obtained":[{"floor":6,"key":"Art of War"},{"floor":23,"key":"Pen Nib"},{"floor":25,"key":"Ancient Tea Set"},{"floor":26,"key":"Question Card"},{"floor":28,"key":"Ornamental Fan"},{"floor":30,"key":"Old Coin"},{"floor":30,"key":"Pantograph"},{"floor":36,"key":"Magic Flower"},{"floor":40,"key":"Letter Opener"}],"event_choices":[{"damage_healed":0,"gold_gain":175,"player_choice":"AGREE","damage_taken":0,"max_hp_gain":0,"max_hp_loss":0,"event_name":"Liars Game","floor":2,"gold_loss":0,"cards_obtained":["Doubt"]},{"damage_healed":0,"gold_gain":0,"player_choice":"Box","damage_taken":0,"relics_obtained":["Sundial"],"max_hp_gain":0,"max_hp_loss":0,"event_name":"Big Fish","floor":7,"gold_loss":0,"cards_obtained":["Regret"]},{"damage_healed":0,"gold_gain":0,"player_choice":"Trade","damage_taken":0,"relics_obtained":["FaceOfCleric"],"max_hp_gain":0,"max_hp_loss":0,"event_name":"FaceTrader","floor":8,"gold_loss":0},{"damage_healed":0,"gold_gain":0,"player_choice":"Shed Blood","damage_taken":22,"max_hp_gain":5,"max_hp_loss":0,"event_name":"Forgotten Altar","floor":22,"gold_loss":0},{"damage_healed":0,"gold_gain":0,"player_choice":"Fight","damage_taken":0,"max_hp_gain":0,"max_hp_loss":0,"event_name":"Colosseum","floor":30,"gold_loss":0},{"damage_healed":0,"gold_gain":0,"player_choice":"Fought Nobs","damage_taken":0,"max_hp_gain":0,"max_hp_loss":0,"event_name":"Colosseum","floor":30,"gold_loss":0},{"damage_healed":0,"gold_gain":0,"player_choice":"Fight","damage_taken":0,"max_hp_gain":0,"max_hp_loss":0,"event_name":"Mysterious Sphere","floor":36,"gold_loss":0},{"damage_healed":0,"gold_gain":0,"player_choice":"Ignored","damage_taken":0,"max_hp_gain":0,"max_hp_loss":0,"event_name":"Tomb of Lord Red Mask","floor":39,"gold_loss":0}],"is_beta":true,"boss_relics":[{"not_picked":["Sozu","Calling Bell"],"picked":"Pandora\u0027s Box"},{"not_picked":["Astrolabe","Fusion Hammer"],"picked":"Runic Dome"}],"items_purged_floors":[13,21,31],"is_endless":false,"potions_floor_spawned":[4,6,10,12,14,19,23,28,33,38,40],"killed_by":"Jaw Worm Horde","ascension_level":0}