{"gold_per_floor":[114,126,126,75,99,99,142,43,43,56,56,70,103,119,119,247,310,333,349,370,43,61,96,112,112],"floor_reached":25,"playtime":3358,"items_purged":["Injury"],"score":300,"play_id":"8f623956-1b78-463a-8ad7-8e2906c1947a","local_time":"20181227161406","is_ascension_mode":true,"campfire_choices":[{"data":"Dash","floor":6,"key":"SMITH"},{"floor":15,"key":"DIG"}],"neow_cost":"NONE","seed_source_timestamp":599809459666107,"circlet_count":0,"master_deck":["Defend_G","Defend_G","Defend_G","Defend_G","Defend_G","Strike_G","Strike_G","Strike_G","Strike_G","Strike_G","Survivor","Neutralize","Dash+1","Bouncing Flask","Footwork","Deadly Poison","Cloak And Dagger","Dagger Throw+1","Dagger Throw","Storm of Steel","Leg Sweep","Poisoned Stab","Venomology","Tactician","Envenom","Prepared","Dagger Throw","Heel Hook","Dagger Throw+1","Corpse Explosion","Thinking Ahead","Distraction+1","Dash+1","Caltrops+1"],"relics":["Ring of the Snake","Golden Idol","Gambling Chip","Paper Crane","Shovel","Oddly Smooth Stone","Turnip","Tiny House","Bottled Tornado"],"potions_floor_usage":[7,16,18,19,20,22,22,23,24,24],"damage_taken":[{"damage":1,"enemies":"Jaw Worm","floor":1,"turns":4},{"damage":0,"enemies":"Small Slimes","floor":2,"turns":3},{"damage":0,"enemies":"Cultist","floor":5,"turns":4},{"damage":26,"enemies":"3 Sentries","floor":7,"turns":14},{"damage":0,"enemies":"Red Slaver","floor":10,"turns":4},{"damage":1,"enemies":"Large Slime","floor":12,"turns":6},{"damage":21,"enemies":"Lagavulin","floor":13,"turns":5},{"damage":0,"enemies":"Gremlin Gang","floor":14,"turns":7},{"damage":9,"enemies":"The Guardian","floor":16,"turns":10},{"damage":10,"enemies":"3 Byrds","floor":18,"turns":4},{"damage":4,"enemies":"Spheric Guardian","floor":19,"turns":7},{"damage":3,"enemies":"Cultist and Chosen","floor":20,"turns":8},{"damage":12,"enemies":"Centurion and Healer","floor":22,"turns":9},{"damage":47,"enemies":"Gremlin Leader","floor":23,"turns":13},{"damage":0,"enemies":"Chosen and Byrds","floor":24,"turns":8},{"damage":8,"enemies":"Book of Stabbing","floor":25,"turns":5}],"seed_played":"-4809016973505192018","potions_obtained":[{"floor":1,"key":"SkillPotion"},{"floor":13,"key":"EssenceOfSteel"},{"floor":16,"key":"LiquidBronze"},{"floor":20,"key":"SkillPotion"},{"floor":23,"key":"Block Potion"}],"is_trial":false,"path_per_floor":["M","M","?","?","M","R","E","$","T","M","?","M","E","M","R","B",null,"M","M","M","$","M","E","M","E"],"character_chosen":"THE_SILENT","items_purchased":["Dagger Throw","Corpse Explosion","Thinking Ahead"],"campfire_rested":0,"item_purchase_floors":[8,21,21],"current_hp_per_floor":[69,69,69,69,69,69,43,43,43,43,43,42,21,21,21,12,75,65,61,58,58,46,7,7,0],"gold":112,"neow_bonus":"THREE_CARDS","is_prod":false,"is_daily":false,"chose_seed":false,"campfire_upgraded":1,"win_rate":0,"timestamp":1545945246,"path_taken":["M","M","?","?","?","R","E","?","T","M","?","M","E","?","R","BOSS","M","M","M","$","M","E","M","E"],"build_version":"2018-12-20","purchased_purges":1,"victory":false,"max_hp_per_floor":[70,70,70,70,70,70,70,70,70,70,70,70,70,70,70,70,75,75,75,75,75,75,75,75,75],"card_choices":[{"not_picked":["Backstab","Distraction"],"picked":"Dash","floor":0},{"not_picked":["All Out Attack","Dodge and Roll"],"picked":"Bouncing Flask","floor":1},{"not_picked":["Blade Dance","Deadly Poison"],"picked":"Footwork","floor":2},{"not_picked":["Quick Slash","Eviscerate"],"picked":"Deadly Poison","floor":5},{"not_picked":["Deadly Poison","Accuracy"],"picked":"Cloak And Dagger","floor":7},{"not_picked":["Sucker Punch","Dagger Spray"],"picked":"Dagger Throw","floor":10},{"not_picked":["Catalyst","Blade Dance"],"picked":"Poisoned Stab","floor":12},{"not_picked":["Grand Finale","Predator"],"picked":"Venomology","floor":13},{"not_picked":["Dagger Spray","Acrobatics"],"picked":"Tactician","floor":14},{"not_picked":["A Thousand Cuts","Wraith Form v2"],"picked":"Envenom","floor":16},{"not_picked":["Skewer","Bouncing Flask"],"picked":"Prepared","floor":17},{"not_picked":["Flechettes+1","Poisoned Stab"],"picked":"Dagger Throw","floor":18},{"not_picked":["Sucker Punch","Backflip"],"picked":"Heel Hook","floor":19},{"not_picked":["Leg Sweep","Quick Slash"],"picked":"Dagger Throw+1","floor":20},{"not_picked":["Poisoned Stab+1","Skewer"],"picked":"Distraction+1","floor":22},{"not_picked":["Prepared","Distraction"],"picked":"Dash+1","floor":23},{"not_picked":["Quick Slash","Finisher"],"picked":"Caltrops+1","floor":24}],"player_experience":204977,"relics_obtained":[{"floor":7,"key":"Paper Crane"},{"floor":9,"key":"Shovel"},{"floor":13,"key":"Oddly Smooth Stone"},{"floor":15,"key":"Turnip"},{"floor":23,"key":"Bottled Tornado"}],"event_choices":[{"damage_healed":0,"gold_gain":0,"player_choice":"Take Wound","damage_taken":0,"relics_obtained":["Golden Idol"],"max_hp_gain":0,"max_hp_loss":0,"event_name":"Golden Idol","floor":3,"gold_loss":0,"cards_obtained":["Injury"]},{"damage_healed":0,"gold_gain":0,"player_choice":"Paid Gold","damage_taken":0,"relics_obtained":["Gambling Chip"],"max_hp_gain":0,"max_hp_loss":0,"event_name":"WeMeetAgain","floor":4,"gold_loss":51},{"damage_healed":0,"gold_gain":0,"player_choice":"2 cards matched","damage_taken":0,"max_hp_gain":0,"max_hp_loss":0,"event_name":"Match and Keep!","floor":11,"gold_loss":0,"cards_obtained":["Storm of Steel","Leg Sweep"]}],"is_beta":false,"boss_relics":[{"not_picked":["Velvet Choker","White Beast Statue"],"picked":"Tiny House"}],"items_purged_floors":[8],"is_endless":false,"potions_floor_spawned":[1,13,16,20,23],"killed_by":"Book of Stabbing","ascension_level":1}