{"gold_per_floor":[114,134,147,157,176,201,201,201,201,236,236,268,278,278,278,373,373,363,363,9,9,28,57,79,91],"floor_reached":25,"playtime":1137,"items_purged":[],"score":414,"play_id":"8611c6c5-c1c3-4e0f-a5ba-7bbea797dd4d","local_time":"20190918212811","is_ascension_mode":true,"campfire_choices":[{"floor":7,"key":"REST"},{"floor":15,"key":"REST"}],"neow_cost":"NONE","seed_source_timestamp":98018593981700,"circlet_count":0,"master_deck":["AscendersBane","Strike_R","Strike_R","Strike_R","Strike_R","Defend_R","Defend_R","Defend_R","Defend_R","Bash","Thunderclap","Dropkick","Shrug It Off","Warcry","Thunderclap","Spot Weakness","Rage","Twin Strike","Seeing Red","Feed","Uppercut","Corruption","Shrug It Off","Havoc+1","Anger","Wild Strike"],"relics":["Black Blood","Juzu Bracelet","Boot","Dodecahedron","Vajra","Strawberry","Lantern","MawBank"],"potions_floor_usage":[6,16,18,23],"damage_taken":[{"damage":6,"enemies":"Small Slimes","floor":1,"turns":4},{"damage":1,"enemies":"Cultist","floor":2,"turns":4},{"damage":9,"enemies":"Jaw Worm","floor":3,"turns":4},{"damage":15,"enemies":"3 Louse","floor":4,"turns":4},{"damage":16,"enemies":"Blue Slaver","floor":5,"turns":4},{"damage":15,"enemies":"Gremlin Nob","floor":6,"turns":4},{"damage":32,"enemies":"Lagavulin","floor":10,"turns":5},{"damage":75,"enemies":"Gremlin Nob","floor":12,"turns":6},{"damage":7,"enemies":"Large Slime","floor":13,"turns":4},{"damage":10,"enemies":"Slime Boss","floor":16,"turns":6},{"damage":8,"enemies":"2 Thieves","floor":18,"turns":4},{"damage":4,"enemies":"Chosen","floor":22,"turns":3},{"damage":65,"enemies":"Slavers","floor":23,"turns":7},{"damage":43,"enemies":"Sentry and Sphere","floor":24,"turns":6},{"damage":16,"enemies":"Snake Plant","floor":25,"turns":1}],"seed_played":"6457130549038598604","potions_obtained":[{"floor":3,"key":"LiquidBronze"},{"floor":4,"key":"Poison Potion"},{"floor":10,"key":"LiquidBronze"},{"floor":12,"key":"Block Potion"},{"floor":13,"key":"SkillPotion"},{"floor":16,"key":"LiquidBronze"},{"floor":23,"key":"Fruit Juice"}],"is_trial":false,"path_per_floor":["M","M","M","M","M","E","R","?","T","E","?","E","M","?","R","B",null,"M","?","$","?","M","E","M","M"],"character_chosen":"IRONCLAD","items_purchased":["Strawberry","Lantern","Shrug It Off"],"campfire_rested":2,"item_purchase_floors":[20,20,20],"current_hp_per_floor":[80,85,82,73,63,54,80,80,80,54,83,14,13,6,32,28,73,78,78,85,85,91,44,14,0],"gold":91,"neow_bonus":"TEN_PERCENT_HP_BONUS","is_prod":false,"is_daily":false,"chose_seed":false,"campfire_upgraded":0,"win_rate":0,"timestamp":1568856491,"path_taken":["M","M","M","M","M","E","R","?","T","E","?","E","M","?","R","BOSS","M","?","$","?","M","E","M","M"],"build_version":"2019-07-17","purchased_purges":0,"victory":false,"max_hp_per_floor":[88,88,88,88,88,88,88,88,88,88,88,88,88,88,88,88,88,91,91,98,98,98,106,109,109],"card_choices":[{"not_picked":["Blood for Blood","Ghostly Armor"],"picked":"Thunderclap","floor":1},{"not_picked":["Sentinel","Havoc"],"picked":"Dropkick","floor":2},{"not_picked":["Searing Blow","Armaments"],"picked":"Shrug It Off","floor":3},{"not_picked":["Evolve","Body Slam"],"picked":"Warcry","floor":4},{"not_picked":["True Grit","Havoc"],"picked":"Thunderclap","floor":5},{"not_picked":["True Grit","Warcry"],"picked":"Spot Weakness","floor":6},{"not_picked":["Heavy Blade","Perfected Strike"],"picked":"Rage","floor":10},{"not_picked":["Headbutt","Armaments"],"picked":"Twin Strike","floor":12},{"not_picked":["Battle Trance","Exhume"],"picked":"Seeing Red","floor":13},{"not_picked":["Limit Break","Reaper"],"picked":"Feed","floor":16},{"not_picked":["Cleave","Intimidate"],"picked":"Uppercut","floor":18},{"not_picked":["True Grit","Clothesline"],"picked":"Havoc+1","floor":22},{"not_picked":["Perfected Strike","Clash+1"],"picked":"Anger","floor":23},{"not_picked":["Hemokinesis","Body Slam"],"picked":"Wild Strike","floor":24}],"player_experience":667969,"relics_obtained":[{"floor":6,"key":"Juzu Bracelet"},{"floor":10,"key":"Dodecahedron"},{"floor":12,"key":"Vajra"},{"floor":23,"key":"MawBank"}],"event_choices":[{"damage_healed":0,"gold_gain":0,"player_choice":"Gave Potion","damage_taken":0,"relics_obtained":["Boot"],"max_hp_gain":0,"max_hp_loss":0,"event_name":"WeMeetAgain","floor":8,"gold_loss":0},{"damage_healed":29,"gold_gain":0,"player_choice":"Banana","damage_taken":0,"max_hp_gain":0,"max_hp_loss":0,"event_name":"Big Fish","floor":11,"gold_loss":0},{"cards_removed":["Strike_R"],"damage_healed":0,"gold_gain":0,"player_choice":"Card Removal","damage_taken":7,"max_hp_gain":0,"max_hp_loss":0,"event_name":"Golden Wing","floor":14,"gold_loss":0},{"damage_healed":0,"gold_gain":0,"player_choice":"Read","damage_taken":0,"max_hp_gain":0,"max_hp_loss":0,"event_name":"The Library","floor":19,"gold_loss":0,"cards_obtained":["Corruption"]},{"damage_healed":0,"gold_gain":0,"player_choice":"Ignored","damage_taken":0,"max_hp_gain":0,"max_hp_loss":0,"event_name":"Vampires","floor":21,"gold_loss":0}],"is_beta":false,"boss_relics":[{"not_picked":["Lizard Tail","Eternal Feather"],"picked":"Black Blood"}],"items_purged_floors":[],"is_endless":false,"potions_floor_spawned":[3,4,10,12,13,16,23],"killed_by":"Snake Plant","ascension_level":12}