{"gold_per_floor":[110,110,179,192,273,273,304,320,320,340,359,359,359,394,394,495,495,511,531,531,548,548,548,168,194,220,220,220],"floor_reached":28,"playtime":3494,"items_purged":[],"score":394,"play_id":"bccd2842-e07e-4b62-9c4e-dc207f9bb527","local_time":"20190919194303","is_ascension_mode":true,"campfire_choices":[{"floor":6,"key":"REST"},{"floor":12,"key":"REST"},{"floor":15,"key":"REST"},{"floor":23,"key":"REST"},{"floor":27,"key":"REST"}],"neow_cost":"NONE","seed_source_timestamp":175751851923500,"circlet_count":0,"master_deck":["AscendersBane","Bash+1","Twin Strike","Carnage","Twin Strike","Pommel Strike","Dropkick","Seeing Red","Flame Barrier","Demon Form","Reaper","Bloodletting","Cleave","Hemokinesis","Barricade","Blood for Blood","Body Slam","Rampage","Clothesline","Flame Barrier","True Grit","Rage","Thunderclap"],"relics":["Burning Blood","Bottled Flame","Kunai","StoneCalendar","Matryoshka","Pandora\u0027s Box","MealTicket","The Courier","Paper Frog","Potion Belt"],"potions_floor_usage":[10,24,28],"damage_taken":[{"damage":3,"enemies":"Small Slimes","floor":1,"turns":5},{"damage":2,"enemies":"Jaw Worm","floor":4,"turns":3},{"damage":40,"enemies":"3 Sentries","floor":7,"turns":9},{"damage":1,"enemies":"Cultist","floor":8,"turns":3},{"damage":19,"enemies":"Exordium Wildlife","floor":10,"turns":5},{"damage":20,"enemies":"Gremlin Gang","floor":11,"turns":4},{"damage":40,"enemies":"Lagavulin","floor":14,"turns":7},{"damage":26,"enemies":"Slime Boss","floor":16,"turns":8},{"damage":42,"enemies":"2 Thieves","floor":18,"turns":5},{"damage":39,"enemies":"Shell Parasite","floor":19,"turns":4},{"damage":60,"enemies":"Sentry and Sphere","floor":21,"turns":6},{"damage":63,"enemies":"Slavers","floor":25,"turns":6},{"damage":76,"enemies":"Gremlin Leader","floor":28,"turns":5}],"seed_played":"5649310869590053641","potions_obtained":[{"floor":4,"key":"FairyPotion"},{"floor":7,"key":"Regen Potion"},{"floor":16,"key":"SpeedPotion"},{"floor":18,"key":"Energy Potion"},{"floor":25,"key":"SteroidPotion"}],"is_trial":false,"path_per_floor":["M","?","?","M","T","R","E","M","T","M","M","R","?","E","R","B",null,"M","M","?","M","?","R","$","E","T","R","E"],"character_chosen":"IRONCLAD","items_purchased":["MealTicket","Fruit Juice","Rage"],"campfire_rested":5,"item_purchase_floors":[24,24,24],"current_hp_per_floor":[83,65,65,69,69,88,54,59,59,60,46,72,60,26,52,32,74,46,13,88,38,38,64,69,18,18,45,0],"gold":220,"neow_bonus":"TEN_PERCENT_HP_BONUS","is_prod":false,"is_daily":false,"chose_seed":false,"campfire_upgraded":0,"win_rate":0,"timestamp":1568936583,"path_taken":["M","?","?","M","?","R","E","M","T","M","M","R","?","E","R","BOSS","M","M","?","?","?","R","$","E","T","R","E"],"build_version":"2019-07-17","purchased_purges":0,"victory":false,"max_hp_per_floor":[88,88,88,88,88,88,88,88,88,88,88,88,88,88,88,88,88,88,88,88,88,88,88,93,93,93,93,93],"card_choices":[{"not_picked":["Warcry","Blood for Blood"],"picked":"Twin Strike","floor":1},{"not_picked":["Disarm","Armaments"],"picked":"Carnage","floor":4},{"not_picked":["Fiend Fire","Anger"],"picked":"Twin Strike","floor":7},{"not_picked":["Sword Boomerang","Power Through"],"picked":"Pommel Strike","floor":8},{"not_picked":["Infernal Blade","Wild Strike"],"picked":"Dropkick","floor":10},{"not_picked":["Disarm","Havoc"],"picked":"Seeing Red","floor":11},{"not_picked":["Heavy Blade","Sever Soul"],"picked":"Flame Barrier","floor":14},{"not_picked":["Impervious","Juggernaut"],"picked":"Demon Form","floor":16},{"not_picked":["Sword Boomerang+1","Flex"],"picked":"Clothesline","floor":18},{"not_picked":["Perfected Strike+1","Heavy Blade"],"picked":"Flame Barrier","floor":19},{"not_picked":["Iron Wave","Sword Boomerang"],"picked":"True Grit","floor":21},{"not_picked":["Searing Blow","Intimidate"],"picked":"Thunderclap","floor":25}],"player_experience":673647,"relics_obtained":[{"floor":5,"key":"Bottled Flame"},{"floor":7,"key":"Kunai"},{"floor":14,"key":"Matryoshka"},{"floor":25,"key":"The Courier"},{"floor":26,"key":"Paper Frog"},{"floor":26,"key":"Potion Belt"}],"event_choices":[{"damage_healed":0,"gold_gain":0,"player_choice":"Entered Light","damage_taken":18,"max_hp_gain":0,"max_hp_loss":0,"event_name":"Shining Light","floor":2,"gold_loss":0,"cards_upgraded":["Strike_R","Bash"]},{"damage_healed":0,"gold_gain":69,"player_choice":"Gained Gold","damage_taken":0,"max_hp_gain":0,"max_hp_loss":0,"event_name":"Golden Wing","floor":3,"gold_loss":0},{"damage_healed":0,"gold_gain":0,"player_choice":"Success","damage_taken":12,"relics_obtained":["StoneCalendar"],"max_hp_gain":0,"max_hp_loss":0,"event_name":"Scrap Ooze","floor":13,"gold_loss":0},{"cards_removed":["Rupture"],"damage_healed":75,"gold_gain":0,"player_choice":"Offered Uncommon","damage_taken":0,"max_hp_gain":0,"max_hp_loss":0,"event_name":"Bonfire Elementals","floor":20,"gold_loss":0},{"damage_healed":0,"gold_gain":0,"player_choice":"Bought 0 Potions","damage_taken":0,"max_hp_gain":0,"max_hp_loss":0,"event_name":"The Woman in Blue","floor":22,"gold_loss":0}],"is_beta":false,"boss_relics":[{"not_picked":["Calling Bell","Busted Crown"],"picked":"Pandora\u0027s Box"}],"items_purged_floors":[],"is_endless":false,"potions_floor_spawned":[4,7,16,18,25],"killed_by":"Gremlin Leader","ascension_level":12}