{"path_per_floor":["M","M","M","?","M","E","R","M","T","M","E","M","R","$","R","B",null,"M","?","M","M","?","E","M","E","T","R","?","M","E","M","R"],"character_chosen":"IRONCLAD","items_purchased":["Double Tap"],"gold_per_floor":[113,125,139,139,157,187,187,203,203,223,249,262,262,48,48,152,152,169,169,188,206,206,237,254,289,289,289,289,308,333,343,343,343],"floor_reached":33,"campfire_rested":2,"playtime":3532,"item_purchase_floors":[14],"current_hp_per_floor":[80,80,80,73,71,41,41,47,47,40,34,38,77,77,77,35,80,69,69,76,79,79,39,45,27,27,66,66,65,52,48,48,0],"items_purged":["Strike_R"],"gold":343,"score":321,"play_id":"1bddcc30-4acb-4e83-a94b-951de52ff297","local_time":"20180622202406","is_prod":false,"is_daily":false,"chose_seed":false,"is_ascension_mode":false,"campfire_upgraded":3,"win_rate":0.0,"timestamp":1529695446,"campfire_choices":[{"data":"Carnage","floor":7,"key":"SMITH"},{"floor":13,"key":"REST"},{"data":"True Grit","floor":15,"key":"SMITH"},{"floor":27,"key":"REST"},{"data":"Reaper","floor":32,"key":"SMITH"}],"path_taken":["M","M","M","?","?","E","R","M","T","M","E","M","R","?","R","BOSS","M","?","M","M","?","E","M","E","T","R","?","?","E","M","R","BOSS"],"build_version":"2018-06-21","seed_source_timestamp":1026933000564309,"purchased_purges":1,"circlet_count":0,"victory":false,"master_deck":["Strike_R","Strike_R","Strike_R","Strike_R","Defend_R","Defend_R","Defend_R","Defend_R","Bash","Carnage+1","Intimidate","Warcry","Headbutt","True Grit+1","Headbutt","Twin Strike","True Grit","Double Tap","Reaper+1","Carnage","Clash","Clash","Reckless Charge","Fire Breathing+1","Cleave+1","Reckless Charge","Headbutt+1","Intimidate+1","Twin Strike+1"],"max_hp_per_floor":[80,80,80,80,80,80,80,80,80,80,80,80,80,80,80,80,80,80,80,80,80,80,80,80,80,80,80,80,80,80,80,80,80],"relics":["Burning Blood","Regal Pillow","Mercury Hourglass","Darkstone Periapt","Anchor","White Beast Statue","Ginger","Lantern","Incense Burner","Toxic Egg 2"],"card_choices":[{"not_picked":["Clothesline","Anger"],"picked":"Carnage","floor":1},{"not_picked":["Infernal Blade","Ghostly Armor"],"picked":"Intimidate","floor":2},{"not_picked":["Clash","Pommel Strike"],"picked":"Warcry","floor":3},{"not_picked":["Twin Strike","Pommel Strike"],"picked":"Headbutt","floor":5},{"not_picked":["Dual Wield","Battle Trance"],"picked":"True Grit","floor":6},{"not_picked":["Sever Soul","Metallicize"],"picked":"Headbutt","floor":8},{"not_picked":["Searing Blow","Rampage"],"picked":"Twin Strike","floor":10},{"not_picked":["Anger","Corruption","Brutality"],"picked":"SKIP","floor":11},{"not_picked":["Armaments","Iron Wave"],"picked":"True Grit","floor":12},{"not_picked":["Bludgeon","Double Tap"],"picked":"Reaper","floor":16},{"not_picked":["Warcry+1","Intimidate"],"picked":"Carnage","floor":18},{"not_picked":["Rampage","Uppercut"],"picked":"Clash","floor":20},{"not_picked":["Pummel","Anger+1"],"picked":"Clash","floor":21},{"not_picked":["Headbutt","Burning Pact"],"picked":"Reckless Charge","floor":23},{"not_picked":["True Grit+1","Pommel Strike"],"picked":"Fire Breathing+1","floor":24},{"not_picked":["Pommel Strike","Headbutt"],"picked":"Cleave+1","floor":25},{"not_picked":["Thunderclap","Iron Wave"],"picked":"Headbutt+1","floor":29},{"not_picked":["Uppercut+1","Combust+1"],"picked":"Intimidate","floor":30},{"not_picked":["Dark Embrace","Clothesline"],"picked":"Twin Strike+1","floor":31}],"player_experience":3232,"potions_floor_usage":[11,20,21,23,25,25,25,33,33,33],"damage_taken":[{"damage":0,"enemies":"Small Slimes","floor":1,"turns":3},{"damage":6,"enemies":"Jaw Worm","floor":2,"turns":3},{"damage":0,"enemies":"2 Louse","floor":3,"turns":2},{"damage":8,"enemies":"Red Slaver","floor":5,"turns":4},{"damage":36,"enemies":"Lagavulin","floor":6,"turns":5},{"damage":0,"enemies":"Large Slime","floor":8,"turns":4},{"damage":13,"enemies":"Lots of Slimes","floor":10,"turns":2},{"damage":12,"enemies":"Gremlin Nob","floor":11,"turns":3},{"damage":2,"enemies":"3 Louse","floor":12,"turns":2},{"damage":48,"enemies":"Hexaghost","floor":16,"turns":9},{"damage":17,"enemies":"2 Thieves","floor":18,"turns":4},{"damage":7,"enemies":"Shell Parasite","floor":20,"turns":3},{"damage":7,"enemies":"Chosen and Byrds","floor":21,"turns":5},{"damage":46,"enemies":"Gremlin Leader","floor":23,"turns":3},{"damage":0,"enemies":"Cultist and Chosen","floor":24,"turns":5},{"damage":24,"enemies":"Book of Stabbing","floor":25,"turns":4},{"damage":15,"enemies":"Centurion and Healer","floor":29,"turns":6},{"damage":31,"enemies":"Gremlin Leader","floor":30,"turns":6},{"damage":14,"enemies":"Slaver and Parasite","floor":31,"turns":6},{"damage":57,"enemies":"Champ","floor":33,"turns":10}],"relics_obtained":[{"floor":6,"key":"Mercury Hourglass"},{"floor":9,"key":"Darkstone Periapt"},{"floor":11,"key":"Anchor"},{"floor":23,"key":"Ginger"},{"floor":25,"key":"Lantern"},{"floor":26,"key":"Incense Burner"},{"floor":30,"key":"Toxic Egg 2"}],"event_choices":[{"event_name":"Scrap Ooze","player_choice":"success","floor":4,"damage_taken":7},{"event_name":"The Woman in Blue","player_choice":"Bought 0 Potions","floor":19,"damage_taken":0},{"event_name":"Ghosts","player_choice":"Ignored","floor":22,"damage_taken":0},{"event_name":"The Library","player_choice":"Read","floor":28,"damage_taken":0}],"boss_relics":[{"not_picked":["Philosopher\u0027s Stone","Ectoplasm"],"picked":"White Beast Statue"}],"items_purged_floors":[14],"is_endless":false,"potions_floor_spawned":[5,8,10,18,20,21,23,24,25,29,30,31],"seed_played":"-4086787660555167155","killed_by":"Champ","ascension_level":0,"potions_obtained":[{"floor":5,"key":"SteroidPotion"},{"floor":8,"key":"BloodPotion"},{"floor":10,"key":"Poison Potion"},{"floor":18,"key":"FearPotion"},{"floor":20,"key":"Weak Potion"},{"floor":21,"key":"LiquidBronze"},{"floor":23,"key":"AttackPotion"},{"floor":24,"key":"PowerPotion"},{"floor":25,"key":"Weak Potion"},{"floor":29,"key":"Dexterity Potion"},{"floor":30,"key":"Dexterity Potion"},{"floor":31,"key":"FearPotion"}],"is_trial":false}