{"gold_per_floor":[16,16,30,30,49,75,75,104,104,137,156,167,167,167,167,262,262,276,31,31,31,31,64,79,79,105,105,115,150,170,182,182,182],"floor_reached":33,"playtime":1720,"items_purged":[],"score":345,"play_id":"f9e56abd-5eb7-48c2-9fec-a8ebc7c05580","local_time":"20190112020544","is_ascension_mode":true,"campfire_choices":[{"floor":7,"key":"REST"},{"floor":13,"key":"REST"},{"data":"Immolate","floor":15,"key":"SMITH"},{"floor":25,"key":"REST"},{"data":"The Bomb","floor":27,"key":"SMITH"},{"floor":32,"key":"REST"}],"neow_cost":"NO_GOLD","seed_source_timestamp":286360621262432,"circlet_count":0,"master_deck":["Strike_R","Strike_R","Strike_R","Defend_R","Defend_R","Defend_R","Bash","Madness","Forethought","Armaments+1","Disarm","Sword Boomerang","Seeing Red","Clothesline","Immolate+1","Pummel","Power Through","Warcry","Heavy Blade","Offering","Double Tap+1","Ghostly Armor+1","Perfected Strike+1","Iron Wave+1","The Bomb+1","True Grit","Iron Wave","RitualDagger","Pommel Strike","Warcry","Evolve","Pummel+1","Armaments","Headbutt","Infernal Blade","Burning Pact+1"],"relics":["Burning Blood","Dream Catcher","Pear","Pen Nib","Astrolabe","Calipers","Dead Branch","Lantern","Ornamental Fan"],"potions_floor_usage":[8,8,18,29,29,33,33],"damage_taken":[{"damage":0,"enemies":"2 Louse","floor":1,"turns":3},{"damage":6,"enemies":"Jaw Worm","floor":3,"turns":3},{"damage":8,"enemies":"Cultist","floor":5,"turns":5},{"damage":36,"enemies":"Lagavulin","floor":6,"turns":7},{"damage":33,"enemies":"3 Sentries","floor":8,"turns":7},{"damage":18,"enemies":"Gremlin Nob","floor":10,"turns":5},{"damage":11,"enemies":"3 Louse","floor":11,"turns":3},{"damage":9,"enemies":"Blue Slaver","floor":12,"turns":5},{"damage":27,"enemies":"Slime Boss","floor":16,"turns":6},{"damage":21,"enemies":"3 Byrds","floor":18,"turns":4},{"damage":21,"enemies":"Gremlin Leader","floor":23,"turns":7},{"damage":11,"enemies":"Chosen","floor":24,"turns":3},{"damage":16,"enemies":"Snecko","floor":28,"turns":4},{"damage":39,"enemies":"Book of Stabbing","floor":29,"turns":8},{"damage":24,"enemies":"Centurion and Healer","floor":30,"turns":4},{"damage":13,"enemies":"Sentry and Sphere","floor":31,"turns":4},{"damage":45,"enemies":"Collector","floor":33,"turns":3}],"seed_played":"5439209991866906833","potions_obtained":[{"floor":1,"key":"Block Potion"},{"floor":6,"key":"Fire Potion"},{"floor":8,"key":"Energy Potion"},{"floor":10,"key":"Dexterity Potion"},{"floor":16,"key":"AttackPotion"},{"floor":23,"key":"SteroidPotion"},{"floor":28,"key":"AttackPotion"},{"floor":31,"key":"LiquidBronze"}],"is_trial":false,"path_per_floor":["M","?","M","$","M","E","R","E","T","E","M","M","R","?","R","B",null,"M","$","$","?","?","E","M","R","T","R","M","E","M","M","R","B"],"character_chosen":"IRONCLAD","items_purchased":["The Bomb","True Grit","Iron Wave"],"campfire_rested":4,"item_purchase_floors":[19,19,19],"current_hp_per_floor":[80,80,80,80,78,48,72,55,55,43,38,35,62,62,62,41,90,75,75,75,69,69,54,49,76,76,76,66,33,15,8,35,0],"gold":182,"neow_bonus":"RANDOM_COLORLESS_2","is_prod":false,"is_daily":false,"chose_seed":false,"campfire_upgraded":2,"win_rate":0,"timestamp":1547276744,"path_taken":["M","?","M","?","M","E","R","E","T","E","M","M","R","?","R","BOSS","M","?","$","?","?","E","M","R","T","R","M","E","?","M","R","BOSS"],"build_version":"2019-01-10","purchased_purges":0,"victory":false,"max_hp_per_floor":[80,80,80,80,80,80,80,90,90,90,90,90,90,90,90,90,90,90,90,90,90,90,90,90,90,90,90,90,90,90,90,90,90],"card_choices":[{"not_picked":["Heavy Blade","Warcry"],"picked":"Armaments","floor":1},{"not_picked":["Intimidate","Searing Blow"],"picked":"Disarm","floor":3},{"not_picked":["Sever Soul","Fire Breathing"],"picked":"Sword Boomerang","floor":5},{"not_picked":["Berserk","Cleave"],"picked":"Seeing Red","floor":6},{"not_picked":["Hemokinesis","Headbutt"],"picked":"Clothesline","floor":7},{"not_picked":["Body Slam","Flex"],"picked":"Immolate","floor":8},{"not_picked":["Intimidate","Seeing Red"],"picked":"Pummel","floor":10},{"not_picked":["Sword Boomerang","Cleave"],"picked":"Power Through","floor":11},{"not_picked":["Whirlwind","Anger"],"picked":"Warcry","floor":12},{"not_picked":["Clash","Perfected Strike"],"picked":"Heavy Blade","floor":13},{"not_picked":["Brutality","Impervious"],"picked":"Offering","floor":16},{"not_picked":["Hemokinesis+1","Dropkick"],"picked":"Iron Wave+1","floor":18},{"not_picked":["Sentinel","Reckless Charge"],"picked":"Pommel Strike","floor":23},{"not_picked":["Sever Soul","Anger"],"picked":"Warcry","floor":24},{"not_picked":["Body Slam","Blood for Blood"],"picked":"Evolve","floor":25},{"not_picked":["Perfected Strike","Warcry"],"picked":"Pummel+1","floor":28},{"not_picked":["Berserk","Heavy Blade+1"],"picked":"Armaments","floor":29},{"not_picked":["Sword Boomerang","Flex"],"picked":"Headbutt","floor":30},{"not_picked":["Burning Pact","Seeing Red"],"picked":"Infernal Blade","floor":31},{"not_picked":["Entrench","Flex"],"picked":"Burning Pact+1","floor":32}],"player_experience":354063,"relics_obtained":[{"floor":6,"key":"Dream Catcher"},{"floor":8,"key":"Pear"},{"floor":10,"key":"Pen Nib"},{"floor":23,"key":"Dead Branch"},{"floor":26,"key":"Lantern"},{"floor":29,"key":"Ornamental Fan"}],"event_choices":[{"damage_healed":0,"gold_gain":0,"player_choice":"Leave","damage_taken":0,"max_hp_gain":0,"max_hp_loss":0,"event_name":"The Cleric","floor":2,"gold_loss":0},{"damage_healed":0,"gold_gain":0,"player_choice":"Forge","damage_taken":0,"max_hp_gain":0,"max_hp_loss":0,"event_name":"Accursed Blacksmith","floor":14,"gold_loss":0,"cards_upgraded":["Armaments"]},{"damage_healed":0,"gold_gain":0,"player_choice":"Joined the Cult","damage_taken":6,"max_hp_gain":0,"max_hp_loss":0,"event_name":"Nest","floor":21,"gold_loss":0,"cards_obtained":["RitualDagger"]},{"damage_healed":0,"gold_gain":0,"player_choice":"Gave Potion","damage_taken":0,"relics_obtained":["Calipers"],"max_hp_gain":0,"max_hp_loss":0,"event_name":"WeMeetAgain","floor":22,"gold_loss":0}],"is_beta":false,"boss_relics":[{"not_picked":["Fusion Hammer","Ectoplasm"],"picked":"Astrolabe"}],"items_purged_floors":[],"is_endless":false,"potions_floor_spawned":[1,6,8,10,16,23,28,31],"killed_by":"Collector","ascension_level":1}