{"gold_per_floor":[10,29,29,42,59,59,74,85,85,85,85,118,152,152],"floor_reached":14,"playtime":811,"items_purged":[],"score":124,"play_id":"90ef466a-87fa-4c49-8d5a-a5064dce74db","local_time":"20190911160122","is_ascension_mode":true,"campfire_choices":[{"floor":6,"key":"REST"},{"data":"Footwork","floor":11,"key":"SMITH"}],"neow_cost":"NO_GOLD","seed_source_timestamp":427737214971000,"circlet_count":0,"master_deck":["Strike_G","Strike_G","Strike_G","Strike_G","Defend_G","Defend_G","Defend_G","Defend_G","Defend_G","Survivor","Neutralize","Blur","Backflip","Choke","Blade Dance","Accuracy","Footwork+1","Injury","Envenom","Finisher"],"relics":["Ring of the Snake","Calipers","Toxic Egg 2","Golden Idol","Ancient Tea Set","Odd Mushroom"],"potions_floor_usage":[2,7,13],"damage_taken":[{"damage":0,"enemies":"Jaw Worm","floor":1,"turns":6},{"damage":0,"enemies":"Small Slimes","floor":2,"turns":6},{"damage":0,"enemies":"2 Louse","floor":4,"turns":5},{"damage":25,"enemies":"Exordium Thugs","floor":5,"turns":5},{"damage":2,"enemies":"2 Fungi Beasts","floor":7,"turns":5},{"damage":11,"enemies":"3 Louse","floor":8,"turns":6},{"damage":41,"enemies":"3 Sentries","floor":12,"turns":12},{"damage":7,"enemies":"The Mushroom Lair","floor":13,"turns":6},{"damage":18,"enemies":"Gremlin Nob","floor":14,"turns":3}],"seed_played":"-8586268024539101680","potions_obtained":[{"floor":1,"key":"PowerPotion"},{"floor":5,"key":"Regen Potion"},{"floor":12,"key":"Energy Potion"}],"is_trial":false,"path_per_floor":["M","M","?","M","M","R","M","M","T","?","R","E","?","E"],"character_chosen":"THE_SILENT","items_purchased":[],"campfire_rested":1,"item_purchase_floors":[],"current_hp_per_floor":[63,63,63,63,38,59,70,59,59,59,59,18,11,0],"gold":152,"neow_bonus":"ONE_RARE_RELIC","is_prod":false,"is_daily":false,"chose_seed":false,"campfire_upgraded":1,"win_rate":0,"timestamp":1568232082,"path_taken":["M","M","?","M","M","R","M","M","T","?","R","E","?","E"],"build_version":"2019-07-17","purchased_purges":0,"victory":false,"max_hp_per_floor":[70,70,70,70,70,70,70,70,70,70,70,70,70,70],"card_choices":[{"not_picked":["All Out Attack","Blade Dance"],"picked":"Blur","floor":1},{"not_picked":["Acrobatics","Accuracy"],"picked":"Backflip","floor":2},{"not_picked":["Well Laid Plans","All Out Attack"],"picked":"Choke","floor":4},{"not_picked":["Deadly Poison","Slice"],"picked":"Blade Dance","floor":5},{"not_picked":["Night Terror","Poisoned Stab"],"picked":"Accuracy","floor":7},{"not_picked":["Dash","Deflect"],"picked":"Footwork","floor":8},{"not_picked":["Dagger Throw","Poisoned Stab"],"picked":"Envenom","floor":12},{"not_picked":["Dagger Throw","Tactician+1"],"picked":"Finisher","floor":13}],"player_experience":570465,"relics_obtained":[{"floor":9,"key":"Toxic Egg 2"},{"floor":12,"key":"Ancient Tea Set"},{"floor":13,"key":"Odd Mushroom"}],"event_choices":[{"cards_removed":["Strike_G"],"damage_healed":0,"gold_gain":0,"player_choice":"Forget","damage_taken":0,"max_hp_gain":0,"max_hp_loss":0,"event_name":"Living Wall","floor":3,"gold_loss":0},{"damage_healed":0,"gold_gain":0,"player_choice":"Take Wound","damage_taken":0,"relics_obtained":["Golden Idol"],"max_hp_gain":0,"max_hp_loss":0,"event_name":"Golden Idol","floor":10,"gold_loss":0,"cards_obtained":["Injury"]},{"damage_healed":0,"gold_gain":0,"player_choice":"Fought Mushrooms","damage_taken":0,"max_hp_gain":0,"max_hp_loss":0,"event_name":"Mushrooms","floor":13,"gold_loss":0}],"is_beta":false,"boss_relics":[],"items_purged_floors":[],"is_endless":false,"potions_floor_spawned":[1,5,12],"killed_by":"Gremlin Nob","ascension_level":7}