{"gold_per_floor":[117,42,53,53,63,90,90,121,121,135,135],"floor_reached":11,"playtime":448,"items_purged":["Shame"],"score":112,"play_id":"6df966ba-2610-42ed-bd61-ba4460e96825","local_time":"20190907172658","is_ascension_mode":true,"campfire_choices":[{"data":"Cleave","floor":7,"key":"SMITH"}],"neow_cost":"CURSE","seed_source_timestamp":87633706920800,"circlet_count":0,"master_deck":["Strike_R","Strike_R","Strike_R","Strike_R","Strike_R","Defend_R","Defend_R","Defend_R","Defend_R","Bash","The Bomb","PanicButton","Metallicize+1","Warcry","Cleave+1","Power Through","Flame Barrier","Flex"],"relics":["Burning Blood","Bronze Scales","Bottled Flame","Ancient Tea Set"],"potions_floor_usage":[],"damage_taken":[{"damage":6,"enemies":"Cultist","floor":1,"turns":3},{"damage":5,"enemies":"Small Slimes","floor":3,"turns":3},{"damage":0,"enemies":"Jaw Worm","floor":5,"turns":5},{"damage":42,"enemies":"Gremlin Nob","floor":6,"turns":5},{"damage":16,"enemies":"Lagavulin","floor":8,"turns":6},{"damage":8,"enemies":"Large Slime","floor":10,"turns":4},{"damage":58,"enemies":"Gremlin Nob","floor":11,"turns":5}],"seed_played":"-5772521332519064970","potions_obtained":[{"floor":1,"key":"LiquidBronze"},{"floor":3,"key":"Ancient Potion"},{"floor":5,"key":"Explosive Potion"}],"is_trial":false,"path_per_floor":["M","$","M","?","M","E","R","E","T","M","E"],"character_chosen":"IRONCLAD","items_purchased":[],"campfire_rested":0,"item_purchase_floors":[],"current_hp_per_floor":[72,72,73,73,79,43,43,33,33,31,0],"gold":135,"neow_bonus":"RANDOM_COLORLESS_2","is_prod":false,"is_daily":false,"chose_seed":false,"campfire_upgraded":1,"win_rate":0,"timestamp":1567891618,"path_taken":["M","$","M","?","M","E","R","E","T","M","E"],"build_version":"2019-07-17","purchased_purges":1,"victory":false,"max_hp_per_floor":[80,80,80,80,80,80,80,80,80,80,80],"card_choices":[{"not_picked":["Shockwave","Cleave"],"picked":"Metallicize","floor":1},{"not_picked":["Uppercut","Rage"],"picked":"Warcry","floor":3},{"not_picked":["Searing Blow","Body Slam"],"picked":"Cleave","floor":5},{"not_picked":["Heavy Blade","Havoc"],"picked":"Power Through","floor":6},{"not_picked":["Sever Soul","Corruption"],"picked":"Flame Barrier","floor":8},{"not_picked":["Thunderclap","Headbutt"],"picked":"Flex","floor":10}],"player_experience":499937,"relics_obtained":[{"floor":6,"key":"Bronze Scales"},{"floor":8,"key":"Bottled Flame"},{"floor":9,"key":"Ancient Tea Set"}],"event_choices":[{"damage_healed":0,"gold_gain":0,"player_choice":"Grow","damage_taken":0,"max_hp_gain":0,"max_hp_loss":0,"event_name":"Living Wall","floor":4,"gold_loss":0,"cards_upgraded":["Metallicize"]}],"is_beta":false,"boss_relics":[],"items_purged_floors":[2],"is_endless":false,"potions_floor_spawned":[1,3,5],"killed_by":"Gremlin Nob","ascension_level":7}