{"gold_per_floor":[116,126,136,0,18,18,51,51,78,78,98,98,118,129,129,224,224,240,68,80,80,93,120,120,136,136,147,147,147],"floor_reached":29,"playtime":1296,"items_purged":[],"score":374,"play_id":"2ca3dd53-429d-4612-b125-f67045bfc055","local_time":"20190909230755","is_ascension_mode":true,"campfire_choices":[{"data":"Headbutt","floor":6,"key":"SMITH"},{"floor":8,"key":"REST"},{"data":"Shrug It Off","floor":15,"key":"SMITH"},{"data":"Mayhem","floor":28,"key":"SMITH"}],"neow_cost":"PERCENT_DAMAGE","seed_source_timestamp":280045057711299,"circlet_count":0,"master_deck":["Defend_R","Defend_R","Defend_R","Bash","Anger","Anger","Headbutt+1","Double Tap+1","Ghostly Armor","Flex+1","Shrug It Off+1","Rampage","True Grit","Feed","Clash","Mayhem+1","Seeing Red+1","Shame","Headbutt","Cleave+1","Bite","Bite","Bite","Bite","Bite","Perfected Strike+1"],"relics":["Black Blood","Pocketwatch","Bag of Marbles","Happy Flower","Pen Nib","War Paint"],"potions_floor_usage":[7,7,14,14,16,16,22,25,27],"damage_taken":[{"damage":6,"enemies":"Cultist","floor":1,"turns":3},{"damage":5,"enemies":"2 Louse","floor":2,"turns":3},{"damage":0,"enemies":"Small Slimes","floor":3,"turns":3},{"damage":15,"enemies":"3 Louse","floor":5,"turns":3},{"damage":15,"enemies":"3 Sentries","floor":7,"turns":6},{"damage":18,"enemies":"Large Slime","floor":11,"turns":2},{"damage":5,"enemies":"Blue Slaver","floor":13,"turns":2},{"damage":0,"enemies":"Looter","floor":14,"turns":1},{"damage":35,"enemies":"Slime Boss","floor":16,"turns":9},{"damage":23,"enemies":"Shell Parasite","floor":18,"turns":4},{"damage":7,"enemies":"2 Thieves","floor":20,"turns":4},{"damage":15,"enemies":"Shelled Parasite and Fungi","floor":22,"turns":3},{"damage":51,"enemies":"Slavers","floor":23,"turns":7},{"damage":13,"enemies":"Snake Plant","floor":25,"turns":3},{"damage":5,"enemies":"Centurion and Healer","floor":27,"turns":5},{"damage":51,"enemies":"Gremlin Leader","floor":29,"turns":5}],"seed_played":"4524344180547389041","potions_obtained":[{"floor":2,"key":"Block Potion"},{"floor":5,"key":"FearPotion"},{"floor":13,"key":"EntropicBrew"},{"floor":20,"key":"AttackPotion"},{"floor":23,"key":"BloodPotion"},{"floor":25,"key":"EssenceOfSteel"}],"is_trial":false,"path_per_floor":["M","M","M","$","M","R","E","R","T","?","M","?","M","M","R","B",null,"M","$","M","?","M","E","?","M","T","M","R","E"],"character_chosen":"IRONCLAD","items_purchased":["Double Tap","Mayhem"],"campfire_rested":1,"item_purchase_floors":[4,19],"current_hp_per_floor":[51,52,58,58,49,49,40,64,64,64,52,52,53,59,59,30,68,55,55,58,58,56,15,15,30,30,46,46,0],"gold":147,"neow_bonus":"ONE_RARE_RELIC","is_prod":false,"is_daily":false,"chose_seed":false,"campfire_upgraded":3,"win_rate":0,"timestamp":1568084875,"path_taken":["M","M","?","$","M","R","E","R","T","?","?","?","?","M","R","BOSS","M","$","?","?","M","E","?","M","T","M","R","E"],"build_version":"2019-07-17","purchased_purges":0,"victory":false,"max_hp_per_floor":[80,80,80,80,80,80,80,80,80,80,80,80,80,80,80,80,80,80,80,80,80,83,83,58,58,58,61,61,61],"card_choices":[{"not_picked":["Armaments","Second Wind"],"picked":"Anger","floor":1},{"not_picked":["Armaments","Body Slam"],"picked":"Anger","floor":2},{"not_picked":["Clothesline","Feel No Pain"],"picked":"Headbutt","floor":3},{"not_picked":["Heavy Blade","Brutality"],"picked":"Ghostly Armor","floor":5},{"not_picked":["Metallicize","True Grit"],"picked":"Flex","floor":7},{"not_picked":["Iron Wave","Body Slam"],"picked":"Shrug It Off","floor":11},{"not_picked":["Shrug It Off","Headbutt"],"picked":"Rampage","floor":13},{"not_picked":["Limit Break","Searing Blow"],"picked":"True Grit","floor":14},{"not_picked":["Juggernaut","Fiend Fire"],"picked":"Feed","floor":16},{"not_picked":["Thunderclap","Iron Wave"],"picked":"Clash","floor":18},{"not_picked":["Thunderclap","Spot Weakness"],"picked":"Seeing Red","floor":20},{"not_picked":["Pommel Strike","Anger"],"picked":"Headbutt","floor":22},{"not_picked":["Heavy Blade","Second Wind"],"picked":"Cleave+1","floor":23},{"not_picked":["Sentinel","Warcry","Barricade"],"picked":"SKIP","floor":25},{"not_picked":["Warcry","True Grit"],"picked":"Perfected Strike+1","floor":27}],"player_experience":523975,"relics_obtained":[{"floor":7,"key":"Bag of Marbles"},{"floor":9,"key":"Happy Flower"},{"floor":23,"key":"War Paint"}],"event_choices":[{"cards_removed":["Defend_R"],"damage_healed":0,"gold_gain":0,"player_choice":"Purged","damage_taken":0,"max_hp_gain":0,"max_hp_loss":0,"event_name":"Purifier","floor":10,"gold_loss":0},{"damage_healed":0,"gold_gain":0,"player_choice":"Upgraded","damage_taken":0,"max_hp_gain":0,"max_hp_loss":0,"event_name":"Upgrade Shrine","floor":12,"gold_loss":0,"cards_upgraded":["Double Tap"]},{"damage_healed":0,"gold_gain":0,"player_choice":"Stole Relic","damage_taken":0,"relics_obtained":["Pen Nib"],"max_hp_gain":0,"max_hp_loss":0,"event_name":"Addict","floor":21,"gold_loss":0,"cards_obtained":["Shame"]},{"damage_healed":0,"gold_gain":0,"player_choice":"Became a vampire","damage_taken":0,"max_hp_gain":0,"max_hp_loss":25,"event_name":"Vampires","floor":24,"gold_loss":0,"cards_obtained":["Bite","Bite","Bite","Bite","Bite"]}],"is_beta":false,"boss_relics":[{"not_picked":["Astrolabe","Philosopher\u0027s Stone"],"picked":"Black Blood"}],"items_purged_floors":[],"is_endless":false,"potions_floor_spawned":[2,5,13,20,23,25],"killed_by":"Gremlin Leader","ascension_level":8}