{"gold_per_floor":[109,75,12,12,27,27,59,59,83,114,124,134,134,169,169,297,360,375,375,390,405,430,466,491,491],"floor_reached":25,"playtime":1223,"items_purged":[],"score":389,"play_id":"746c907b-2e66-490e-a095-82b8c52ec8bd","local_time":"20190908113223","is_ascension_mode":true,"campfire_choices":[{"data":"Zap","floor":6,"key":"SMITH"},{"data":"Recycle","floor":8,"key":"SMITH"},{"floor":15,"key":"REST"}],"neow_cost":"NONE","seed_source_timestamp":151984747205800,"circlet_count":0,"master_deck":["Strike_B","Strike_B","Strike_B","Strike_B","Defend_B","Defend_B","Defend_B","Defend_B","Zap+1","Dualcast","Scrape","Recycle+1","Beam Cell","Conserve Battery","Ball Lightning","FTL+1","Gash","Injury","Cold Snap","Reboot","Redo","Stack","Storm","White Noise","Double Energy","Storm","Beam Cell"],"relics":["Cracked Core","NeowsBlessing","Ornamental Fan","Bronze Scales","Nunchaku","Golden Idol","Gambling Chip","Tiny House","Enchiridion","Bag of Preparation"],"potions_floor_usage":[14,14,16,23,23,23,25],"damage_taken":[{"damage":0,"enemies":"Cultist","floor":1,"turns":1},{"damage":0,"enemies":"Small Slimes","floor":5,"turns":1},{"damage":0,"enemies":"Lagavulin","floor":7,"turns":1},{"damage":40,"enemies":"3 Sentries","floor":10,"turns":6},{"damage":0,"enemies":"Jaw Worm","floor":11,"turns":2},{"damage":2,"enemies":"Looter","floor":12,"turns":3},{"damage":11,"enemies":"Gremlin Nob","floor":14,"turns":3},{"damage":18,"enemies":"Hexaghost","floor":16,"turns":8},{"damage":0,"enemies":"Chosen","floor":18,"turns":3},{"damage":0,"enemies":"3 Byrds","floor":20,"turns":3},{"damage":3,"enemies":"Cultist and Chosen","floor":21,"turns":4},{"damage":28,"enemies":"Snake Plant","floor":22,"turns":4},{"damage":15,"enemies":"Slavers","floor":23,"turns":4},{"damage":0,"enemies":"Sentry and Sphere","floor":24,"turns":3},{"damage":7,"enemies":"Book of Stabbing","floor":25,"turns":2}],"seed_played":"-6541347515127181150","potions_obtained":[{"floor":11,"key":"FearPotion"},{"floor":12,"key":"AttackPotion"},{"floor":14,"key":"Strength Potion"},{"floor":17,"key":"GamblersBrew"},{"floor":21,"key":"Swift Potion"},{"floor":22,"key":"Fire Potion"},{"floor":23,"key":"GamblersBrew"}],"is_trial":false,"path_per_floor":["M","$","?","$","M","R","E","R","T","E","M","M","?","E","R","B",null,"M","?","M","M","M","E","M","E"],"character_chosen":"DEFECT","items_purchased":["Recycle"],"campfire_rested":1,"item_purchase_floors":[2],"current_hp_per_floor":[68,68,68,68,68,68,68,68,68,28,28,26,26,15,37,19,66,66,50,50,47,19,4,4,0],"gold":491,"neow_bonus":"THREE_ENEMY_KILL","is_prod":false,"is_daily":false,"chose_seed":false,"campfire_upgraded":2,"win_rate":0,"timestamp":1567956743,"path_taken":["M","?","?","$","M","R","E","R","T","E","?","M","?","E","R","BOSS","M","?","M","M","M","E","M","E"],"build_version":"2019-07-17","purchased_purges":0,"victory":false,"max_hp_per_floor":[75,75,75,75,75,75,75,75,75,75,75,75,75,75,75,75,80,80,80,80,80,80,80,80,80],"card_choices":[{"not_picked":["Hologram","Chaos"],"picked":"Scrape","floor":1},{"not_picked":["Rip and Tear","Capacitor"],"picked":"Beam Cell","floor":5},{"not_picked":["Hologram","Capacitor"],"picked":"Conserve Battery","floor":7},{"not_picked":["Tempest","Sweeping Beam"],"picked":"Ball Lightning","floor":10},{"not_picked":["Consume","Darkness"],"picked":"FTL","floor":11},{"not_picked":["Coolheaded","Leap"],"picked":"Gash","floor":12},{"not_picked":["Beam Cell","Core Surge"],"picked":"Cold Snap","floor":14},{"not_picked":["Buffer","Thunder Strike"],"picked":"Reboot","floor":16},{"not_picked":["Chaos","Turbo"],"picked":"Redo","floor":17},{"not_picked":["Compile Driver+1","Blizzard"],"picked":"Stack","floor":18},{"not_picked":["Turbo","Melter"],"picked":"Storm","floor":20},{"not_picked":["Compile Driver","Coolheaded+1"],"picked":"White Noise","floor":21},{"not_picked":["Sweeping Beam+1","Ball Lightning"],"picked":"Double Energy","floor":22},{"not_picked":["Lockon","Hyperbeam"],"picked":"Storm","floor":23},{"not_picked":["Coolheaded+1","Aggregate"],"picked":"Beam Cell","floor":24}],"player_experience":512028,"relics_obtained":[{"floor":7,"key":"Bronze Scales"},{"floor":10,"key":"Nunchaku"},{"floor":14,"key":"Gambling Chip"},{"floor":19,"key":"Enchiridion"},{"floor":23,"key":"Bag of Preparation"}],"event_choices":[{"damage_healed":0,"gold_gain":0,"player_choice":"Paid Gold","damage_taken":0,"relics_obtained":["Ornamental Fan"],"max_hp_gain":0,"max_hp_loss":0,"event_name":"WeMeetAgain","floor":3,"gold_loss":63},{"damage_healed":0,"gold_gain":0,"player_choice":"Take Wound","damage_taken":0,"relics_obtained":["Golden Idol"],"max_hp_gain":0,"max_hp_loss":0,"event_name":"Golden Idol","floor":13,"gold_loss":0,"cards_obtained":["Injury"]},{"damage_healed":0,"gold_gain":0,"player_choice":"Obtained Book","damage_taken":16,"max_hp_gain":0,"max_hp_loss":0,"event_name":"Cursed Tome","floor":19,"gold_loss":0}],"is_beta":false,"boss_relics":[{"not_picked":["Busted Crown","Coffee Dripper"],"picked":"Tiny House"}],"items_purged_floors":[],"is_endless":false,"potions_floor_spawned":[11,12,14,21,22,23],"killed_by":"Book of Stabbing","ascension_level":9}