{"gold_per_floor":[210,64,76,26,44,75,75,107,158,170,170,187,187,517,517,615,615,625,641,566,566,581,614,614,648,701,733,751,766,135,154,154,154],"floor_reached":33,"playtime":2236,"items_purged":["Strike_G","Acrobatics"],"score":499,"play_id":"8036dbb5-1f3c-48f0-ae4b-83599a318bbe","local_time":"20190930162506","is_ascension_mode":true,"campfire_choices":[{"floor":7,"key":"REST"},{"floor":11,"key":"REST"},{"floor":15,"key":"REST"},{"floor":24,"key":"REST"},{"floor":32,"key":"REST"}],"neow_cost":"NONE","seed_source_timestamp":1115542360793800,"circlet_count":0,"master_deck":["Survivor","Neutralize","Heel Hook","Well Laid Plans","Sucker Punch","Slice","Adrenaline","Noxious Fumes","PiercingWail","Leg Sweep","Cloak And Dagger","Bouncing Flask","Storm of Steel","Calculated Gamble","Dodge and Roll","Glass Knife","Poisoned Stab","Sucker Punch","Slice","Cloak And Dagger+1","Endless Agony+1","Prepared","Tools of the Trade","Choke","Deflect+1","Footwork","Stack+1"],"relics":["Ring of the Snake","Matryoshka","PreservedInsect","Pen Nib","Dream Catcher","Old Coin","Pandora\u0027s Box","Blood Vial","Mango","Art of War","Bronze Scales","Gremlin Horn","PrismaticShard"],"potions_floor_usage":[8,19,22,23,31,31,33,33,33,33],"damage_taken":[{"damage":4,"enemies":"Small Slimes","floor":1,"turns":4},{"damage":2,"enemies":"Jaw Worm","floor":3,"turns":5},{"damage":0,"enemies":"Cultist","floor":5,"turns":3},{"damage":24,"enemies":"Gremlin Nob","floor":6,"turns":4},{"damage":24,"enemies":"3 Sentries","floor":8,"turns":10},{"damage":1,"enemies":"Blue Slaver","floor":10,"turns":4},{"damage":0,"enemies":"Looter","floor":12,"turns":3},{"damage":8,"enemies":"Gremlin Nob","floor":14,"turns":4},{"damage":2,"enemies":"Hexaghost","floor":16,"turns":9},{"damage":8,"enemies":"Spheric Guardian","floor":18,"turns":4},{"damage":12,"enemies":"3 Byrds","floor":19,"turns":4},{"damage":13,"enemies":"Cultist and Chosen","floor":22,"turns":7},{"damage":5,"enemies":"Slavers","floor":23,"turns":4},{"damage":1,"enemies":"Gremlin Leader","floor":25,"turns":4},{"damage":22,"enemies":"Book of Stabbing","floor":27,"turns":5},{"damage":14,"enemies":"Chosen and Byrds","floor":28,"turns":5},{"damage":2,"enemies":"3 Cultists","floor":29,"turns":5},{"damage":0,"enemies":"Cultist and Chosen","floor":31,"turns":4},{"damage":85,"enemies":"Collector","floor":33,"turns":8}],"seed_played":"-7175772873209895714","potions_obtained":[{"floor":6,"key":"LiquidBronze"},{"floor":10,"key":"Regen Potion"},{"floor":14,"key":"Swift Potion"},{"floor":16,"key":"Weak Potion"},{"floor":22,"key":"AttackPotion"},{"floor":25,"key":"Fire Potion"},{"floor":27,"key":"EntropicBrew"},{"floor":29,"key":"Explosive Potion"}],"is_trial":false,"path_per_floor":["M","$","M","?","M","E","R","E","T","M","R","M","?","E","R","B",null,"M","M","?","?","M","E","R","E","T","E","M","M","$","M","R","B"],"character_chosen":"THE_SILENT","items_purchased":["Well Laid Plans","Footwork","Gremlin Horn","PrismaticShard"],"campfire_rested":5,"item_purchase_floors":[2,30,30,30],"current_hp_per_floor":[59,59,57,57,57,33,54,30,30,29,50,50,55,47,69,67,73,65,62,62,62,49,44,66,81,81,61,49,49,49,51,77,0],"gold":154,"neow_bonus":"HUNDRED_GOLD","is_prod":false,"is_daily":false,"chose_seed":false,"campfire_upgraded":0,"win_rate":0,"timestamp":1569875106,"path_taken":["M","$","M","?","M","E","R","E","T","M","R","M","?","E","R","BOSS","M","M","?","?","M","E","R","E","T","E","M","?","$","M","R","BOSS"],"build_version":"2019-07-17","purchased_purges":2,"victory":false,"max_hp_per_floor":[70,70,70,70,70,70,70,70,70,70,70,70,75,75,75,75,75,75,75,75,75,75,75,75,89,89,89,89,89,89,89,89,89],"card_choices":[{"not_picked":["Blade Dance","Acrobatics"],"picked":"Heel Hook","floor":1},{"not_picked":["Bane","Flying Knee"],"picked":"Sucker Punch","floor":3},{"not_picked":["Dodge and Roll","Bouncing Flask"],"picked":"Slice","floor":5},{"not_picked":["Malaise","Setup"],"picked":"Adrenaline","floor":6},{"not_picked":["Sucker Punch","PiercingWail"],"picked":"Noxious Fumes","floor":8},{"not_picked":["Prepared","Deadly Poison"],"picked":"PiercingWail","floor":10},{"not_picked":["Expertise","Blade Dance"],"picked":"Leg Sweep","floor":11},{"not_picked":["Backflip","Deadly Poison","Underhanded Strike"],"picked":"SKIP","floor":12},{"not_picked":["Reflex","Masterful Stab"],"picked":"Cloak And Dagger","floor":14},{"not_picked":["Bane","Blade Dance"],"picked":"Bouncing Flask","floor":15},{"not_picked":["Malaise","Die Die Die"],"picked":"Storm of Steel","floor":16},{"not_picked":["Calculated Gamble","Bane+1"],"picked":"Slice","floor":18},{"not_picked":["Underhanded Strike","Tactician+1"],"picked":"Cloak And Dagger+1","floor":19},{"not_picked":["Setup","Quick Slash"],"picked":"Endless Agony+1","floor":22},{"not_picked":["Underhanded Strike+1","Expertise","Setup"],"picked":"SKIP","floor":23},{"not_picked":["Eviscerate+1","Flying Knee+1"],"picked":"Prepared","floor":24},{"not_picked":["Quick Slash","Dodge and Roll"],"picked":"Tools of the Trade","floor":25},{"not_picked":["Eviscerate+1","Crippling Poison"],"picked":"Choke","floor":27},{"not_picked":["Bouncing Flask","Expertise"],"picked":"Deflect+1","floor":28},{"not_picked":["Blur","Flechettes","Dagger Spray"],"picked":"SKIP","floor":29},{"not_picked":["Auto Shields+1","Compile Driver+1","Mind Blast"],"picked":"SKIP","floor":31},{"not_picked":["Cloak And Dagger","Poisoned Stab+1"],"picked":"Stack+1","floor":32}],"player_experience":737338,"relics_obtained":[{"floor":6,"key":"Matryoshka"},{"floor":8,"key":"PreservedInsect"},{"floor":9,"key":"Pen Nib"},{"floor":9,"key":"Dream Catcher"},{"floor":14,"key":"Old Coin"},{"floor":23,"key":"Blood Vial"},{"floor":25,"key":"Mango"},{"floor":26,"key":"Art of War"},{"floor":27,"key":"Bronze Scales"}],"event_choices":[{"cards_removed":["Defend_G"],"damage_healed":0,"gold_gain":0,"player_choice":"Card Removal","damage_taken":0,"max_hp_gain":0,"max_hp_loss":0,"event_name":"The Cleric","floor":4,"gold_loss":50},{"damage_healed":0,"gold_gain":0,"player_choice":"Donut","damage_taken":0,"max_hp_gain":5,"max_hp_loss":0,"event_name":"Big Fish","floor":13,"gold_loss":0},{"cards_removed":["Doppelganger"],"damage_healed":0,"gold_gain":0,"player_choice":"Gave Gold","damage_taken":0,"max_hp_gain":0,"max_hp_loss":0,"event_name":"Beggar","floor":20,"gold_loss":75},{"cards_removed":["Underhanded Strike"],"damage_healed":0,"gold_gain":0,"player_choice":"Elegance","damage_taken":0,"max_hp_gain":0,"max_hp_loss":0,"event_name":"Back to Basics","floor":21,"gold_loss":0}],"is_beta":false,"boss_relics":[{"not_picked":["Coffee Dripper","Calling Bell"],"picked":"Pandora\u0027s Box"}],"items_purged_floors":[2,30],"is_endless":false,"potions_floor_spawned":[6,10,14,16,22,25,27,29],"killed_by":"Collector","ascension_level":9}