{"gold_per_floor":[117,117,140,160,176,210,210,20,20,51,74,94,94],"floor_reached":13,"playtime":1755,"items_purged":[],"score":102,"play_id":"f084e460-997f-415d-83b7-c124a654b063","local_time":"20181226140854","is_ascension_mode":true,"campfire_choices":[{"data":"A Thousand Cuts","floor":7,"key":"SMITH"}],"neow_cost":"NONE","seed_source_timestamp":507524314401057,"circlet_count":0,"master_deck":["Defend_G","Defend_G","Defend_G","Defend_G","Defend_G","Strike_G","Strike_G","Strike_G","Strike_G","Strike_G","Survivor","Neutralize","Setup","PiercingWail","Flying Knee","Dagger Throw","A Thousand Cuts+1","Distraction","Well Laid Plans","Slice","Acrobatics","Blur","Blade Dance"],"relics":["Ring of the Snake","Golden Idol","Juzu Bracelet","Orichalcum","Shuriken"],"potions_floor_usage":[0,1,1,6,6,10,12],"damage_taken":[{"damage":2,"enemies":"Jaw Worm","floor":1,"turns":6},{"damage":7,"enemies":"Cultist","floor":3,"turns":5},{"damage":0,"enemies":"Small Slimes","floor":4,"turns":5},{"damage":0,"enemies":"3 Louse","floor":5,"turns":3},{"damage":9,"enemies":"Gremlin Nob","floor":6,"turns":5},{"damage":12,"enemies":"3 Sentries","floor":10,"turns":7},{"damage":7,"enemies":"2 Fungi Beasts","floor":11,"turns":3},{"damage":8,"enemies":"Gremlin Gang","floor":12,"turns":4},{"damage":16,"enemies":"Lagavulin","floor":13,"turns":4}],"seed_played":"-5629633616513735800","potions_obtained":[{"floor":0,"key":"Fruit Juice"},{"floor":0,"key":"SkillPotion"},{"floor":0,"key":"Explosive Potion"},{"floor":1,"key":"Fruit Juice"},{"floor":4,"key":"Poison Potion"},{"floor":5,"key":"GhostInAJar"},{"floor":10,"key":"EssenceOfSteel"}],"is_trial":false,"path_per_floor":["M","?","M","M","M","E","R","$","T","E","M","M","E"],"character_chosen":"THE_SILENT","items_purchased":["Distraction","Well Laid Plans","Slice"],"campfire_rested":0,"item_purchase_floors":[8,8,8],"current_hp_per_floor":[78,58,51,51,51,42,42,42,42,30,23,15,0],"gold":94,"neow_bonus":"THREE_SMALL_POTIONS","is_prod":false,"is_daily":false,"chose_seed":false,"campfire_upgraded":1,"win_rate":0,"timestamp":1545851334,"path_taken":["M","?","M","M","M","E","R","$","T","E","M","M","E"],"build_version":"2018-12-20","purchased_purges":0,"victory":false,"max_hp_per_floor":[80,80,80,80,80,80,80,80,80,80,80,80,80],"card_choices":[{"not_picked":["Calculated Gamble","Prepared"],"picked":"Setup","floor":1},{"not_picked":["Backstab","Distraction"],"picked":"PiercingWail","floor":3},{"not_picked":["Quick Slash","Dodge and Roll"],"picked":"Flying Knee","floor":4},{"not_picked":["Eviscerate","Flying Knee"],"picked":"Dagger Throw","floor":5},{"not_picked":["Terror","Accuracy"],"picked":"A Thousand Cuts","floor":6},{"not_picked":["Masterful Stab","Bane"],"picked":"Acrobatics","floor":10},{"not_picked":["Acrobatics","Reflex"],"picked":"Blur","floor":11},{"not_picked":["Terror","Acrobatics"],"picked":"Blade Dance","floor":12}],"player_experience":159932,"relics_obtained":[{"floor":6,"key":"Juzu Bracelet"},{"floor":9,"key":"Orichalcum"},{"floor":10,"key":"Shuriken"}],"event_choices":[{"damage_healed":0,"gold_gain":0,"player_choice":"Take Damage","damage_taken":20,"relics_obtained":["Golden Idol"],"max_hp_gain":0,"max_hp_loss":0,"event_name":"Golden Idol","floor":2,"gold_loss":0}],"is_beta":false,"boss_relics":[],"items_purged_floors":[],"is_endless":false,"potions_floor_spawned":[1,4,5,10],"killed_by":"Lagavulin","ascension_level":1}