{"path_per_floor":["M","?","$","M","M","E","M","R","T","?","M","E","R","E","R","B",null,"M","$","M","$","M","R","E","M","T","M","R","M","M","?","R"],"character_chosen":"THE_SILENT","items_purchased":["Bouncing Flask"],"gold_per_floor":[117,117,42,60,77,112,94,94,94,120,136,170,170,195,195,291,321,340,159,171,46,57,57,84,96,96,109,109,120,131,131,131,131],"floor_reached":33,"campfire_rested":3,"playtime":3818,"item_purchase_floors":[19],"current_hp_per_floor":[70,70,70,70,70,66,66,66,66,52,50,50,50,41,41,11,85,65,65,38,38,12,37,23,8,8,7,32,28,17,17,42,0],"items_purged":["Defend_G","Strike_G","Strike_G"],"gold":131,"score":314,"play_id":"935e1155-f8c8-44dc-9e35-8e6f8cc1a3e6","local_time":"20180626210501","is_prod":false,"is_daily":false,"chose_seed":false,"is_ascension_mode":false,"campfire_upgraded":3,"win_rate":0.0,"timestamp":1530043501,"campfire_choices":[{"data":"Distraction","floor":8,"key":"SMITH"},{"data":"Neutralize","floor":13,"key":"SMITH"},{"data":"Deadly Poison","floor":15,"key":"SMITH"},{"floor":23,"key":"REST"},{"floor":28,"key":"REST"},{"floor":32,"key":"REST"}],"path_taken":["M","?","?","M","M","E","M","R","T","?","M","E","R","E","R","BOSS","M","$","M","$","M","R","E","M","T","M","R","M","M","?","R","BOSS"],"build_version":"2018-06-21","seed_source_timestamp":330719699870334,"purchased_purges":3,"circlet_count":0,"victory":false,"master_deck":["Defend_G","Defend_G","Defend_G","Strike_G","Survivor","Neutralize+1","Riddle With Holes","Underhanded Strike","Distraction+1","Calculated Gamble","Calculated Gamble","Deflect","Deadly Poison+1","Poisoned Stab+1","Deadly Poison","Poisoned Stab","Die Die Die","Eviscerate","Deadly Poison+1","Bouncing Flask","Deflect","Prepared+1","Endless Agony","Endless Agony","Adrenaline","Expertise+1","Outmaneuver"],"max_hp_per_floor":[70,70,70,70,70,70,70,70,70,70,70,80,80,80,80,80,85,85,85,85,85,85,85,85,85,85,85,85,85,85,85,85,85],"relics":["Ring of the Snake","Bag of Marbles","Snake Skull","Odd Mushroom","Pear","Blood Vial","Tiny House","Boot","Bottled Lightning"],"card_choices":[{"not_picked":["Backflip","Masterful Stab"],"picked":"Riddle With Holes","floor":1},{"not_picked":["Finisher","PiercingWail"],"picked":"Distraction","floor":4},{"not_picked":["Terror","Acrobatics"],"picked":"Calculated Gamble","floor":5},{"not_picked":["Quick Slash","Footwork"],"picked":"Calculated Gamble","floor":6},{"not_picked":["Acrobatics","PiercingWail"],"picked":"Deflect","floor":7},{"not_picked":["Sucker Punch","Slice"],"picked":"Deadly Poison","floor":10},{"not_picked":["Underhanded Strike","Heel Hook"],"picked":"Poisoned Stab","floor":11},{"not_picked":["Flying Knee","Deflect"],"picked":"Deadly Poison","floor":12},{"not_picked":["Acrobatics","Quick Slash"],"picked":"Poisoned Stab","floor":14},{"not_picked":["Bullet Time","Phantasmal Killer"],"picked":"Die Die Die","floor":16},{"not_picked":["PiercingWail","Deadly Poison"],"picked":"Eviscerate","floor":17},{"not_picked":["Poisoned Stab","Prepared"],"picked":"Deadly Poison+1","floor":18},{"not_picked":["Dagger Spray","Expertise"],"picked":"Deflect","floor":20},{"not_picked":["Endless Agony","Underhanded Strike"],"picked":"Prepared+1","floor":22},{"not_picked":["Poisoned Stab","Terror"],"picked":"Endless Agony","floor":24},{"not_picked":["Deflect","Skewer"],"picked":"Endless Agony","floor":25},{"not_picked":["Poisoned Stab","Blade Dance+1"],"picked":"Adrenaline","floor":27},{"not_picked":["Poisoned Stab","Dagger Spray+1"],"picked":"Expertise+1","floor":29},{"not_picked":["Deadly Poison","Dagger Throw+1"],"picked":"Outmaneuver","floor":30}],"player_experience":7382,"potions_floor_usage":[6,12,12,12,16,27,30,33],"damage_taken":[{"damage":0,"enemies":"Small Slimes","floor":1,"turns":7},{"damage":0,"enemies":"2 Louse","floor":4,"turns":3},{"damage":0,"enemies":"Jaw Worm","floor":5,"turns":2},{"damage":4,"enemies":"3 Sentries","floor":6,"turns":7},{"damage":0,"enemies":"Exordium Thugs","floor":7,"turns":4},{"damage":14,"floor":10,"turns":3},{"damage":2,"enemies":"3 Louse","floor":11,"turns":4},{"damage":10,"enemies":"Lagavulin","floor":12,"turns":3},{"damage":9,"enemies":"3 Sentries","floor":14,"turns":7},{"damage":32,"enemies":"Slime Boss","floor":16,"turns":11},{"damage":20,"enemies":"Spheric Guardian","floor":18,"turns":4},{"damage":29,"enemies":"2 Thieves","floor":20,"turns":3},{"damage":28,"enemies":"3 Cultists","floor":22,"turns":6},{"damage":16,"enemies":"Book of Stabbing","floor":24,"turns":4},{"damage":29,"enemies":"Cultist and Chosen","floor":25,"turns":5},{"damage":3,"enemies":"Sentry and Sphere","floor":27,"turns":3},{"damage":6,"enemies":"Centurion and Healer","floor":29,"turns":5},{"damage":13,"enemies":"Slaver and Parasite","floor":30,"turns":4},{"damage":72,"enemies":"Automaton","floor":33,"turns":6}],"relics_obtained":[{"floor":6,"key":"Bag of Marbles"},{"floor":9,"key":"Snake Skull"},{"floor":10,"key":"Odd Mushroom"},{"floor":12,"key":"Pear"},{"floor":14,"key":"Blood Vial"},{"floor":24,"key":"Boot"},{"floor":26,"key":"Bottled Lightning"}],"event_choices":[{"event_name":"Living Wall","player_choice":"Change","floor":2,"damage_taken":0},{"event_name":"Mushrooms","player_choice":"Fought Mushrooms","floor":10,"damage_taken":0},{"event_name":"Back to Basics","player_choice":"Elegance","floor":31,"damage_taken":0}],"boss_relics":[{"not_picked":["Busted Crown","Ectoplasm"],"picked":"Tiny House"}],"items_purged_floors":[3,19,21],"is_endless":false,"potions_floor_spawned":[1,4,11,12,18,24,29],"seed_played":"7819298941874067471","killed_by":"Automaton","ascension_level":0,"potions_obtained":[{"floor":1,"key":"SteroidPotion"},{"floor":4,"key":"GhostInAJar"},{"floor":11,"key":"SteroidPotion"},{"floor":12,"key":"LiquidBronze"},{"floor":17,"key":"FairyPotion"},{"floor":18,"key":"Strength Potion"},{"floor":24,"key":"GamblersBrew"},{"floor":29,"key":"Regen Potion"}],"is_trial":false}