{"gold_per_floor":[117,133,151,226,47,47,60,93,145,16,16,52,52,87,87,211,211,196,196,212,212,235,235,235],"floor_reached":24,"playtime":1291,"items_purged":["Strike_G"],"score":310,"play_id":"a2e7fdde-820b-4281-b8c1-2af8aa2b8bdc","local_time":"20191002220009","is_ascension_mode":true,"campfire_choices":[{"data":"Sucker Punch","floor":6,"key":"SMITH"},{"floor":13,"key":"REST"},{"floor":15,"key":"REST"},{"data":"Footwork","floor":23,"key":"SMITH"}],"neow_cost":"NONE","seed_source_timestamp":1309392449245600,"circlet_count":0,"master_deck":["Strike_G","Strike_G","Strike_G","Strike_G","Defend_G","Defend_G","Defend_G","Defend_G","Survivor","Neutralize+1","Poisoned Stab","Sucker Punch+1","Dagger Throw+1","Footwork+1","Cloak And Dagger","Cloak And Dagger","Slice","Infinite Blades","Injury","Dodge and Roll+1","Dodge and Roll+1","Malaise+1","Dodge and Roll+1","Outmaneuver+1","Cloak And Dagger+1"],"relics":["Ring of the Snake","NeowsBlessing","Toxic Egg 2","Whetstone","Golden Idol","Lantern","Ancient Tea Set","Velvet Choker","Oddly Smooth Stone"],"potions_floor_usage":[8,8,12,14,16,24],"damage_taken":[{"damage":0,"enemies":"Cultist","floor":1,"turns":1},{"damage":0,"enemies":"2 Louse","floor":2,"turns":1},{"damage":0,"enemies":"Jaw Worm","floor":3,"turns":1},{"damage":8,"enemies":"Lots of Slimes","floor":7,"turns":4},{"damage":15,"enemies":"Lagavulin","floor":8,"turns":6},{"damage":6,"enemies":"3 Sentries","floor":12,"turns":9},{"damage":9,"enemies":"Lagavulin","floor":14,"turns":6},{"damage":3,"enemies":"Hexaghost","floor":16,"turns":13},{"damage":3,"enemies":"2 Thieves","floor":18,"turns":4},{"damage":0,"enemies":"Spheric Guardian","floor":20,"turns":5},{"damage":3,"enemies":"Shelled Parasite and Fungi","floor":22,"turns":8},{"damage":63,"enemies":"Gremlin Leader","floor":24,"turns":5}],"seed_played":"-5160571880117372238","potions_obtained":[{"floor":2,"key":"GamblersBrew"},{"floor":7,"key":"AttackPotion"},{"floor":12,"key":"Poison Potion"},{"floor":14,"key":"Energy Potion"},{"floor":20,"key":"Poison Potion"}],"is_trial":false,"path_per_floor":["M","M","M","?","$","R","M","E","T","$","?","E","R","E","R","B",null,"M","?","M","?","M","R","E"],"character_chosen":"THE_SILENT","items_purchased":["Footwork","Cloak And Dagger","Infinite Blades","PowerPotion"],"campfire_rested":2,"item_purchase_floors":[5,5,10,10],"current_hp_per_floor":[63,63,63,52,52,52,44,29,29,29,29,23,44,35,56,53,66,63,63,63,63,60,60,0],"gold":235,"neow_bonus":"THREE_ENEMY_KILL","is_prod":false,"is_daily":false,"chose_seed":false,"campfire_upgraded":2,"win_rate":0,"timestamp":1570068009,"path_taken":["M","M","M","?","$","R","M","E","T","$","?","E","R","E","R","BOSS","M","?","?","?","M","R","E"],"build_version":"2019-07-17","purchased_purges":1,"victory":false,"max_hp_per_floor":[70,70,70,70,70,70,70,70,70,70,70,70,70,70,70,70,70,70,70,70,70,70,70,70],"card_choices":[{"not_picked":["Deflect","Backstab"],"picked":"Poisoned Stab","floor":1},{"not_picked":["Quick Slash","Dagger Spray"],"picked":"Sucker Punch","floor":2},{"not_picked":["Underhanded Strike","Outmaneuver"],"picked":"Dagger Throw","floor":3},{"not_picked":["Finisher","Outmaneuver"],"picked":"Cloak And Dagger","floor":7},{"not_picked":["Setup","Caltrops"],"picked":"Slice","floor":8},{"not_picked":["Leg Sweep+1","Dagger Spray"],"picked":"Dodge and Roll+1","floor":12},{"not_picked":["Deadly Poison+1","Well Laid Plans"],"picked":"Dodge and Roll+1","floor":14},{"not_picked":["Burst+1","Bullet Time+1"],"picked":"Malaise+1","floor":16},{"not_picked":["Infinite Blades","Sucker Punch"],"picked":"Dodge and Roll+1","floor":18},{"not_picked":["Skewer","Outmaneuver+1"],"picked":"Cloak And Dagger+1","floor":20},{"not_picked":["Blade Dance+1","Finisher","Prepared+1"],"picked":"SKIP","floor":22}],"player_experience":781500,"relics_obtained":[{"floor":8,"key":"Toxic Egg 2"},{"floor":9,"key":"Whetstone"},{"floor":12,"key":"Lantern"},{"floor":14,"key":"Ancient Tea Set"}],"event_choices":[{"damage_healed":0,"gold_gain":75,"player_choice":"Gather Gold","damage_taken":11,"max_hp_gain":0,"max_hp_loss":0,"event_name":"World of Goop","floor":4,"gold_loss":0},{"damage_healed":0,"gold_gain":0,"player_choice":"Take Wound","damage_taken":0,"relics_obtained":["Golden Idol"],"max_hp_gain":0,"max_hp_loss":0,"event_name":"Golden Idol","floor":11,"gold_loss":0,"cards_obtained":["Injury"]},{"damage_healed":0,"gold_gain":0,"cards_transformed":["Defend_G"],"player_choice":"Transformed","damage_taken":0,"max_hp_gain":0,"max_hp_loss":0,"event_name":"Transmorgrifier","floor":19,"gold_loss":0,"cards_obtained":["Outmaneuver"]},{"damage_healed":0,"gold_gain":0,"player_choice":"Opened","damage_taken":0,"relics_obtained":["Oddly Smooth Stone"],"max_hp_gain":0,"max_hp_loss":0,"event_name":"The Mausoleum","floor":21,"gold_loss":0}],"is_beta":false,"boss_relics":[{"not_picked":["Orrery","Pandora\u0027s Box"],"picked":"Velvet Choker"}],"items_purged_floors":[5],"is_endless":false,"potions_floor_spawned":[2,7,12,14,20],"killed_by":"Gremlin Leader","ascension_level":9}