{"gold_per_floor":[116,76,92,102,115,143,143,143,194,194,235,248,281,304,304,304],"floor_reached":16,"playtime":1044,"items_purged":[],"score":177,"play_id":"9ca1c552-db57-4341-8c50-2b54c0b4ebf2","local_time":"20191002210410","is_ascension_mode":true,"campfire_choices":[{"floor":8,"key":"REST"},{"floor":15,"key":"REST"}],"neow_cost":"NONE","seed_source_timestamp":1306280637081900,"circlet_count":0,"master_deck":["Strike_G","Strike_G","Strike_G","Strike_G","Strike_G","Defend_G+1","Defend_G","Defend_G","Defend_G","Defend_G+1","Survivor","Neutralize","Escape Plan","Backstab+1","PiercingWail","Expertise","Well Laid Plans","Deflect","Sucker Punch","Calculated Gamble"],"relics":["Ring of the Snake","War Paint","Sundial","Golden Idol","Lantern","Pen Nib","Bottled Flame"],"potions_floor_usage":[2,6,6,11,13,16,16],"damage_taken":[{"damage":1,"enemies":"Small Slimes","floor":1,"turns":4},{"damage":0,"enemies":"Cultist","floor":3,"turns":5},{"damage":1,"enemies":"Jaw Worm","floor":4,"turns":3},{"damage":11,"enemies":"Large Slime","floor":5,"turns":11},{"damage":11,"enemies":"3 Sentries","floor":6,"turns":10},{"damage":37,"enemies":"Gremlin Nob","floor":11,"turns":5},{"damage":0,"enemies":"3 Louse","floor":12,"turns":3},{"damage":2,"enemies":"3 Sentries","floor":13,"turns":9},{"damage":0,"enemies":"Looter","floor":14,"turns":3},{"damage":32,"enemies":"The Guardian","floor":16,"turns":13}],"seed_played":"-1457462812517050913","potions_obtained":[{"floor":2,"key":"SteroidPotion"},{"floor":2,"key":"Fruit Juice"},{"floor":2,"key":"Strength Potion"},{"floor":3,"key":"Energy Potion"},{"floor":6,"key":"Strength Potion"},{"floor":11,"key":"SmokeBomb"},{"floor":12,"key":"GhostInAJar"},{"floor":14,"key":"SteroidPotion"}],"is_trial":false,"path_per_floor":["M","?","M","M","M","E","?","R","T","?","E","M","E","M","R","B"],"character_chosen":"THE_SILENT","items_purchased":[],"campfire_rested":2,"item_purchase_floors":[],"current_hp_per_floor":[62,67,67,66,55,44,26,48,48,48,11,11,9,9,31,0],"gold":304,"neow_bonus":"RANDOM_COMMON_RELIC","is_prod":false,"is_daily":false,"chose_seed":false,"campfire_upgraded":0,"win_rate":0,"timestamp":1570064650,"path_taken":["M","?","M","?","M","E","?","R","T","?","E","M","E","M","R","BOSS"],"build_version":"2019-07-17","purchased_purges":0,"victory":false,"max_hp_per_floor":[70,75,75,75,75,75,75,75,75,75,75,75,75,75,75,75],"card_choices":[{"not_picked":["Quick Slash","Concentrate"],"picked":"Escape Plan","floor":1},{"not_picked":["Finisher","Skewer"],"picked":"Backstab","floor":3},{"not_picked":["Terror","Dagger Spray","Setup"],"picked":"SKIP","floor":4},{"not_picked":["Underhanded Strike","Prepared"],"picked":"PiercingWail","floor":5},{"not_picked":["Underhanded Strike","Concentrate"],"picked":"Expertise","floor":6},{"not_picked":["Grand Finale","Accuracy"],"picked":"Well Laid Plans","floor":11},{"not_picked":["Flying Knee","Poisoned Stab"],"picked":"Deflect","floor":12},{"not_picked":["Dagger Spray","Phantasmal Killer"],"picked":"Sucker Punch","floor":13},{"not_picked":["Dagger Throw","Riddle With Holes"],"picked":"Calculated Gamble","floor":14}],"player_experience":778786,"relics_obtained":[{"floor":6,"key":"Sundial"},{"floor":9,"key":"Lantern"},{"floor":11,"key":"Pen Nib"},{"floor":13,"key":"Bottled Flame"}],"event_choices":[{"damage_healed":0,"gold_gain":0,"player_choice":"Bought 3 Potions","damage_taken":0,"max_hp_gain":0,"max_hp_loss":0,"event_name":"The Woman in Blue","floor":2,"gold_loss":0},{"damage_healed":0,"gold_gain":0,"player_choice":"Take Damage","damage_taken":18,"relics_obtained":["Golden Idol"],"max_hp_gain":0,"max_hp_loss":0,"event_name":"Golden Idol","floor":7,"gold_loss":0},{"damage_healed":0,"gold_gain":0,"player_choice":"Grow","damage_taken":0,"max_hp_gain":0,"max_hp_loss":0,"event_name":"Living Wall","floor":10,"gold_loss":0,"cards_upgraded":["Backstab"]}],"is_beta":false,"boss_relics":[],"items_purged_floors":[],"is_endless":false,"potions_floor_spawned":[3,5,6,11,12,14],"killed_by":"The Guardian","ascension_level":9}