{"gold_per_floor":[110,57,70,245,245,277,277,332,332,342,342,216,216,230,230,334,334,334,334,31,31,31,31,31,31,31,31,31,31,31,31,31,31,31,31,31,31,31,31,31,31,31,31,31,31,31,31,31,31,31],"floor_reached":51,"playtime":3004,"items_purged":["Doubt"],"score":1107,"play_id":"74893000-db79-4274-a6fc-c25d63de669c","local_time":"20190930142137","is_ascension_mode":true,"campfire_choices":[{"data":"Bash","floor":7,"key":"SMITH"},{"data":"Intimidate","floor":11,"key":"SMITH"},{"data":"Armaments","floor":13,"key":"SMITH"},{"data":"Shrug It Off","floor":15,"key":"SMITH"},{"data":"Armaments","floor":23,"key":"SMITH"},{"data":"Pommel Strike","floor":28,"key":"SMITH"},{"data":"Ghostly Armor","floor":30,"key":"SMITH"},{"data":"Perfected Strike","floor":32,"key":"SMITH"},{"floor":42,"key":"REST"},{"floor":44,"key":"RECALL"},{"floor":49,"key":"REST"}],"neow_cost":"NONE","seed_source_timestamp":99916339924,"circlet_count":0,"master_deck":["AscendersBane","Strike_R","Strike_R","Strike_R","Strike_R","Strike_R","Defend_R","Defend_R","Defend_R","Defend_R","Bash+1","Pommel Strike+1","Shrug It Off+1","Perfected Strike+1","Intimidate+1","Perfected Strike","Armaments+1","Ghostly Armor+1","Reaper+1","Perfected Strike","Armaments+1","Wild Strike+1","Perfected Strike","Battle Trance","Thunderclap+1","Demon Form","Madness","Madness","Secret Technique","Flash of Steel+1","Flame Barrier","Shockwave+1","Perfected Strike"],"relics":["Burning Blood","Dead Branch","FossilizedHelix","Mango","Self Forming Clay","Ectoplasm","Thread and Needle","Red Skull","Red Mask","Matryoshka","Regal Pillow","Fusion Hammer","Whetstone","Potion Belt","Bag of Preparation"],"potions_floor_usage":[1,6,16,24,24,33,50,50,50],"damage_taken":[{"damage":4,"enemies":"Jaw Worm","floor":1,"turns":4},{"damage":3,"enemies":"2 Louse","floor":3,"turns":4},{"damage":34,"enemies":"3 Sentries","floor":6,"turns":8},{"damage":30,"enemies":"3 Sentries","floor":8,"turns":10},{"damage":0,"enemies":"Small Slimes","floor":10,"turns":5},{"damage":0,"enemies":"3 Louse","floor":14,"turns":5},{"damage":31,"enemies":"Hexaghost","floor":16,"turns":11},{"damage":5,"enemies":"Chosen","floor":18,"turns":4},{"damage":0,"enemies":"Spheric Guardian","floor":19,"turns":3},{"damage":0,"enemies":"Centurion and Healer","floor":21,"turns":8},{"damage":18,"enemies":"Slavers","floor":24,"turns":8},{"damage":2,"enemies":"Masked Bandits","floor":25,"turns":4},{"damage":23,"enemies":"Book of Stabbing","floor":27,"turns":6},{"damage":6,"enemies":"3 Cultists","floor":29,"turns":4},{"damage":0,"enemies":"Sentry and Sphere","floor":31,"turns":3},{"damage":75,"enemies":"Automaton","floor":33,"turns":12},{"damage":0,"enemies":"Orb Walker","floor":35,"turns":2},{"damage":24,"enemies":"3 Shapes","floor":37,"turns":6},{"damage":0,"enemies":"Nemesis","floor":40,"turns":5},{"damage":7,"enemies":"Writhing Mass","floor":41,"turns":5},{"damage":0,"enemies":"Transient","floor":45,"turns":5},{"damage":6,"enemies":"3 Darklings","floor":47,"turns":4},{"damage":21,"enemies":"Time Eater","floor":50,"turns":9}],"seed_played":"-5321997969362001599","potions_obtained":[{"floor":0,"key":"LiquidBronze"},{"floor":0,"key":"Fruit Juice"},{"floor":0,"key":"PowerPotion"},{"floor":6,"key":"Explosive Potion"},{"floor":10,"key":"SpeedPotion"},{"floor":14,"key":"Dexterity Potion"},{"floor":18,"key":"AttackPotion"},{"floor":24,"key":"SpeedPotion"},{"floor":29,"key":"EssenceOfSteel"},{"floor":40,"key":"Ancient Potion"},{"floor":41,"key":"Energy Potion"},{"floor":45,"key":"Dexterity Potion"}],"is_trial":false,"path_per_floor":["M","$","M","?","?","E","R","?","T","M","R","$","R","M","R","B",null,"M","M","$","M","?","R","E","?","T","E","R","M","R","M","R","B",null,"M","?","M","?","?","E","M","R","T","R","M","?","M","$","R","B",null],"character_chosen":"IRONCLAD","items_purchased":["Shrug It Off","Armaments","Thread and Needle"],"campfire_rested":2,"item_purchase_floors":[2,12,20],"current_hp_per_floor":[79,79,82,82,75,47,47,37,37,43,43,43,43,49,49,24,80,87,93,93,99,99,99,93,97,97,80,80,80,80,86,86,21,80,86,74,72,62,62,68,67,99,99,99,99,99,99,99,99,84],"gold":31,"neow_bonus":"THREE_SMALL_POTIONS","is_prod":false,"is_daily":false,"chose_seed":false,"campfire_upgraded":8,"win_rate":0,"timestamp":1569846097,"path_taken":["M","$","M","?","?","E","R","?","T","M","R","$","R","M","R","BOSS","M","M","$","M","?","R","E","?","T","E","R","M","R","M","R","BOSS","M","?","M","?","?","E","M","R","T","R","M","?","M","$","R","BOSS"],"build_version":"2019-07-17","purchased_purges":1,"victory":true,"max_hp_per_floor":[85,85,85,85,85,85,85,99,99,99,99,99,99,99,99,99,99,99,99,99,99,99,99,99,99,99,99,99,99,99,99,99,99,99,99,99,99,99,99,99,99,99,99,99,99,99,99,99,99,99],"card_choices":[{"not_picked":["Whirlwind","Heavy Blade"],"picked":"Pommel Strike","floor":1},{"not_picked":["Sever Soul","Iron Wave","Fire Breathing"],"picked":"SKIP","floor":3},{"not_picked":["Sever Soul","Iron Wave","Fire Breathing"],"picked":"SKIP","floor":3},{"not_picked":["Fire Breathing","Power Through"],"picked":"Perfected Strike","floor":6},{"not_picked":["Combust","Feel No Pain"],"picked":"Intimidate","floor":8},{"not_picked":["Twin Strike","Headbutt"],"picked":"Perfected Strike","floor":10},{"not_picked":["Clash","Sentinel"],"picked":"Ghostly Armor","floor":14},{"not_picked":["Impervious","Dark Embrace"],"picked":"Reaper","floor":16},{"not_picked":["Carnage","Clash"],"picked":"Perfected Strike","floor":18},{"not_picked":["Bloodletting+1","Ghostly Armor"],"picked":"Armaments","floor":19},{"not_picked":["Pommel Strike","Flex","Warcry"],"picked":"SKIP","floor":21},{"not_picked":["Juggernaut","Body Slam"],"picked":"Wild Strike+1","floor":24},{"not_picked":["Clothesline","Armaments"],"picked":"Perfected Strike","floor":25},{"not_picked":["Cleave+1","Spot Weakness+1"],"picked":"Battle Trance","floor":27},{"not_picked":["Wild Strike+1","Corruption+1"],"picked":"Thunderclap+1","floor":29},{"not_picked":["Havoc","Cleave","Body Slam"],"picked":"SKIP","floor":31},{"not_picked":["Offering","Reaper"],"picked":"Demon Form","floor":33},{"not_picked":["Fire Breathing","Rupture","Spot Weakness+1"],"picked":"SKIP","floor":35},{"not_picked":["Cleave","Whirlwind+1","Clothesline"],"picked":"SKIP","floor":37},{"not_picked":["Swift Strike","Purity"],"picked":"Secret Technique","floor":38},{"not_picked":["HandOfGreed","Panache"],"picked":"Flash of Steel","floor":38},{"not_picked":["Purity","Deep Breath"],"picked":"Finesse","floor":38},{"not_picked":["Thunderclap+1","Burning Pact+1"],"picked":"Flame Barrier","floor":40},{"not_picked":["Havoc","Wild Strike+1"],"picked":"Shockwave+1","floor":41},{"not_picked":["Body Slam","Headbutt","Sword Boomerang"],"picked":"SKIP","floor":45},{"not_picked":["Cleave+1","Bludgeon"],"picked":"Perfected Strike","floor":47}],"player_experience":316241,"relics_obtained":[{"floor":6,"key":"FossilizedHelix"},{"floor":8,"key":"Mango"},{"floor":9,"key":"Self Forming Clay"},{"floor":24,"key":"Red Skull"},{"floor":25,"key":"Red Mask"},{"floor":26,"key":"Matryoshka"},{"floor":27,"key":"Regal Pillow"},{"floor":40,"key":"Whetstone"},{"floor":43,"key":"Potion Belt"},{"floor":43,"key":"Bag of Preparation"}],"event_choices":[{"damage_healed":0,"gold_gain":175,"player_choice":"AGREE","damage_taken":0,"max_hp_gain":0,"max_hp_loss":0,"event_name":"Liars Game","floor":4,"gold_loss":0,"cards_obtained":["Doubt"]},{"damage_healed":0,"gold_gain":0,"player_choice":"Success","damage_taken":7,"relics_obtained":["Dead Branch"],"max_hp_gain":0,"max_hp_loss":0,"event_name":"Scrap Ooze","floor":5,"gold_loss":0},{"damage_healed":0,"gold_gain":0,"player_choice":"Searched \u00272\u0027 times","damage_taken":0,"max_hp_gain":0,"max_hp_loss":0,"event_name":"Dead Adventurer","floor":8,"gold_loss":0},{"damage_healed":0,"gold_gain":0,"player_choice":"Fought Bandits","damage_taken":0,"max_hp_gain":0,"max_hp_loss":0,"event_name":"Masked Bandits","floor":25,"gold_loss":0},{"damage_healed":0,"gold_gain":0,"player_choice":"Embrace Madness","damage_taken":12,"max_hp_gain":0,"max_hp_loss":0,"event_name":"Winding Halls","floor":36,"gold_loss":0,"cards_obtained":["Madness","Madness"]},{"damage_healed":0,"gold_gain":0,"player_choice":"Memory 3","damage_taken":10,"max_hp_gain":0,"max_hp_loss":0,"event_name":"SensoryStone","floor":38,"gold_loss":0},{"damage_healed":0,"gold_gain":0,"player_choice":"Ignored","damage_taken":0,"max_hp_gain":0,"max_hp_loss":0,"event_name":"Tomb of Lord Red Mask","floor":39,"gold_loss":0},{"cards_removed":["Finesse"],"damage_healed":0,"gold_gain":0,"player_choice":"Offered Uncommon","damage_taken":0,"max_hp_gain":0,"max_hp_loss":0,"event_name":"Bonfire Elementals","floor":46,"gold_loss":0}],"is_beta":false,"boss_relics":[{"not_picked":["Eternal Feather","Lizard Tail"],"picked":"Ectoplasm"},{"not_picked":["Mark of Pain","Orrery"],"picked":"Fusion Hammer"}],"items_purged_floors":[12],"is_endless":false,"potions_floor_spawned":[6,10,14,18,24,29,31,40,41,45],"ascension_level":10}