{"gold_per_floor":[369,444,455,473,84,118,132,166,193,207,207,242,255,317,317,413,413,423,1,1,1,19,47,47,66,66,84,110,110,143,158,158,158],"floor_reached":33,"playtime":2231,"items_purged":["Strike_R"],"score":500,"play_id":"5a55fa44-56fa-4fb4-b740-7a2d87af0486","local_time":"20190705214753","is_ascension_mode":true,"campfire_choices":[{"floor":11,"key":"REST"},{"floor":15,"key":"REST"},{"floor":24,"key":"REST"},{"data":"Flame Barrier","floor":32,"key":"SMITH"}],"neow_cost":"PERCENT_DAMAGE","seed_source_timestamp":610944529928028,"circlet_count":0,"master_deck":["Strike_R","Strike_R","Strike_R","Defend_R","Defend_R","Defend_R","Bash","Infernal Blade","Headbutt","Shockwave","Shrug It Off","Swift Strike","Power Through","True Grit","Flame Barrier","Wild Strike+1","Flame Barrier+1","Double Tap","Shrug It Off","Clothesline+1","Feed+1","Infernal Blade","Shrug It Off","Dropkick+1","Master of Strategy","Hemokinesis+1","Uppercut+1","Cleave+1","Uppercut+1","Pommel Strike+1","Havoc+1","Inflame","Immolate+1","Feed+1"],"relics":["Burning Blood","Molten Egg 2","Bag of Marbles","Dream Catcher","Black Star","PreservedInsect","Incense Burner","Darkstone Periapt","Singing Bowl","Mummified Hand","Nloth\u0027s Gift","Bag of Preparation","Vajra"],"potions_floor_usage":[6,6,23,27,33,33,33],"damage_taken":[{"damage":3,"enemies":"2 Louse","floor":1,"turns":3},{"damage":7,"enemies":"Small Slimes","floor":3,"turns":4},{"damage":0,"enemies":"Cultist","floor":4,"turns":3},{"damage":11,"enemies":"3 Sentries","floor":6,"turns":8},{"damage":6,"enemies":"Looter","floor":7,"turns":4},{"damage":38,"enemies":"Lagavulin","floor":8,"turns":8},{"damage":1,"enemies":"Lots of Slimes","floor":10,"turns":6},{"damage":17,"enemies":"3 Sentries","floor":12,"turns":11},{"damage":1,"enemies":"3 Louse","floor":13,"turns":5},{"damage":7,"enemies":"Slime Boss","floor":16,"turns":8},{"damage":28,"enemies":"2 Thieves","floor":18,"turns":5},{"damage":3,"enemies":"Chosen","floor":22,"turns":5},{"damage":46,"enemies":"Book of Stabbing","floor":23,"turns":5},{"damage":10,"enemies":"Shelled Parasite and Fungi","floor":25,"turns":6},{"damage":5,"enemies":"Centurion and Healer","floor":27,"turns":7},{"damage":15,"enemies":"Gremlin Leader","floor":28,"turns":4},{"damage":0,"enemies":"Slavers","floor":30,"turns":4},{"damage":12,"enemies":"Cultist and Chosen","floor":31,"turns":3},{"damage":56,"enemies":"Collector","floor":33,"turns":5}],"seed_played":"-4641334714892967089","potions_obtained":[{"floor":1,"key":"Energy Potion"},{"floor":10,"key":"Dexterity Potion"},{"floor":12,"key":"SpeedPotion"},{"floor":13,"key":"Strength Potion"},{"floor":22,"key":"Regen Potion"},{"floor":23,"key":"SkillPotion"},{"floor":27,"key":"GamblersBrew"},{"floor":28,"key":"LiquidBronze"},{"floor":31,"key":"AttackPotion"}],"is_trial":false,"path_per_floor":["M","?","M","M","$","E","M","E","T","M","R","E","M","?","R","B",null,"M","$","?","?","M","E","R","M","T","M","E","?","E","M","R","B"],"character_chosen":"IRONCLAD","items_purchased":["Shrug It Off","Swift Strike","Power Through","Strength Potion","Weak Potion","Shrug It Off","Dropkick+1","Master of Strategy","PreservedInsect"],"campfire_rested":3,"item_purchase_floors":[5,5,5,5,5,19,19,19,19],"current_hp_per_floor":[54,43,42,48,48,43,43,11,11,16,40,29,34,34,58,57,74,52,52,37,37,40,18,44,44,44,45,38,38,48,46,46,0],"gold":158,"neow_bonus":"TWO_FIFTY_GOLD","is_prod":false,"is_daily":false,"chose_seed":false,"campfire_upgraded":1,"win_rate":0,"timestamp":1562377673,"path_taken":["M","?","M","M","$","E","M","E","T","M","R","E","M","?","R","BOSS","M","$","?","?","M","E","R","M","T","M","E","?","E","M","R","BOSS"],"build_version":"2019-07-05","purchased_purges":1,"victory":false,"max_hp_per_floor":[80,80,80,80,80,80,80,80,80,80,80,80,80,80,80,80,80,80,80,85,85,85,89,89,93,93,93,95,95,99,103,103,103],"card_choices":[{"not_picked":["Havoc","Flex"],"picked":"Infernal Blade","floor":1},{"not_picked":["Iron Wave","Bloodletting"],"picked":"Headbutt","floor":3},{"not_picked":["Pommel Strike","Sword Boomerang"],"picked":"Shockwave","floor":4},{"not_picked":["Burning Pact","Clash"],"picked":"True Grit","floor":6},{"not_picked":["Second Wind","Headbutt+1"],"picked":"Flame Barrier","floor":7},{"not_picked":["Brutality","Body Slam+1"],"picked":"Wild Strike+1","floor":8},{"not_picked":["Metallicize","Cleave+1"],"picked":"Flame Barrier","floor":10},{"not_picked":["Body Slam+1","Ghostly Armor"],"picked":"Double Tap","floor":12},{"not_picked":["Warcry","Anger+1"],"picked":"Shrug It Off","floor":13},{"not_picked":["Armaments","Intimidate"],"picked":"Clothesline+1","floor":15},{"not_picked":["Double Tap","Juggernaut"],"picked":"Feed+1","floor":16},{"not_picked":["Intimidate","Fire Breathing"],"picked":"Infernal Blade","floor":18},{"not_picked":["Heavy Blade+1","Searing Blow+1"],"picked":"Cleave+1","floor":22},{"not_picked":["Pommel Strike+1","Clothesline+1"],"picked":"Uppercut+1","floor":23},{"not_picked":["Perfected Strike+1","Anger+1"],"picked":"Pommel Strike+1","floor":24},{"not_picked":["Dual Wield","Rage+1"],"picked":"Havoc+1","floor":25},{"not_picked":["Perfected Strike+1","Warcry"],"picked":"Inflame","floor":27},{"not_picked":["Rupture","Pommel Strike+1","Bloodletting+1"],"picked":"Singing Bowl","floor":28},{"not_picked":["Offering","Wild Strike+1"],"picked":"Immolate+1","floor":30},{"not_picked":["Heavy Blade+1","Blood for Blood+1"],"picked":"Feed+1","floor":31}],"player_experience":476645,"relics_obtained":[{"floor":6,"key":"Molten Egg 2"},{"floor":8,"key":"Bag of Marbles"},{"floor":12,"key":"Dream Catcher"},{"floor":23,"key":"Incense Burner"},{"floor":23,"key":"Darkstone Periapt"},{"floor":26,"key":"Blue Candle"},{"floor":28,"key":"Singing Bowl"},{"floor":28,"key":"Mummified Hand"},{"floor":30,"key":"Bag of Preparation"},{"floor":30,"key":"Vajra"}],"event_choices":[{"damage_healed":0,"gold_gain":75,"player_choice":"Gather Gold","damage_taken":11,"max_hp_gain":0,"max_hp_loss":0,"event_name":"World of Goop","floor":2,"gold_loss":0},{"damage_healed":0,"gold_gain":62,"player_choice":"Gained Gold","damage_taken":0,"max_hp_gain":0,"max_hp_loss":0,"event_name":"Golden Wing","floor":14,"gold_loss":0},{"damage_healed":0,"gold_gain":0,"player_choice":"Shed Blood","damage_taken":20,"max_hp_gain":5,"max_hp_loss":0,"event_name":"Forgotten Altar","floor":20,"gold_loss":0},{"damage_healed":0,"gold_gain":0,"cards_transformed":["Defend_R","Strike_R"],"player_choice":"Became Test Subject","damage_taken":0,"max_hp_gain":0,"max_hp_loss":0,"event_name":"Drug Dealer","floor":21,"gold_loss":0,"cards_obtained":["Hemokinesis","Uppercut"]},{"damage_healed":0,"gold_gain":0,"player_choice":"Traded Relic","damage_taken":0,"relics_obtained":["Nloth\u0027s Gift"],"max_hp_gain":0,"max_hp_loss":0,"event_name":"N\u0027loth","floor":29,"relics_lost":["Blue Candle"],"gold_loss":0}],"is_beta":false,"boss_relics":[{"not_picked":["Philosopher\u0027s Stone","Cursed Key"],"picked":"Black Star"}],"items_purged_floors":[5],"is_endless":false,"potions_floor_spawned":[1,10,12,13,22,23,27,28,31],"killed_by":"Collector","ascension_level":7}