{"gold_per_floor":[110,120,138,156,156,188,188,222,245,245,257,290,290,290],"floor_reached":14,"playtime":647,"items_purged":[],"score":176,"play_id":"a48d80fa-a0de-4532-a861-84844704beae","local_time":"20191003100715","is_ascension_mode":true,"campfire_choices":[{"floor":7,"key":"REST"},{"floor":10,"key":"REST"}],"neow_cost":"NONE","seed_source_timestamp":1353663969535000,"circlet_count":0,"master_deck":["AscendersBane","Strike_B","Strike_B","Strike_B","Strike_B+1","Defend_B","Defend_B","Defend_B","Defend_B","Zap","Dualcast","Ball Lightning+1","Barrage+1","Biased Cognition","Defragment","Defragment","Gash+1","Blizzard","Hologram"],"relics":["Cracked Core","Potion Belt","Strawberry","Smiling Mask","Whetstone","Dream Catcher","NlothsMask"],"potions_floor_usage":[6,8,11,12],"damage_taken":[{"damage":0,"enemies":"2 Louse","floor":1,"turns":2},{"damage":0,"enemies":"Cultist","floor":2,"turns":3},{"damage":4,"enemies":"Small Slimes","floor":3,"turns":3},{"damage":9,"enemies":"Exordium Wildlife","floor":4,"turns":3},{"damage":18,"enemies":"Gremlin Nob","floor":6,"turns":3},{"damage":35,"enemies":"3 Sentries","floor":8,"turns":5},{"damage":2,"enemies":"3 Louse","floor":11,"turns":2},{"damage":35,"enemies":"Lagavulin","floor":12,"turns":5},{"damage":19,"enemies":"Exordium Thugs","floor":14,"turns":1}],"seed_played":"427651014192841713","potions_obtained":[{"floor":2,"key":"Strength Potion"},{"floor":4,"key":"SteroidPotion"},{"floor":8,"key":"Fire Potion"},{"floor":11,"key":"Regen Potion"}],"is_trial":false,"path_per_floor":["M","M","M","M","?","E","R","E","T","R","M","E","?","M"],"character_chosen":"DEFECT","items_purchased":[],"campfire_rested":2,"item_purchase_floors":[],"current_hp_per_floor":[68,68,64,55,40,29,53,18,18,42,40,19,19,0],"gold":290,"neow_bonus":"RANDOM_COMMON_RELIC","is_prod":false,"is_daily":false,"chose_seed":false,"campfire_upgraded":0,"win_rate":0,"timestamp":1570111635,"path_taken":["M","M","M","M","?","E","R","E","T","R","M","E","?","?"],"build_version":"2019-07-17","purchased_purges":0,"victory":false,"max_hp_per_floor":[75,75,75,75,75,82,82,82,82,82,82,82,82,82],"card_choices":[{"not_picked":["Beam Cell","Rebound"],"picked":"Ball Lightning","floor":1},{"not_picked":["Aggregate","Streamline"],"picked":"Barrage","floor":2},{"not_picked":["Ball Lightning","Go for the Eyes"],"picked":"Biased Cognition","floor":3},{"not_picked":["Hologram","Cold Snap"],"picked":"Defragment","floor":4},{"not_picked":["Multi-Cast","Coolheaded"],"picked":"Defragment","floor":6},{"not_picked":["Lockon","Recycle"],"picked":"Gash","floor":8},{"not_picked":["Beam Cell","Compile Driver"],"picked":"Blizzard","floor":11},{"not_picked":["Coolheaded","Lockon"],"picked":"Hologram","floor":12}],"player_experience":794182,"relics_obtained":[{"floor":6,"key":"Strawberry"},{"floor":8,"key":"Smiling Mask"},{"floor":9,"key":"Whetstone"},{"floor":12,"key":"Dream Catcher"}],"event_choices":[{"damage_healed":0,"gold_gain":0,"player_choice":"Entered Light","damage_taken":15,"max_hp_gain":0,"max_hp_loss":0,"event_name":"Shining Light","floor":5,"gold_loss":0,"cards_upgraded":["Barrage","Strike_B"]},{"damage_healed":0,"gold_gain":0,"player_choice":"Trade","damage_taken":0,"relics_obtained":["NlothsMask"],"max_hp_gain":0,"max_hp_loss":0,"event_name":"FaceTrader","floor":13,"gold_loss":0}],"is_beta":false,"boss_relics":[],"items_purged_floors":[],"is_endless":false,"potions_floor_spawned":[2,4,8,11],"killed_by":"Exordium Thugs","ascension_level":12}