{"gold_per_floor":[111,125,125,425,0,28,28,45,45,45,45,56,76,88,88,186,186,201,215,215,72,82,82,117,117,117,142,62,62,262,273,273,378,378,388,398,398,398,416,416,428,463,463,492,504,35,61,75,75,75],"floor_reached":51,"playtime":4308,"items_purged":["Defend_B","Strike_B"],"score":1160,"play_id":"75f1d1bd-4ba0-47e4-a107-e67b003bea17","local_time":"20190531130950","is_ascension_mode":true,"campfire_choices":[{"floor":7,"key":"REST"},{"floor":11,"key":"DIG"},{"floor":15,"key":"DIG"},{"floor":23,"key":"DIG"},{"floor":25,"key":"DIG"},{"floor":29,"key":"DIG"},{"floor":32,"key":"DIG"},{"floor":40,"key":"DIG"},{"floor":45,"key":"DIG"},{"floor":49,"key":"DIG"}],"neow_cost":"PERCENT_DAMAGE","seed_source_timestamp":131021043827,"circlet_count":0,"master_deck":["Strike_B","Strike_B","Strike_B+1","Defend_B","Defend_B","Defend_B","Zap","Dualcast","Consume+1","Genetic Algorithm+1","Self Repair","Chill","Sweeping Beam+1","Chill","Cold Snap+1","Electrodynamics","Cold Snap+1","Self Repair","Capacitor","Coolheaded+1","Reinforced Body+1","Madness","Madness","Master of Strategy","Sweeping Beam","Streamline+1"],"relics":["Cracked Core","Shovel","Old Coin","Matryoshka","Pen Nib","Vajra","Peace Pipe","Oddly Smooth Stone","Mercury Hourglass","Fusion Hammer","The Courier","Orichalcum","Blue Candle","Bag of Marbles","Pantograph","Incense Burner","Whetstone","Blood Vial","Coffee Dripper","Symbiotic Virus","Meat on the Bone","Unceasing Top","MawBank","Potion Belt","Lantern","Bronze Scales","Medical Kit","Dodecahedron","Pocketwatch"],"potions_floor_usage":[6,6,6,16,16,47,47,47,50,50,50],"damage_taken":[{"damage":4,"enemies":"Small Slimes","floor":1,"turns":4},{"damage":7,"enemies":"Jaw Worm","floor":2,"turns":5},{"damage":20,"enemies":"Lagavulin","floor":6,"turns":6},{"damage":4,"enemies":"2 Louse","floor":8,"turns":3},{"damage":2,"enemies":"Exordium Wildlife","floor":12,"turns":4},{"damage":1,"enemies":"Lots of Slimes","floor":13,"turns":4},{"damage":0,"enemies":"Looter","floor":14,"turns":3},{"damage":0,"enemies":"Slime Boss","floor":16,"turns":8},{"damage":3,"enemies":"Shell Parasite","floor":18,"turns":6},{"damage":0,"enemies":"3 Byrds","floor":19,"turns":2},{"damage":28,"enemies":"Shelled Parasite and Fungi","floor":22,"turns":7},{"damage":22,"enemies":"Slavers","floor":24,"turns":5},{"damage":10,"enemies":"Gremlin Leader","floor":27,"turns":5},{"damage":0,"enemies":"3 Cultists","floor":31,"turns":3},{"damage":4,"enemies":"Champ","floor":33,"turns":15},{"damage":0,"enemies":"3 Shapes","floor":35,"turns":2},{"damage":0,"enemies":"Orb Walker","floor":36,"turns":3},{"damage":4,"enemies":"4 Shapes","floor":39,"turns":6},{"damage":4,"enemies":"Jaw Worm Horde","floor":41,"turns":3},{"damage":37,"enemies":"Nemesis","floor":42,"turns":9},{"damage":20,"enemies":"Reptomancer","floor":44,"turns":9},{"damage":33,"enemies":"Giant Head","floor":47,"turns":11},{"damage":7,"enemies":"Maw","floor":48,"turns":8},{"damage":66,"enemies":"Time Eater","floor":50,"turns":12}],"seed_played":"-6898616278074972591","potions_obtained":[{"floor":1,"key":"Weak Potion"},{"floor":12,"key":"SteroidPotion"},{"floor":14,"key":"SteroidPotion"},{"floor":16,"key":"Dexterity Potion"},{"floor":18,"key":"FocusPotion"},{"floor":22,"key":"Poison Potion"},{"floor":42,"key":"SkillPotion"},{"floor":47,"key":"Fire Potion"}],"is_trial":false,"path_per_floor":["M","M","?","?","$","E","R","M","T","?","R","M","M","M","R","B",null,"M","M","?","$","M","R","E","R","T","E","$","R","?","M","R","B",null,"M","M","?","?","M","R","M","E","T","E","R","$","E","M","R","B",null],"character_chosen":"DEFECT","items_purchased":["Matryoshka","Self Repair","Strength Potion","Poison Potion","Self Repair","Lantern","Bronze Scales","Medical Kit","Fire Potion","Fire Potion"],"campfire_rested":1,"item_purchase_floors":[5,5,5,5,21,46,46,46,46,46],"current_hp_per_floor":[46,39,39,21,21,8,30,33,33,18,18,23,29,29,29,36,65,69,75,75,75,61,61,53,53,53,50,50,50,50,57,57,75,75,75,75,66,66,75,75,71,50,50,58,58,58,53,62,62,35],"gold":75,"neow_bonus":"ONE_RARE_RELIC","is_prod":false,"is_daily":false,"chose_seed":false,"campfire_upgraded":0,"win_rate":0,"timestamp":1559300990,"path_taken":["M","M","?","?","$","E","R","M","T","?","R","M","M","?","R","BOSS","M","M","?","$","M","R","E","R","T","E","$","R","?","?","R","BOSS","M","M","?","?","M","R","M","E","T","E","R","$","E","M","R","BOSS"],"build_version":"2019-01-23","purchased_purges":2,"victory":true,"max_hp_per_floor":[75,75,75,75,75,75,75,75,75,75,75,75,75,75,75,75,75,75,75,75,75,75,75,75,75,75,75,75,75,75,75,75,75,75,75,75,75,75,75,75,75,75,75,75,75,75,75,75,75,75],"card_choices":[{"not_picked":["Tempest","Gash"],"picked":"Consume","floor":1},{"not_picked":["Stack","Go for the Eyes"],"picked":"Genetic Algorithm","floor":2},{"not_picked":["Streamline","Barrage"],"picked":"Chill","floor":6},{"not_picked":["Go for the Eyes","Darkness"],"picked":"Sweeping Beam","floor":8},{"not_picked":["Beam Cell","Barrage"],"picked":"Chill","floor":12},{"not_picked":["Heatsinks","Sweeping Beam"],"picked":"Cold Snap","floor":13},{"not_picked":["Auto Shields","Stack","Conserve Battery"],"picked":"SKIP","floor":14},{"not_picked":["Rainbow","Core Surge"],"picked":"Electrodynamics","floor":16},{"not_picked":["Skim","Tempest+1"],"picked":"Cold Snap+1","floor":18},{"not_picked":["Steam","Leap+1","Static Discharge"],"picked":"SKIP","floor":19},{"not_picked":["FTL","Gash","Chill"],"picked":"SKIP","floor":22},{"not_picked":["Streamline","Cold Snap","Compile Driver"],"picked":"SKIP","floor":24},{"not_picked":["Streamline","Cold Snap","Compile Driver"],"picked":"SKIP","floor":24},{"not_picked":["FTL","Redo"],"picked":"Capacitor","floor":27},{"not_picked":["Barrage","Cold Snap+1"],"picked":"Coolheaded+1","floor":31},{"not_picked":["Steam+1","Rebound","Stack+1"],"picked":"SKIP","floor":35},{"not_picked":["Go for the Eyes","Lockon"],"picked":"Reinforced Body+1","floor":36},{"not_picked":["Good Instincts","Madness"],"picked":"Master of Strategy","floor":38},{"not_picked":["Hologram","Beam Cell+1"],"picked":"Sweeping Beam","floor":39},{"not_picked":["Gash","Barrage+1"],"picked":"Streamline+1","floor":41},{"not_picked":["Conserve Battery","Force Field","Cold Snap"],"picked":"SKIP","floor":42},{"not_picked":["Sweeping Beam","Ball Lightning","Chaos+1"],"picked":"SKIP","floor":44},{"not_picked":["Barrage","Cold Snap+1","Go for the Eyes"],"picked":"SKIP","floor":47},{"not_picked":["Blizzard+1","Gash","All For One"],"picked":"SKIP","floor":48}],"player_experience":272858,"relics_obtained":[{"floor":6,"key":"Pen Nib"},{"floor":9,"key":"Vajra"},{"floor":9,"key":"Peace Pipe"},{"floor":11,"key":"Oddly Smooth Stone"},{"floor":15,"key":"Mercury Hourglass"},{"floor":23,"key":"The Courier"},{"floor":24,"key":"Orichalcum"},{"floor":25,"key":"Blue Candle"},{"floor":26,"key":"Bag of Marbles"},{"floor":26,"key":"Pantograph"},{"floor":27,"key":"Incense Burner"},{"floor":29,"key":"Whetstone"},{"floor":32,"key":"Blood Vial"},{"floor":40,"key":"Symbiotic Virus"},{"floor":42,"key":"Meat on the Bone"},{"floor":43,"key":"Unceasing Top"},{"floor":44,"key":"MawBank"},{"floor":45,"key":"Potion Belt"},{"floor":47,"key":"Dodecahedron"},{"floor":49,"key":"Pocketwatch"}],"event_choices":[{"damage_healed":0,"gold_gain":0,"player_choice":"Grow","damage_taken":0,"max_hp_gain":0,"max_hp_loss":0,"event_name":"Living Wall","floor":3,"gold_loss":0,"cards_upgraded":["Consume"]},{"damage_healed":0,"gold_gain":0,"player_choice":"Success","damage_taken":18,"relics_obtained":["Old Coin"],"max_hp_gain":0,"max_hp_loss":0,"event_name":"Scrap Ooze","floor":4,"gold_loss":0},{"damage_healed":0,"gold_gain":0,"player_choice":"Entered Light","damage_taken":15,"max_hp_gain":0,"max_hp_loss":0,"event_name":"Shining Light","floor":10,"gold_loss":0,"cards_upgraded":["Genetic Algorithm","Strike_B"]},{"damage_healed":0,"gold_gain":0,"player_choice":"Ignored","damage_taken":0,"max_hp_gain":0,"max_hp_loss":0,"event_name":"Ghosts","floor":20,"gold_loss":0},{"damage_healed":0,"gold_gain":250,"player_choice":"Bet on Owner","damage_taken":0,"max_hp_gain":0,"max_hp_loss":0,"event_name":"The Joust","floor":30,"gold_loss":50},{"damage_healed":0,"gold_gain":0,"player_choice":"Embrace Madness","damage_taken":9,"max_hp_gain":0,"max_hp_loss":0,"event_name":"Winding Halls","floor":37,"gold_loss":0,"cards_obtained":["Madness","Madness"]},{"damage_healed":0,"gold_gain":0,"player_choice":"Memory 1","damage_taken":0,"max_hp_gain":0,"max_hp_loss":0,"event_name":"SensoryStone","floor":38,"gold_loss":0}],"is_beta":false,"boss_relics":[{"not_picked":["Velvet Choker","Sozu"],"picked":"Fusion Hammer"},{"not_picked":["Runic Pyramid","Orrery"],"picked":"Coffee Dripper"}],"items_purged_floors":[21,28],"is_endless":false,"potions_floor_spawned":[1,12,14,16,18,22,31,35,39,42,47],"ascension_level":8}