{"gold_per_floor":[119,137,149,149,164,190,190,223,223,223,223],"floor_reached":11,"playtime":1019,"items_purged":[],"score":116,"play_id":"afb5b400-23a8-4251-82ea-ca711d735f7c","local_time":"20190506001156","is_ascension_mode":true,"campfire_choices":[{"data":"A Thousand Cuts","floor":7,"key":"SMITH"},{"floor":10,"key":"REST"}],"neow_cost":"NONE","seed_source_timestamp":30446623434915,"circlet_count":0,"master_deck":["Defend_G","Defend_G","Defend_G","Defend_G","Defend_G","Strike_G","Strike_G","Strike_G","Strike_G","Survivor","Neutralize+1","Caltrops","Blade Dance","Dagger Spray","Dagger Throw","A Thousand Cuts+1"],"relics":["Ring of the Snake","Gremlin Horn","Pocketwatch","Darkstone Periapt"],"potions_floor_usage":[8,11],"damage_taken":[{"damage":2,"enemies":"Jaw Worm","floor":1,"turns":6},{"damage":0,"enemies":"2 Louse","floor":2,"turns":3},{"damage":1,"enemies":"Small Slimes","floor":3,"turns":5},{"damage":1,"enemies":"Exordium Wildlife","floor":5,"turns":4},{"damage":40,"enemies":"Lagavulin","floor":6,"turns":7},{"damage":16,"enemies":"3 Sentries","floor":8,"turns":5},{"damage":24,"enemies":"Gremlin Nob","floor":11,"turns":3}],"seed_played":"275220529686313724","potions_obtained":[{"floor":2,"key":"Ancient Potion"},{"floor":6,"key":"EssenceOfSteel"}],"is_trial":false,"path_per_floor":["M","M","M","?","M","E","R","E","T","R","E"],"character_chosen":"THE_SILENT","items_purchased":[],"campfire_rested":1,"item_purchase_floors":[],"current_hp_per_floor":[61,61,60,60,59,19,19,3,3,24,0],"gold":223,"neow_bonus":"UPGRADE_CARD","is_prod":false,"is_daily":false,"chose_seed":false,"campfire_upgraded":1,"win_rate":0,"timestamp":1557094316,"path_taken":["M","M","M","?","M","E","R","E","T","R","E"],"build_version":"2019-01-23","purchased_purges":0,"victory":false,"max_hp_per_floor":[70,70,70,70,70,70,70,70,70,70,70],"card_choices":[{"not_picked":["Sucker Punch","Slice"],"picked":"Caltrops","floor":1},{"not_picked":["Quick Slash","Slice"],"picked":"Blade Dance","floor":2},{"not_picked":["Acrobatics","Dodge and Roll"],"picked":"Dagger Spray","floor":3},{"not_picked":["Sucker Punch","Prepared"],"picked":"Dagger Throw","floor":5},{"not_picked":["Endless Agony","Slice"],"picked":"A Thousand Cuts","floor":6},{"not_picked":["Bane","Underhanded Strike","Endless Agony"],"picked":"SKIP","floor":8}],"player_experience":308385,"relics_obtained":[{"floor":6,"key":"Gremlin Horn"},{"floor":8,"key":"Pocketwatch"},{"floor":9,"key":"Darkstone Periapt"}],"event_choices":[{"cards_removed":["Strike_G"],"damage_healed":0,"gold_gain":0,"player_choice":"Forget","damage_taken":0,"max_hp_gain":0,"max_hp_loss":0,"event_name":"Living Wall","floor":4,"gold_loss":0}],"is_beta":false,"boss_relics":[],"items_purged_floors":[],"is_endless":false,"potions_floor_spawned":[2,6],"killed_by":"Gremlin Nob","ascension_level":8}