{"gold_per_floor":[111,131,145,145,220,220,251,251,251,268,300,310,325,345,345,444,444,444,444,354,354,354,354],"floor_reached":23,"playtime":1636,"items_purged":[],"score":261,"play_id":"2754b97e-d392-4510-91de-a11ebb755fdc","local_time":"20190101012148","is_ascension_mode":true,"campfire_choices":[{"data":"A Thousand Cuts","floor":6,"key":"SMITH"},{"floor":8,"key":"REST"},{"floor":15,"key":"REST"}],"neow_cost":"NONE","seed_source_timestamp":201223618069489,"circlet_count":0,"master_deck":["Defend_G+1","Defend_G+1","Defend_G+1","Defend_G+1","Defend_G+1","Survivor","Neutralize","Endless Agony","Infinite Blades","Well Laid Plans","A Thousand Cuts+1","Noxious Fumes","Dagger Throw","Sucker Punch","Footwork","Envenom","PiercingWail","Backflip","Bite","Bite","Bite","Bite","Bite"],"relics":["Ring of the Snake","NeowsBlessing","Kunai","Singing Bowl","Ectoplasm"],"potions_floor_usage":[7,16,18,18,23],"damage_taken":[{"damage":0,"enemies":"Cultist","floor":1,"turns":1},{"damage":0,"enemies":"2 Louse","floor":2,"turns":1},{"damage":0,"enemies":"Jaw Worm","floor":3,"turns":1},{"damage":10,"enemies":"3 Sentries","floor":7,"turns":6},{"damage":7,"enemies":"Red Slaver","floor":10,"turns":5},{"damage":6,"enemies":"Lagavulin","floor":11,"turns":5},{"damage":20,"enemies":"Exordium Wildlife","floor":12,"turns":5},{"damage":5,"enemies":"Large Slime","floor":13,"turns":5},{"damage":0,"enemies":"3 Louse","floor":14,"turns":5},{"damage":2,"enemies":"Hexaghost","floor":16,"turns":10},{"damage":2,"enemies":"Chosen","floor":18,"turns":5},{"damage":29,"enemies":"2 Thieves","floor":20,"turns":5},{"damage":26,"enemies":"Cultist and Chosen","floor":21,"turns":7},{"damage":23,"enemies":"Gremlin Leader","floor":23,"turns":2}],"seed_played":"-15513162529250665","potions_obtained":[{"floor":2,"key":"GhostInAJar"},{"floor":3,"key":"GhostInAJar"},{"floor":10,"key":"Ancient Potion"},{"floor":12,"key":"SkillPotion"},{"floor":13,"key":"GhostInAJar"},{"floor":20,"key":"PowerPotion"}],"is_trial":false,"path_per_floor":["M","M","M","?","?","R","E","R","T","M","E","M","M","M","R","B",null,"M","?","M","M","?","E"],"character_chosen":"THE_SILENT","items_purchased":[],"campfire_rested":2,"item_purchase_floors":[],"current_hp_per_floor":[70,70,70,70,59,59,49,70,70,63,57,39,34,36,58,56,74,74,74,45,19,19,0],"gold":354,"neow_bonus":"THREE_ENEMY_KILL","is_prod":false,"is_daily":false,"chose_seed":false,"campfire_upgraded":1,"win_rate":0,"timestamp":1546323708,"path_taken":["M","M","M","?","?","R","E","R","T","M","E","?","M","M","R","BOSS","M","?","M","M","?","E"],"build_version":"2018-12-20","purchased_purges":0,"victory":false,"max_hp_per_floor":[70,70,70,70,70,70,70,70,70,70,70,72,72,74,74,74,74,76,76,76,76,53,53],"card_choices":[{"not_picked":["Underhanded Strike","Bane"],"picked":"Endless Agony","floor":1},{"not_picked":["Prepared","Accuracy"],"picked":"Infinite Blades","floor":2},{"not_picked":["Finisher","Prepared"],"picked":"Well Laid Plans","floor":3},{"not_picked":["Bane","Masterful Stab"],"picked":"Noxious Fumes","floor":7},{"not_picked":["Quick Slash","Heel Hook"],"picked":"Dagger Throw","floor":10},{"not_picked":["Quick Slash","Acrobatics"],"picked":"Sucker Punch","floor":11},{"not_picked":["Reflex","Sucker Punch","Expertise"],"picked":"Singing Bowl","floor":12},{"not_picked":["Skewer","PiercingWail"],"picked":"Footwork","floor":13},{"not_picked":["Prepared","Eviscerate","Flechettes"],"picked":"Singing Bowl","floor":14},{"not_picked":["Venomology","Doppelganger"],"picked":"Envenom","floor":16},{"not_picked":["Quick Slash+1","Sucker Punch","Dagger Throw"],"picked":"Singing Bowl","floor":18},{"not_picked":["Catalyst","Dodge and Roll"],"picked":"PiercingWail","floor":20},{"not_picked":["Backstab","Poisoned Stab"],"picked":"Backflip","floor":21}],"player_experience":314378,"relics_obtained":[{"floor":7,"key":"Kunai"},{"floor":11,"key":"Singing Bowl"}],"event_choices":[{"damage_healed":0,"gold_gain":0,"cards_transformed":["Strike_G"],"player_choice":"Change","damage_taken":0,"max_hp_gain":0,"max_hp_loss":0,"event_name":"Living Wall","floor":4,"gold_loss":0,"cards_obtained":["A Thousand Cuts"]},{"damage_healed":0,"gold_gain":75,"player_choice":"Gather Gold","damage_taken":11,"max_hp_gain":0,"max_hp_loss":0,"event_name":"World of Goop","floor":5,"gold_loss":0},{"damage_healed":0,"gold_gain":0,"player_choice":"Simplicity","damage_taken":0,"max_hp_gain":0,"max_hp_loss":0,"event_name":"Back to Basics","floor":19,"gold_loss":0,"cards_upgraded":["Defend_G","Defend_G","Defend_G","Defend_G","Defend_G","Strike_G","Strike_G","Strike_G","Strike_G"]},{"damage_healed":0,"gold_gain":0,"player_choice":"Became a vampire","damage_taken":0,"max_hp_gain":0,"max_hp_loss":23,"event_name":"Vampires","floor":22,"gold_loss":0,"cards_obtained":["Bite","Bite","Bite","Bite","Bite"]}],"is_beta":false,"boss_relics":[{"not_picked":["Ring of the Serpent","Eternal Feather"],"picked":"Ectoplasm"}],"items_purged_floors":[],"is_endless":false,"potions_floor_spawned":[2,3,10,12,13,20],"killed_by":"Gremlin Leader","ascension_level":3}