{"gold_per_floor":[10,23,33,48,67,94,94,107,107,124,158,233,250,42,42,139,139,159,179,206,131,156,156,187,187,187,187,213,228,228,228,228,329,329,340,354,354,151,251,278,292,324,324,343,343,343,343,374,374,374],"floor_reached":50,"playtime":5599,"items_purged":[],"score":1043,"play_id":"647bf85b-7cbd-4092-9d18-c6435721fdeb","local_time":"20190919233421","is_ascension_mode":true,"campfire_choices":[{"floor":7.0,"key":"REST"},{"floor":15.0,"key":"REST"},{"floor":23.0,"key":"REST"},{"floor":25.0,"key":"REST"},{"floor":30.0,"key":"REST"},{"floor":32.0,"key":"REST"},{"floor":46,"key":"RECALL"},{"floor":49,"key":"REST"}],"neow_cost":"NO_GOLD","seed_source_timestamp":0,"circlet_count":0,"master_deck":["AscendersBane","Strike_R","Strike_R","Strike_R","Strike_R","Strike_R","Defend_R","Defend_R","Defend_R","Bash","Headbutt","Flex","Clothesline","Perfected Strike","Flex","Reaper","Shrug It Off","Pommel Strike","Headbutt","Offering","Perfected Strike","Headbutt+1","Double Tap","Seeing Red","RitualDagger","Cleave","Cleave+1","Pommel Strike+1","Immolate","Perfected Strike","Pummel","Perfected Strike","Twin Strike","Venomology+1","Stack+1","Heavy Blade","Perfected Strike","Cleave","Heavy Blade","Doubt","PiercingWail+1"],"special_seed":0,"relics":["Black Blood","Kunai","Mercury Hourglass","Darkstone Periapt","Brimstone","Lizard Tail","Red Mask","Pen Nib","Prayer Wheel","Toxic Egg 2","PrismaticShard","Bottled Flame","Pantograph","Paper Frog","Orichalcum"],"potions_floor_usage":[36,40,41,42,44,50,50,50],"damage_taken":[{"damage":1.0,"enemies":"Cultist","floor":1.0,"turns":4.0},{"damage":4.0,"enemies":"2 Louse","floor":2.0,"turns":3.0},{"damage":2.0,"enemies":"Jaw Worm","floor":3.0,"turns":3.0},{"damage":11.0,"enemies":"2 Fungi Beasts","floor":4.0,"turns":4.0},{"damage":16.0,"enemies":"Blue Slaver","floor":5.0,"turns":3.0},{"damage":70.0,"enemies":"3 Sentries","floor":6.0,"turns":11.0},{"damage":21.0,"enemies":"3 Louse","floor":8.0,"turns":4.0},{"damage":3.0,"enemies":"Looter","floor":10.0,"turns":3.0},{"damage":37.0,"enemies":"Lagavulin","floor":11.0,"turns":6.0},{"damage":10.0,"enemies":"Red Slaver","floor":13.0,"turns":4.0},{"damage":53.0,"enemies":"Hexaghost","floor":16.0,"turns":7.0},{"damage":13.0,"enemies":"Spheric Guardian","floor":18.0,"turns":3.0},{"damage":15.0,"enemies":"Chosen","floor":19.0,"turns":3.0},{"damage":42.0,"enemies":"Masked Bandits","floor":20.0,"turns":3.0},{"damage":56.0,"enemies":"Book of Stabbing","floor":24.0,"turns":4.0},{"damage":47.0,"enemies":"Slavers","floor":28.0,"turns":5.0},{"damage":32.0,"enemies":"Shelled Parasite and Fungi","floor":29.0,"turns":3.0},{"damage":112.0,"enemies":"Automaton","floor":33.0,"turns":8.0},{"damage":20,"enemies":"Orb Walker","floor":35,"turns":3},{"damage":7,"enemies":"3 Darklings","floor":36,"turns":3},{"damage":60,"enemies":"Giant Head","floor":40,"turns":6},{"damage":27,"enemies":"Spire Growth","floor":41,"turns":4},{"damage":42,"enemies":"Reptomancer","floor":42,"turns":4},{"damage":20,"enemies":"Jaw Worm Horde","floor":44,"turns":3},{"damage":113,"enemies":"Nemesis","floor":48,"turns":7},{"damage":132,"enemies":"Time Eater","floor":50,"turns":7}],"seed_played":"7671879735661762528","potions_obtained":[{"floor":2.0,"key":"Regen Potion"},{"floor":6.0,"key":"Block Potion"},{"floor":10.0,"key":"LiquidBronze"},{"floor":13.0,"key":"EssenceOfSteel"},{"floor":16.0,"key":"EssenceOfSteel"},{"floor":20.0,"key":"Regen Potion"},{"floor":24.0,"key":"Weak Potion"},{"floor":28.0,"key":"PowerPotion"},{"floor":31.0,"key":"Block Potion"},{"floor":42,"key":"EssenceOfSteel"},{"floor":48,"key":"BloodPotion"}],"is_trial":false,"path_per_floor":["M","M","M","M","M","E","R","M","T","M","E","?","M","$","R","B",null,"M","M","?","?","T","R","E","R","T","?","E","M","R","?","R","B",null,"M","M","?","$","?","E","M","E","T","M","?","R","?","E","R","B"],"character_chosen":"IRONCLAD","items_purchased":["Brimstone","PrismaticShard"],"campfire_rested":7,"item_purchase_floors":[14,38],"current_hp_per_floor":[93,95,96,91,81,32,60,63,63,66,35,24,24,24,52,17,76,69,70,50,50,50,78,52,80,80,74,45,35,63,63,91,9,74,64,91,91,91,91,41,56,24,24,14,102,102,92,52,82,0],"gold":374,"neow_bonus":"TWENTY_PERCENT_HP_BONUS","is_prod":false,"is_daily":false,"chose_seed":false,"campfire_upgraded":0,"win_rate":0,"timestamp":1568950461,"path_taken":["M","M","M","M","M","E","R","?","T","M","E","?","M","$","R","BOSS","M","M","?","?","?","R","E","R","T","?","E","?","R","?","R","BOSS","M","M","?","$","?","E","M","E","T","?","?","R","?","E","R","BOSS"],"build_version":"2019-07-17","purchased_purges":0,"victory":false,"max_hp_per_floor":[96,96,96,96,96,96,96,96,96,96,96,96,96,96,96,96,96,96,96,96,96,96,96,96,96,96,96,96,96,96,96,96,96,96,96,96,96,96,96,96,96,96,96,96,102,102,102,102,102,102],"card_choices":[{"not_picked":["Thunderclap","Armaments"],"picked":"Headbutt","floor":1.0},{"not_picked":["Iron Wave","Limit Break"],"picked":"Flex","floor":2.0},{"not_picked":["Rupture","Havoc"],"picked":"Clothesline","floor":3.0},{"not_picked":["Flex","Twin Strike"],"picked":"Perfected Strike","floor":4.0},{"not_picked":["Iron Wave","Hemokinesis"],"picked":"Flex","floor":5.0},{"not_picked":["Fire Breathing","Uppercut"],"picked":"Reaper","floor":6.0},{"not_picked":["Metallicize","Pommel Strike"],"picked":"Shrug It Off","floor":8.0},{"not_picked":["Rupture","Shockwave"],"picked":"Flex","floor":10.0},{"not_picked":["Warcry","Burning Pact"],"picked":"Pommel Strike","floor":11.0},{"not_picked":["Havoc","Clash"],"picked":"Headbutt","floor":13.0},{"not_picked":["Impervious","Double Tap"],"picked":"Offering","floor":16.0},{"not_picked":["Iron Wave+1","Rampage"],"picked":"Perfected Strike","floor":18.0},{"not_picked":["Armaments+1","Havoc"],"picked":"Headbutt+1","floor":19.0},{"not_picked":["Twin Strike","Thunderclap"],"picked":"Double Tap","floor":20.0},{"not_picked":["Warcry","Armaments"],"picked":"Seeing Red","floor":24.0},{"not_picked":["Fiend Fire","Rupture"],"picked":"Cleave","floor":28.0},{"not_picked":["Havoc+1","Dropkick"],"picked":"Cleave+1","floor":29.0},{"not_picked":["Power Through+1","Headbutt"],"picked":"Pommel Strike+1","floor":29.0},{"not_picked":["Dark Embrace","Berserk"],"picked":"Immolate","floor":33.0},{"not_picked":["Metallicize","Twin Strike+1"],"picked":"Perfected Strike","floor":35},{"not_picked":["Metallicize","Second Wind+1"],"picked":"Pummel","floor":35},{"not_picked":["Warcry+1","Heavy Blade"],"picked":"Perfected Strike","floor":36},{"not_picked":["Shrug It Off+1","Twin Strike","Armaments+1"],"picked":"SKIP","floor":36},{"not_picked":["Shrug It Off+1","Armaments+1"],"picked":"Twin Strike","floor":36},{"not_picked":["Cleave","Sentinel+1"],"picked":"Venomology+1","floor":40},{"not_picked":["Anger+1","Crippling Poison+1"],"picked":"Stack+1","floor":41},{"not_picked":["Coolheaded+1","Beam Cell"],"picked":"Heavy Blade","floor":41},{"not_picked":["Dagger Throw","Trip+1"],"picked":"Perfected Strike","floor":42},{"not_picked":["Rampage","Sunder"],"picked":"Cleave","floor":44},{"not_picked":["Spot Weakness+1","Hemokinesis+1"],"picked":"Heavy Blade","floor":44},{"not_picked":["Clash","Forethought+1"],"picked":"PiercingWail+1","floor":48}],"player_experience":678283,"relics_obtained":[{"floor":6.0,"key":"Kunai"},{"floor":9.0,"key":"Mercury Hourglass"},{"floor":11.0,"key":"Darkstone Periapt"},{"floor":20.0,"key":"Red Mask"},{"floor":22.0,"key":"Pen Nib"},{"floor":24.0,"key":"Prayer Wheel"},{"floor":28.0,"key":"Toxic Egg 2"},{"floor":40,"key":"Bottled Flame"},{"floor":42,"key":"Pantograph"},{"floor":43,"key":"Paper Frog"},{"floor":48,"key":"Orichalcum"}],"event_choices":[{"damage_healed":0.0,"max_hp_gain":0.0,"max_hp_loss":0.0,"gold_gain":75.0,"event_name":"World of Goop","player_choice":"Gather Gold","floor":12.0,"gold_loss":0.0,"damage_taken":11.0},{"damage_healed":0.0,"max_hp_gain":0.0,"max_hp_loss":0.0,"gold_gain":0.0,"event_name":"Masked Bandits","player_choice":"Fought Bandits","floor":20.0,"gold_loss":0.0,"damage_taken":0.0},{"cards_removed":["Defend_R"],"damage_healed":0.0,"max_hp_gain":0.0,"max_hp_loss":0.0,"gold_gain":0.0,"event_name":"Beggar","player_choice":"Gave Gold","floor":21.0,"gold_loss":75.0,"damage_taken":0.0},{"damage_healed":0.0,"max_hp_gain":0.0,"max_hp_loss":0.0,"gold_gain":0.0,"event_name":"Nest","player_choice":"Joined the Cult","floor":27.0,"gold_loss":0.0,"damage_taken":6.0,"cards_obtained":["RitualDagger"]},{"damage_healed":0.0,"max_hp_gain":0.0,"max_hp_loss":0.0,"gold_gain":0.0,"event_name":"Lab","player_choice":"Got Potions","floor":31.0,"gold_loss":0.0,"damage_taken":0.0},{"cards_removed":["Flex"],"damage_healed":0,"gold_gain":0,"player_choice":"Removed Skill","damage_taken":0,"max_hp_gain":0,"max_hp_loss":0,"event_name":"Falling","floor":37,"gold_loss":0},{"damage_healed":0,"gold_gain":100,"player_choice":"Pray","damage_taken":0,"max_hp_gain":0,"max_hp_loss":0,"event_name":"Golden Shrine","floor":39,"gold_loss":0},{"damage_healed":82,"gold_gain":0,"player_choice":"Heal","damage_taken":0,"max_hp_gain":0,"max_hp_loss":0,"event_name":"MindBloom","floor":45,"gold_loss":0,"cards_obtained":["Doubt"]},{"damage_healed":0,"gold_gain":0,"player_choice":"Damaged","damage_taken":10,"max_hp_gain":0,"max_hp_loss":0,"event_name":"Wheel of Change","floor":47,"gold_loss":0}],"is_beta":false,"boss_relics":[{"not_picked":["Empty Cage","Runic Cube"],"picked":"Lizard Tail"},{"not_picked":["Black Star","Philosopher\u0027s Stone"],"picked":"Black Blood"}],"items_purged_floors":[],"is_endless":false,"potions_floor_spawned":[2,6,10,11,13,16,20,24,28,35,42,48],"killed_by":"Time Eater","ascension_level":12}