{"gold_per_floor":[113,124,124,124,135,160,160,174,174,184,184,184,209,245,245,370,370,386,386,386,386],"floor_reached":21,"playtime":1197,"items_purged":[],"score":189,"play_id":"2dcb8f62-f283-4373-b3b6-c07e852f2346","local_time":"20181218184859","is_ascension_mode":false,"campfire_choices":[{"data":"Neutralize","floor":12,"key":"SMITH"},{"floor":15,"key":"REST"}],"neow_cost":"NONE","seed_source_timestamp":196543795398847,"circlet_count":0,"master_deck":["Defend_G","Defend_G","Defend_G","Defend_G","Strike_G","Strike_G+1","Strike_G+1","Survivor","Neutralize+1","Blade Dance","Infinite Blades","Cloak And Dagger","Slice","Caltrops+1","Finisher","Adrenaline","Footwork+1"],"relics":["WristBlade","Ancient Tea Set","Frozen Egg 2","Bloody Idol","StoneCalendar","Empty Cage","Lantern"],"potions_floor_usage":[8,10,13,14,21],"damage_taken":[{"damage":5,"enemies":"Small Slimes","floor":1,"turns":5},{"damage":6,"enemies":"Jaw Worm","floor":2,"turns":3},{"damage":0,"enemies":"Cultist","floor":5,"turns":3},{"damage":25,"enemies":"Lagavulin","floor":6,"turns":5},{"damage":3,"enemies":"Lots of Slimes","floor":8,"turns":6},{"damage":1,"enemies":"3 Louse","floor":10,"turns":4},{"damage":0,"enemies":"Large Slime","floor":13,"turns":4},{"damage":5,"enemies":"3 Sentries","floor":14,"turns":6},{"damage":3,"enemies":"Hexaghost","floor":16,"turns":7},{"damage":0,"enemies":"Spheric Guardian","floor":18,"turns":3},{"damage":11,"enemies":"Colosseum Slavers","floor":21,"turns":4},{"damage":60,"enemies":"Colosseum Nobs","floor":21,"turns":4}],"seed_played":"6655511460913515385","potions_obtained":[{"floor":5,"key":"GamblersBrew"},{"floor":6,"key":"Energy Potion"},{"floor":7,"key":"Regen Potion"},{"floor":7,"key":"Ancient Potion"},{"floor":8,"key":"Energy Potion"},{"floor":16,"key":"EssenceOfSteel"}],"is_trial":false,"path_per_floor":["M","M","?","?","M","E","?","M","T","M","?","R","M","E","R","B",null,"M","?","?","?"],"character_chosen":"THE_SILENT","items_purchased":[],"campfire_rested":1,"item_purchase_floors":[],"current_hp_per_floor":[65,59,52,38,38,13,13,25,25,24,7,7,7,2,23,20,70,70,70,70,0],"gold":386,"neow_bonus":"BOSS_RELIC","is_prod":false,"is_daily":false,"chose_seed":false,"campfire_upgraded":1,"win_rate":0,"timestamp":1545158939,"path_taken":["M","M","?","?","M","E","?","?","T","?","?","R","M","E","R","BOSS","M","?","?","?"],"build_version":"2018-12-17","purchased_purges":0,"victory":false,"max_hp_per_floor":[70,70,70,70,70,70,70,70,70,70,70,70,70,70,70,70,70,70,70,70,70],"card_choices":[{"not_picked":["Bane","Underhanded Strike"],"picked":"Blade Dance","floor":1},{"not_picked":["Deadly Poison","Bouncing Flask","All Out Attack"],"picked":"SKIP","floor":2},{"not_picked":["Adrenaline","Backflip"],"picked":"Infinite Blades","floor":5},{"not_picked":["Outmaneuver","Backstab"],"picked":"Cloak And Dagger","floor":6},{"not_picked":["Bane","Flying Knee","Leg Sweep"],"picked":"SKIP","floor":8},{"not_picked":["Poisoned Stab","Concentrate"],"picked":"Slice","floor":10},{"not_picked":["Outmaneuver","Bouncing Flask"],"picked":"Caltrops+1","floor":13},{"not_picked":["Dagger Throw","Sucker Punch"],"picked":"Finisher","floor":14},{"not_picked":["Bullet Time","Storm of Steel"],"picked":"Adrenaline","floor":16},{"not_picked":["Slice","Outmaneuver"],"picked":"Footwork+1","floor":18}],"player_experience":224869,"relics_obtained":[{"floor":6,"key":"Ancient Tea Set"},{"floor":9,"key":"Frozen Egg 2"},{"floor":14,"key":"StoneCalendar"}],"event_choices":[{"cards_removed":["Strike_G"],"damage_healed":0,"gold_gain":0,"player_choice":"Card Removal","damage_taken":7,"max_hp_gain":0,"max_hp_loss":0,"event_name":"Golden Wing","floor":3,"gold_loss":0},{"damage_healed":0,"gold_gain":0,"player_choice":"Entered Light","damage_taken":14,"max_hp_gain":0,"max_hp_loss":0,"event_name":"Shining Light","floor":4,"gold_loss":0,"cards_upgraded":["Strike_G","Strike_G"]},{"damage_healed":0,"gold_gain":0,"player_choice":"Got Potions","damage_taken":0,"max_hp_gain":0,"max_hp_loss":0,"event_name":"Lab","floor":7,"gold_loss":0},{"damage_healed":0,"gold_gain":0,"player_choice":"Take Damage","damage_taken":17,"relics_obtained":["Golden Idol"],"max_hp_gain":0,"max_hp_loss":0,"event_name":"Golden Idol","floor":11,"gold_loss":0},{"damage_healed":0,"gold_gain":0,"player_choice":"Gave Idol","damage_taken":0,"relics_obtained":["Bloody Idol"],"max_hp_gain":0,"max_hp_loss":0,"event_name":"Forgotten Altar","floor":19,"relics_lost":["Golden Idol"],"gold_loss":0},{"damage_healed":0,"gold_gain":0,"player_choice":"Opened","damage_taken":0,"relics_obtained":["Lantern"],"max_hp_gain":0,"max_hp_loss":0,"event_name":"The Mausoleum","floor":20,"gold_loss":0},{"damage_healed":0,"gold_gain":0,"player_choice":"Fight","damage_taken":0,"max_hp_gain":0,"max_hp_loss":0,"event_name":"Colosseum","floor":21,"gold_loss":0},{"damage_healed":0,"gold_gain":0,"player_choice":"Fought Nobs","damage_taken":0,"max_hp_gain":0,"max_hp_loss":0,"event_name":"Colosseum","floor":21,"gold_loss":0}],"is_beta":true,"boss_relics":[{"not_picked":["Black Star","Runic Dome"],"picked":"Empty Cage"}],"items_purged_floors":[],"is_endless":false,"potions_floor_spawned":[5,6,8,16,21],"killed_by":"Colosseum Nobs","ascension_level":0}