{"gold_per_floor":[112,112,37,50,50,84,84,100,100,100,100,117,117,137,137,137],"floor_reached":16,"playtime":807,"items_purged":["Strike_B"],"score":117,"play_id":"ebd6684d-2f92-47f4-97ac-1d35b0253464","local_time":"20181228135431","is_ascension_mode":true,"campfire_choices":[{"floor":7,"key":"DIG"},{"floor":10,"key":"DIG"},{"floor":15,"key":"DIG"}],"neow_cost":"NONE","seed_source_timestamp":680414643806814,"circlet_count":0,"master_deck":["Strike_B","Strike_B","Strike_B","Defend_B","Defend_B","Defend_B","Defend_B","Zap","Dualcast","Loop","Force Field","BootSequence","Biased Cognition","Self Repair","Tempest"],"relics":["Cracked Core","Shovel","Bottled Flame","Blood Vial","Emotion Chip","Smiling Mask","Regal Pillow"],"potions_floor_usage":[12,13,16],"damage_taken":[{"damage":2,"enemies":"Jaw Worm","floor":1,"turns":3},{"damage":0,"enemies":"2 Louse","floor":4,"turns":2},{"damage":49,"enemies":"Gremlin Nob","floor":6,"turns":5},{"damage":1,"enemies":"Cultist","floor":8,"turns":3},{"damage":10,"enemies":"2 Fungi Beasts","floor":12,"turns":3},{"damage":10,"enemies":"Gremlin Gang","floor":13,"turns":3},{"damage":3,"enemies":"Blue Slaver","floor":14,"turns":2},{"damage":25,"enemies":"Slime Boss","floor":16,"turns":3}],"seed_played":"-3318680752530903796","potions_obtained":[{"floor":0,"key":"Swift Potion"},{"floor":0,"key":"Poison Potion"},{"floor":0,"key":"SmokeBomb"},{"floor":8,"key":"Explosive Potion"}],"is_trial":false,"path_per_floor":["M","?","$","M","?","E","R","M","T","R","?","M","M","M","R","B"],"character_chosen":"DEFECT","items_purchased":[],"campfire_rested":0,"item_purchase_floors":[],"current_hp_per_floor":[73,73,73,73,73,24,24,25,25,25,25,17,16,22,22,0],"gold":137,"neow_bonus":"THREE_SMALL_POTIONS","is_prod":false,"is_daily":false,"chose_seed":false,"campfire_upgraded":0,"win_rate":0,"timestamp":1546023271,"path_taken":["M","?","$","M","?","E","R","?","T","R","?","M","M","?","R","BOSS"],"build_version":"2018-12-20","purchased_purges":1,"victory":false,"max_hp_per_floor":[75,75,75,75,75,75,75,75,75,75,75,75,75,75,75,75],"card_choices":[{"not_picked":["Skim","Compile Driver","Rebound"],"picked":"SKIP","floor":1},{"not_picked":["Auto Shields","Hello World"],"picked":"Loop","floor":4},{"not_picked":["Ball Lightning","Aggregate"],"picked":"Force Field","floor":6},{"not_picked":["Streamline","Steam Power"],"picked":"BootSequence","floor":8},{"not_picked":["Rebound","Sweeping Beam"],"picked":"Self Repair","floor":12},{"not_picked":["Ball Lightning","Stack"],"picked":"Tempest","floor":14}],"player_experience":240010,"relics_obtained":[{"floor":6,"key":"Bottled Flame"},{"floor":7,"key":"Blood Vial"},{"floor":9,"key":"Emotion Chip"},{"floor":10,"key":"Smiling Mask"},{"floor":15,"key":"Regal Pillow"}],"event_choices":[{"damage_healed":0,"gold_gain":0,"player_choice":"Ignored","damage_taken":0,"max_hp_gain":0,"max_hp_loss":0,"event_name":"Liars Game","floor":2,"gold_loss":0},{"damage_healed":0,"gold_gain":0,"player_choice":"Gave Potion","damage_taken":0,"relics_obtained":["Shovel"],"max_hp_gain":0,"max_hp_loss":0,"event_name":"WeMeetAgain","floor":5,"gold_loss":0},{"damage_healed":0,"gold_gain":0,"player_choice":"1 cards matched","damage_taken":0,"max_hp_gain":0,"max_hp_loss":0,"event_name":"Match and Keep!","floor":11,"gold_loss":0,"cards_obtained":["Biased Cognition"]}],"is_beta":false,"boss_relics":[],"items_purged_floors":[3],"is_endless":false,"potions_floor_spawned":[1,8],"killed_by":"Slime Boss","ascension_level":3}