{"gold_per_floor":[117,133,83,95,95,128,128,156,210,285,285,320,331,348,348,451,451,470,395,407,407,33,33,60,60,87,115,130,130,130,145,145,249,249,263,263,163,0,0,26,126,137,137,137,12,41,41,55,55,55,55,55,4,31,31],"floor_reached":55,"playtime":4018,"items_purged":["Strike_R","Defend_R","Defend_R"],"score":1094,"play_id":"c34e153d-a994-40a7-a7f7-8d35d1722a67","local_time":"20181231212920","is_ascension_mode":true,"campfire_choices":[{"floor":7,"key":"REST"},{"floor":11,"key":"REST"},{"floor":15,"key":"REST"},{"floor":23,"key":"REST"},{"floor":25,"key":"REST"},{"floor":32,"key":"RECALL"},{"floor":49,"key":"REST"},{"floor":52,"key":"REST"}],"neow_cost":"NONE","seed_source_timestamp":184908366423950,"circlet_count":0,"master_deck":["Defend_R","Defend_R","Bash","Infernal Blade+1","Heavy Blade","Carnage","Limit Break","Seeing Red+1","Headbutt","Feed","Seeing Red+1","Warcry","Havoc+1","Sentinel+1","Heavy Blade","Sentinel+1","Bite","Bite","Bite","Bite","Bite","Ghostly+1","Ghostly+1","Ghostly+1","Ghostly+1","Ghostly+1","Anger+1","Offering+1","Armaments+1","Mayhem","Violence+1","Jack Of All Trades+1","Headbutt+1","Cleave","Flex+1","Power Through+1","Shrug It Off+1","Anger+1"],"relics":["Burning Blood","Kunai","Bronze Scales","Red Skull","Mummified Hand","Fusion Hammer","MutagenicStrength","Toxic Egg 2","Mercury Hourglass","Bag of Marbles","Question Card","Busted Crown","Red Mask","Self Forming Clay","Nunchaku","Bottled Flame","War Paint","Pear"],"potions_floor_usage":[6,12,16,24,33,33,40,48,50,55,55],"damage_taken":[{"damage":3,"enemies":"2 Louse","floor":1,"turns":3},{"damage":7,"enemies":"Small Slimes","floor":2,"turns":3},{"damage":5,"enemies":"Cultist","floor":4,"turns":4},{"damage":40,"enemies":"Lagavulin","floor":6,"turns":4},{"damage":43,"enemies":"Gremlin Nob","floor":8,"turns":5},{"damage":16,"enemies":"3 Sentries","floor":12,"turns":6},{"damage":6,"enemies":"Looter","floor":13,"turns":2},{"damage":13,"enemies":"Blue Slaver","floor":14,"turns":2},{"damage":59,"enemies":"The Guardian","floor":16,"turns":9},{"damage":12,"enemies":"3 Byrds","floor":18,"turns":3},{"damage":17,"enemies":"Spheric Guardian","floor":20,"turns":4},{"damage":27,"enemies":"Slavers","floor":24,"turns":5},{"damage":50,"enemies":"Book of Stabbing","floor":27,"turns":5},{"damage":8,"enemies":"Centurion and Healer","floor":28,"turns":2},{"damage":3,"enemies":"Snake Plant","floor":31,"turns":3},{"damage":28,"enemies":"Automaton","floor":33,"turns":10},{"damage":22,"enemies":"Orb Walker","floor":35,"turns":4},{"damage":6,"enemies":"Nemesis","floor":40,"turns":5},{"damage":11,"enemies":"Mind Bloom Boss Battle","floor":41,"turns":5},{"damage":7,"enemies":"3 Darklings","floor":42,"turns":4},{"damage":1,"enemies":"Reptomancer","floor":46,"turns":4},{"damage":23,"enemies":"Maw","floor":48,"turns":7},{"damage":66,"enemies":"Awakened One","floor":50,"turns":16},{"damage":38,"enemies":"Shield and Spear","floor":54,"turns":9},{"damage":61,"enemies":"The Heart","floor":55,"turns":6}],"seed_played":"-7204320365696721195","potions_obtained":[{"floor":2,"key":"Strength Potion"},{"floor":8,"key":"EssenceOfSteel"},{"floor":12,"key":"GamblersBrew"},{"floor":13,"key":"Ancient Potion"},{"floor":16,"key":"Dexterity Potion"},{"floor":20,"key":"Weak Potion"},{"floor":27,"key":"LiquidBronze"},{"floor":33,"key":"SteroidPotion"},{"floor":35,"key":"Strength Potion"},{"floor":41,"key":"Fire Potion"},{"floor":46,"key":"Poison Potion"}],"is_trial":false,"path_per_floor":["M","M","?","M","?","E","R","E","T","?","R","E","M","M","R","B",null,"M","?","M","?","$","R","E","R","T","E","M","?","?","M","R","B",null,"M","?","$","?","$","E","?","M","T","?","$","E","?","M","R","B",null,"R","$","E","B"],"character_chosen":"IRONCLAD","items_purchased":["Toxic Egg 2","Havoc+1","SteroidPotion"],"campfire_rested":7,"item_purchase_floors":[22,22,53],"current_hp_per_floor":[83,82,82,83,88,54,81,44,44,35,62,52,52,45,72,19,75,72,72,61,61,61,89,71,99,99,58,56,56,35,35,35,27,33,22,12,12,12,12,20,27,29,29,29,29,45,45,38,49,18,41,49,49,49,0],"gold":31,"neow_bonus":"TEN_PERCENT_HP_BONUS","is_prod":false,"is_daily":false,"chose_seed":false,"campfire_upgraded":0,"win_rate":0,"timestamp":1546309760,"path_taken":["M","M","?","M","?","E","R","E","T","?","R","E","M","?","R","BOSS","M","?","M","?","$","R","E","R","T","E","M","?","?","M","R","BOSS","M","?","$","?","$","E","?","M","T","?","?","E","?","M","R","BOSS","R","$","E","BOSS"],"build_version":"2018-12-20","purchased_purges":3,"victory":false,"max_hp_per_floor":[88,88,88,88,93,93,93,93,93,93,93,93,93,93,93,93,93,96,96,96,96,96,96,99,99,99,102,102,71,35,35,35,35,35,38,38,38,38,38,38,42,42,42,42,42,45,45,49,49,49,49,49,49,59,59],"card_choices":[{"not_picked":["Heavy Blade","Clash"],"picked":"Infernal Blade","floor":1},{"not_picked":["Flex","Thunderclap"],"picked":"Heavy Blade","floor":2},{"not_picked":["Warcry","Rampage"],"picked":"Carnage","floor":4},{"not_picked":["Wild Strike","Iron Wave"],"picked":"Limit Break","floor":6},{"not_picked":["Burning Pact","Feel No Pain"],"picked":"Seeing Red","floor":8},{"not_picked":["Clash","Cleave"],"picked":"Headbutt","floor":12},{"not_picked":["Anger","Clash"],"picked":"Reckless Charge","floor":13},{"not_picked":["Entrench","Evolve"],"picked":"Infernal Blade","floor":14},{"not_picked":["Exhume","Juggernaut"],"picked":"Feed","floor":16},{"not_picked":["Entrench","Blood for Blood+1"],"picked":"Seeing Red+1","floor":18},{"not_picked":["Flex","Body Slam"],"picked":"Warcry","floor":20},{"not_picked":["Sword Boomerang","Hemokinesis"],"picked":"Sentinel+1","floor":24},{"not_picked":["Perfected Strike","Cleave"],"picked":"Heavy Blade","floor":27},{"not_picked":["Sword Boomerang","Thunderclap","Headbutt"],"picked":"Sentinel+1","floor":28},{"not_picked":["Heavy Blade","Body Slam+1","Evolve"],"picked":"Anger+1","floor":31},{"not_picked":["Immolate","Fiend Fire","Impervious+1"],"picked":"Offering+1","floor":33},{"not_picked":["Bloodletting+1"],"picked":"Armaments+1","floor":35},{"not_picked":["Enlightenment+1"],"picked":"Mayhem","floor":36},{"not_picked":["Purity+1"],"picked":"Violence+1","floor":36},{"not_picked":["Flash of Steel"],"picked":"Jack Of All Trades+1","floor":36},{"not_picked":["Perfected Strike+1"],"picked":"Headbutt+1","floor":40},{"not_picked":["Clash+1"],"picked":"Cleave","floor":41},{"not_picked":["Perfected Strike"],"picked":"Flex+1","floor":42},{"not_picked":["Dark Embrace"],"picked":"Power Through+1","floor":46},{"not_picked":["Pummel"],"picked":"Shrug It Off+1","floor":48},{"not_picked":["Perfected Strike+1"],"picked":"Anger+1","floor":54}],"player_experience":300636,"relics_obtained":[{"floor":6,"key":"Kunai"},{"floor":8,"key":"Bronze Scales"},{"floor":9,"key":"Red Skull"},{"floor":12,"key":"Mummified Hand"},{"floor":24,"key":"Mercury Hourglass"},{"floor":26,"key":"Bag of Marbles"},{"floor":27,"key":"Question Card"},{"floor":40,"key":"Self Forming Clay"},{"floor":41,"key":"Nunchaku"},{"floor":46,"key":"Bottled Flame"},{"floor":54,"key":"Pear"}],"event_choices":[{"cards_removed":["Strike_R"],"damage_healed":0,"gold_gain":0,"player_choice":"Card Removal","damage_taken":0,"max_hp_gain":0,"max_hp_loss":0,"event_name":"The Cleric","floor":3,"gold_loss":50},{"damage_healed":0,"gold_gain":0,"player_choice":"Donut","damage_taken":0,"max_hp_gain":5,"max_hp_loss":0,"event_name":"Big Fish","floor":5,"gold_loss":0},{"damage_healed":0,"gold_gain":75,"player_choice":"Touch","damage_taken":9,"max_hp_gain":0,"max_hp_loss":0,"event_name":"FaceTrader","floor":10,"gold_loss":0},{"cards_removed":["Strike_R"],"damage_healed":0,"gold_gain":0,"player_choice":"Gave Gold","damage_taken":0,"max_hp_gain":0,"max_hp_loss":0,"event_name":"Beggar","floor":19,"gold_loss":75},{"damage_healed":0,"gold_gain":0,"player_choice":"Inject Mutagens","damage_taken":0,"relics_obtained":["MutagenicStrength"],"max_hp_gain":0,"max_hp_loss":0,"event_name":"Drug Dealer","floor":21,"gold_loss":0},{"damage_healed":0,"gold_gain":0,"player_choice":"Became a vampire","damage_taken":0,"max_hp_gain":0,"max_hp_loss":31,"event_name":"Vampires","floor":29,"gold_loss":0,"cards_obtained":["Bite","Bite","Bite","Bite","Bite"]},{"damage_healed":0,"gold_gain":0,"player_choice":"Became a Ghost","damage_taken":0,"max_hp_gain":0,"max_hp_loss":36,"event_name":"Ghosts","floor":30,"gold_loss":0,"cards_obtained":["Ghostly","Ghostly","Ghostly","Ghostly","Ghostly"]},{"damage_healed":0,"gold_gain":0,"player_choice":"Memory 3","damage_taken":10,"max_hp_gain":0,"max_hp_loss":0,"event_name":"SensoryStone","floor":36,"gold_loss":0},{"damage_healed":0,"gold_gain":0,"player_choice":"Paid","damage_taken":0,"relics_obtained":["Red Mask"],"max_hp_gain":0,"max_hp_loss":0,"event_name":"Tomb of Lord Red Mask","floor":38,"gold_loss":163},{"damage_healed":0,"gold_gain":0,"player_choice":"Fight","damage_taken":0,"max_hp_gain":0,"max_hp_loss":0,"event_name":"MindBloom","floor":41,"gold_loss":0},{"cards_removed":["Infernal Blade"],"damage_healed":0,"gold_gain":0,"player_choice":"Removed Skill","damage_taken":0,"max_hp_gain":0,"max_hp_loss":0,"event_name":"Falling","floor":44,"gold_loss":0},{"cards_removed":["Reckless Charge"],"damage_healed":0,"gold_gain":0,"player_choice":"Gave Card","damage_taken":0,"relics_obtained":["War Paint"],"max_hp_gain":0,"max_hp_loss":0,"event_name":"WeMeetAgain","floor":47,"gold_loss":0}],"is_beta":false,"boss_relics":[{"not_picked":["White Beast Statue","Coffee Dripper"],"picked":"Fusion Hammer"},{"not_picked":["Black Blood","Snecko Eye"],"picked":"Busted Crown"}],"items_purged_floors":[22,37,45],"is_endless":false,"potions_floor_spawned":[2,8,12,13,16,20,27,33,35,41,46],"killed_by":"The Heart","ascension_level":6}