{"gold_per_floor":[109,124,124,199,212,212,137,137,187,203,218,234,234,249,249,346,346,358,371,371,371,371],"floor_reached":22,"playtime":930,"items_purged":["Defend_R"],"score":342,"play_id":"8122e0c0-b4fc-4ec9-9440-5c1cac82cd40","local_time":"20191001142825","is_ascension_mode":true,"campfire_choices":[{"data":"Demon Form","floor":6,"key":"SMITH"},{"data":"True Grit","floor":13,"key":"SMITH"},{"data":"Seeing Red","floor":15,"key":"SMITH"}],"neow_cost":"TEN_PERCENT_HP_LOSS","seed_source_timestamp":1045411552498400,"circlet_count":0,"master_deck":["AscendersBane","Strike_R","Strike_R+1","Strike_R","Strike_R","Strike_R","Defend_R","Defend_R","Defend_R","Bash+1","Demon Form+1","Battle Trance","True Grit+1","Anger","Dropkick","Twin Strike","Seeing Red+1","Feed","Seeing Red","Anger+1","Necronomicurse"],"relics":["Burning Blood","PreservedInsect","Mark of Pain","Necronomicon","FaceOfCleric"],"potions_floor_usage":[12,14,18,19],"damage_taken":[{"damage":6,"enemies":"Cultist","floor":1,"turns":3},{"damage":14,"enemies":"Jaw Worm","floor":2,"turns":5},{"damage":0,"enemies":"Small Slimes","floor":5,"turns":3},{"damage":12,"enemies":"Blue Slaver","floor":10,"turns":6},{"damage":5,"enemies":"Looter","floor":11,"turns":3},{"damage":16,"enemies":"3 Louse","floor":12,"turns":4},{"damage":17,"enemies":"Exordium Thugs","floor":14,"turns":4},{"damage":0,"enemies":"Slime Boss","floor":16,"turns":6},{"damage":30,"enemies":"3 Byrds","floor":18,"turns":6},{"damage":14,"enemies":"Spheric Guardian","floor":19,"turns":5},{"damage":16,"enemies":"Shelled Parasite and Fungi","floor":22,"turns":2}],"seed_played":"2286377177212816300","potions_obtained":[{"floor":1,"key":"Weak Potion"},{"floor":2,"key":"PowerPotion"},{"floor":10,"key":"LiquidBronze"},{"floor":18,"key":"Block Potion"}],"is_trial":false,"path_per_floor":["M","M","?","?","M","R","$","?","T","M","M","M","R","M","R","B",null,"M","M","?","?","M"],"character_chosen":"IRONCLAD","items_purchased":[],"campfire_rested":0,"item_purchase_floors":[],"current_hp_per_floor":[72,64,64,53,59,59,59,45,45,39,40,30,30,19,19,25,60,39,31,15,15,0],"gold":371,"neow_bonus":"THREE_RARE_CARDS","is_prod":false,"is_daily":false,"chose_seed":false,"campfire_upgraded":3,"win_rate":0,"timestamp":1569936505,"path_taken":["M","M","?","?","M","R","?","?","T","?","M","M","R","M","R","BOSS","M","M","?","?","M"],"build_version":"2019-07-17","purchased_purges":1,"victory":false,"max_hp_per_floor":[72,72,72,72,72,72,72,72,72,72,72,72,72,72,72,72,72,75,75,75,75,75],"card_choices":[{"not_picked":["Barricade","Double Tap"],"picked":"Demon Form","floor":0},{"not_picked":["Flex","Feel No Pain","Searing Blow"],"picked":"SKIP","floor":1},{"not_picked":["Rupture","Twin Strike"],"picked":"Battle Trance","floor":2},{"not_picked":["Burning Pact","Thunderclap"],"picked":"True Grit","floor":5},{"not_picked":["Heavy Blade","Iron Wave"],"picked":"Anger","floor":10},{"not_picked":["Iron Wave","Headbutt"],"picked":"Dropkick","floor":11},{"not_picked":["Blood for Blood","Reckless Charge"],"picked":"Twin Strike","floor":12},{"not_picked":["Corruption","Feel No Pain"],"picked":"Seeing Red","floor":14},{"not_picked":["Juggernaut","Immolate"],"picked":"Feed","floor":16},{"not_picked":["Perfected Strike","Rage"],"picked":"Seeing Red","floor":18},{"not_picked":["Flex","Headbutt"],"picked":"Anger+1","floor":19}],"player_experience":218237,"relics_obtained":[{"floor":9,"key":"PreservedInsect"},{"floor":20,"key":"Necronomicon"}],"event_choices":[{"damage_healed":0,"gold_gain":0,"player_choice":"Ignored","damage_taken":0,"max_hp_gain":0,"max_hp_loss":0,"event_name":"Liars Game","floor":3,"gold_loss":0},{"damage_healed":0,"gold_gain":75,"player_choice":"Gather Gold","damage_taken":11,"max_hp_gain":0,"max_hp_loss":0,"event_name":"World of Goop","floor":4,"gold_loss":0},{"damage_healed":0,"gold_gain":0,"player_choice":"Entered Light","damage_taken":14,"max_hp_gain":0,"max_hp_loss":0,"event_name":"Shining Light","floor":8,"gold_loss":0,"cards_upgraded":["Bash","Strike_R"]},{"damage_healed":0,"gold_gain":0,"player_choice":"Obtained Book","damage_taken":16,"max_hp_gain":0,"max_hp_loss":0,"event_name":"Cursed Tome","floor":20,"gold_loss":0},{"damage_healed":0,"gold_gain":0,"player_choice":"Trade","damage_taken":0,"relics_obtained":["FaceOfCleric"],"max_hp_gain":0,"max_hp_loss":0,"event_name":"FaceTrader","floor":21,"gold_loss":0}],"is_beta":false,"boss_relics":[{"not_picked":["Black Blood","Velvet Choker"],"picked":"Mark of Pain"}],"items_purged_floors":[7],"is_endless":false,"potions_floor_spawned":[1,2,10,18],"killed_by":"Shelled Parasite and Fungi","ascension_level":10}