{"gold_per_floor":[109,129,129,54,72,72,88,88,88,88,146,166,166,200,200,300,300,310,330,255,272,272,272,217,233,233,263,292,292,309,23,23,123,123,134,134,150,163,63,63,90,103,103,21,34,44,89,112,112,112,112,112,8,35,35],"floor_reached":55,"playtime":4307,"items_purged":["Defend_G","Strike_G"],"score":772,"play_id":"50f5464e-38b5-42bd-8e71-8137c895e5e1","local_time":"20181201130426","is_ascension_mode":false,"campfire_choices":[{"floor":6.0,"key":"RECALL"},{"data":"Quick Slash","floor":8.0,"key":"SMITH"},{"data":"Slice","floor":10.0,"key":"SMITH"},{"data":"Footwork","floor":15.0,"key":"SMITH"},{"data":"After Image","floor":23,"key":"SMITH"},{"data":"All Out Attack","floor":29,"key":"SMITH"},{"data":"Underhanded Strike","floor":32,"key":"SMITH"},{"data":"Crippling Poison","floor":40,"key":"SMITH"},{"data":"1","floor":49,"key":"LIFT"},{"data":"2","floor":52,"key":"LIFT"}],"neow_cost":"NONE","seed_source_timestamp":0,"circlet_count":0,"master_deck":["Defend_G","Defend_G","Defend_G","Strike_G","Strike_G","Strike_G","Survivor","Neutralize+1","Quick Slash+1","PiercingWail","Slice+1","Flying Knee","Footwork+1","Dagger Throw","Underhanded Strike+1","After Image+1","Prepared+1","Acrobatics","Grand Finale","All Out Attack+1","Underhanded Strike","Clumsy","Acrobatics","Noxious Fumes+1","Corpse Explosion","Crippling Poison+1","Distraction+1","Caltrops","Crippling Poison+1","Regret","Finesse","Backflip+1","Quick Slash+1","Writhe","Noxious Fumes","Crippling Poison"],"special_seed":0,"relics":["Cursed Key","Dodecahedron","Ancient Tea Set","White Beast Statue","Tiny Chest","Tough Bandages","Ornamental Fan","Red Mask","The Specimen","Coffee Dripper","Bottled Flame","Mercury Hourglass","Girya","Snake Skull","Toxic Egg 2"],"potions_floor_usage":[19,19,21,27,27,28,28,33,33,38,38,41,41,42,45,50,50,50,55,55,55,55],"damage_taken":[{"damage":0.0,"enemies":"Jaw Worm","floor":1.0,"turns":4.0},{"damage":0.0,"enemies":"Cultist","floor":2.0,"turns":3.0},{"damage":1.0,"enemies":"Small Slimes","floor":5.0,"turns":2.0},{"damage":2.0,"enemies":"Exordium Thugs","floor":7.0,"turns":6.0},{"damage":11.0,"enemies":"Lagavulin Event","floor":11.0,"turns":5.0},{"damage":0.0,"enemies":"3 Louse","floor":12.0,"turns":3.0},{"damage":27.0,"enemies":"Gremlin Nob","floor":14.0,"turns":5.0},{"damage":36.0,"enemies":"Hexaghost","floor":16.0,"turns":12.0},{"damage":1,"enemies":"3 Byrds","floor":18,"turns":7},{"damage":22,"enemies":"2 Thieves","floor":19,"turns":3},{"damage":2,"enemies":"Centurion and Healer","floor":21,"turns":7},{"damage":2,"enemies":"3 Cultists","floor":25,"turns":6},{"damage":20,"enemies":"Slavers","floor":27,"turns":8},{"damage":0,"enemies":"Masked Bandits","floor":28,"turns":5},{"damage":5,"enemies":"Sentry and Sphere","floor":30,"turns":5},{"damage":19,"enemies":"Automaton","floor":33,"turns":9},{"damage":0,"enemies":"3 Shapes","floor":35,"turns":3},{"damage":0,"enemies":"Orb Walker","floor":37,"turns":4},{"damage":10,"enemies":"Sphere and 2 Shapes","floor":38,"turns":4},{"damage":6,"enemies":"Reptomancer","floor":41,"turns":5},{"damage":9,"enemies":"Maw","floor":42,"turns":8},{"damage":5,"enemies":"Spire Growth","floor":45,"turns":5},{"damage":9,"enemies":"3 Darklings","floor":46,"turns":3},{"damage":19,"enemies":"2 Orb Walkers","floor":47,"turns":4},{"damage":20,"enemies":"Awakened One","floor":50,"turns":9},{"damage":25,"enemies":"Shield and Spear","floor":54,"turns":5},{"damage":55,"enemies":"The Heart","floor":55,"turns":11}],"seed_played":"-6620205773474772169","potions_obtained":[{"floor":1.0,"key":"FairyPotion"},{"floor":7.0,"key":"Strength Potion"},{"floor":12.0,"key":"Weak Potion"},{"floor":13.0,"key":"Fruit Juice"},{"floor":13.0,"key":"EntropicBrew"},{"floor":18,"key":"SkillPotion"},{"floor":19,"key":"Strength Potion"},{"floor":21,"key":"Energy Potion"},{"floor":25,"key":"Block Potion"},{"floor":27,"key":"Explosive Potion"},{"floor":28,"key":"Ancient Potion"},{"floor":30,"key":"GamblersBrew"},{"floor":33,"key":"Regen Potion"},{"floor":35,"key":"Explosive Potion"},{"floor":37,"key":"Dexterity Potion"},{"floor":38,"key":"AttackPotion"},{"floor":41,"key":"GamblersBrew"},{"floor":42,"key":"Block Potion"},{"floor":45,"key":"GamblersBrew"},{"floor":46,"key":"Explosive Potion"},{"floor":47,"key":"GhostInAJar"},{"floor":54,"key":"EntropicBrew"}],"is_trial":false,"path_per_floor":["M","M","?","$","M","R","M","R","T","R","?","M","?","E","R","B",null,"M","M","?","M","?","R","?","M","T","E","?","R","M","$","R","B",null,"M","?","M","M","$","R","E","M","T","$","M","M","?","T","R","B",null,"R","$","E","B"],"character_chosen":"THE_SILENT","items_purchased":["The Specimen","Finesse","Noxious Fumes","Crippling Poison"],"campfire_rested":0,"item_purchase_floors":[31,44,53,53],"current_hp_per_floor":[70,70,70,70,69,69,67,67,67,67,56,56,61,34,34,7,75,74,52,52,50,50,50,50,48,48,28,28,28,23,23,23,4,75,75,75,75,74,74,74,68,59,59,59,54,45,26,26,26,6,75,75,75,50,0],"gold":35,"neow_bonus":"BOSS_RELIC","is_prod":false,"is_daily":false,"chose_seed":false,"campfire_upgraded":7,"win_rate":0,"timestamp":1543669466,"path_taken":["M","M","?","$","M","R","?","R","T","R","?","M","?","E","R","BOSS","M","M","?","M","?","R","?","?","T","E","?","R","M","$","R","BOSS","M","?","?","M","?","R","E","M","T","?","M","M","?","?","R","BOSS","R","$","E","BOSS"],"build_version":"2018-11-15","purchased_purges":2,"victory":false,"max_hp_per_floor":[70,70,70,70,70,70,70,70,70,70,70,70,75,75,75,75,75,75,75,75,75,75,75,75,75,75,75,75,75,75,75,75,75,75,75,75,75,75,75,75,75,75,75,75,75,75,75,75,75,75,75,75,75,75,75],"card_choices":[{"not_picked":["Eviscerate","Sucker Punch"],"picked":"Quick Slash","floor":1.0},{"not_picked":["Backflip","Slice"],"picked":"PiercingWail","floor":2.0},{"not_picked":["Expertise","Choke"],"picked":"Slice","floor":5.0},{"not_picked":["Cloak And Dagger","Dodge and Roll"],"picked":"Flying Knee","floor":7.0},{"not_picked":["Escape Plan","Leg Sweep"],"picked":"Footwork","floor":11.0},{"not_picked":["Blade Dance","Prepared"],"picked":"Dagger Throw","floor":12.0},{"not_picked":["Storm of Steel","Setup"],"picked":"Underhanded Strike","floor":14.0},{"not_picked":["Doppelganger","Burst"],"picked":"After Image","floor":16.0},{"not_picked":["Catalyst+1","Outmaneuver"],"picked":"Prepared+1","floor":18},{"not_picked":["Riddle With Holes","Blur","Finisher"],"picked":"SKIP","floor":19},{"not_picked":["Masterful Stab","PiercingWail"],"picked":"Acrobatics","floor":21},{"not_picked":["Dash","Poisoned Stab+1"],"picked":"Underhanded Strike","floor":25},{"not_picked":["Dodge and Roll","Deadly Poison","Endless Agony+1"],"picked":"SKIP","floor":27},{"not_picked":["Dagger Spray","Dodge and Roll"],"picked":"Acrobatics","floor":28},{"not_picked":["Deadly Poison","Deflect"],"picked":"Noxious Fumes+1","floor":30},{"not_picked":["Venomology","Night Terror"],"picked":"Corpse Explosion","floor":33},{"not_picked":["Dagger Spray+1","Finisher"],"picked":"Crippling Poison","floor":35},{"not_picked":["Quick Slash","Poisoned Stab+1"],"picked":"Distraction+1","floor":37},{"not_picked":["Blur","Dodge and Roll","Predator"],"picked":"SKIP","floor":38},{"not_picked":["Bane","PiercingWail"],"picked":"Caltrops","floor":41},{"not_picked":["Prepared+1","Poisoned Stab"],"picked":"Crippling Poison+1","floor":42},{"not_picked":["Sucker Punch","Finisher"],"picked":"Backflip+1","floor":45},{"not_picked":["Flechettes+1","Distraction"],"picked":"Quick Slash+1","floor":46},{"not_picked":["Storm of Steel","Choke","Deflect"],"picked":"SKIP","floor":54}],"player_experience":168253,"relics_obtained":[{"floor":11.0,"key":"Dodecahedron"},{"floor":14.0,"key":"Ancient Tea Set"},{"floor":26,"key":"Tough Bandages"},{"floor":27,"key":"Ornamental Fan"},{"floor":28,"key":"Red Mask"},{"floor":41,"key":"Bottled Flame"},{"floor":43,"key":"Mercury Hourglass"},{"floor":47,"key":"Girya"},{"floor":48,"key":"Snake Skull"},{"floor":54,"key":"Toxic Egg 2"}],"event_choices":[{"damage_healed":0.0,"max_hp_gain":0.0,"max_hp_loss":0.0,"gold_gain":0.0,"event_name":"Accursed Blacksmith","player_choice":"Forge","floor":3.0,"gold_loss":0.0,"damage_taken":0.0,"cards_upgraded":["Neutralize"]},{"damage_healed":0.0,"max_hp_gain":0.0,"max_hp_loss":0.0,"gold_gain":0.0,"event_name":"Dead Adventurer","player_choice":"Searched \u00271\u0027 times","floor":11.0,"gold_loss":0.0,"damage_taken":0.0},{"damage_healed":0.0,"max_hp_gain":0.0,"max_hp_loss":0.0,"gold_gain":0.0,"event_name":"Lab","player_choice":"Got Potions","floor":13.0,"gold_loss":0.0,"damage_taken":0.0},{"cards_removed":["Shame"],"damage_healed":0,"gold_gain":0,"player_choice":"Gave Gold","damage_taken":0,"max_hp_gain":0,"max_hp_loss":0,"event_name":"Beggar","floor":20,"gold_loss":75},{"damage_healed":0,"gold_gain":0,"cards_transformed":["Strike_G","Defend_G"],"player_choice":"Became Test Subject","damage_taken":0,"max_hp_gain":0,"max_hp_loss":0,"event_name":"Drug Dealer","floor":22,"gold_loss":0,"cards_obtained":["Grand Finale","All Out Attack"]},{"damage_healed":0,"gold_gain":0,"player_choice":"Obtained Relic","damage_taken":0,"relics_obtained":["Tiny Chest"],"max_hp_gain":0,"max_hp_loss":0,"event_name":"Addict","floor":24,"gold_loss":85},{"damage_healed":0,"gold_gain":0,"player_choice":"Fought Bandits","damage_taken":0,"max_hp_gain":0,"max_hp_loss":0,"event_name":"Masked Bandits","floor":28,"gold_loss":0},{"damage_healed":0,"gold_gain":0,"player_choice":"Ignored","damage_taken":0,"max_hp_gain":0,"max_hp_loss":0,"event_name":"NoteForYourself","floor":36,"gold_loss":0},{"damage_healed":0,"gold_gain":0,"player_choice":"Fight","damage_taken":0,"max_hp_gain":0,"max_hp_loss":0,"event_name":"Mysterious Sphere","floor":47,"gold_loss":0}],"is_beta":true,"boss_relics":[{"not_picked":["Busted Crown","Snecko Eye"],"picked":"White Beast Statue"},{"not_picked":["Lizard Tail","Fusion Hammer"],"picked":"Coffee Dripper"}],"items_purged_floors":[4,39],"is_endless":false,"potions_floor_spawned":[1,7,12,18,19,21,25,27,28,30,33,35,37,38,41,42,45,46,47,54],"killed_by":"The Heart","ascension_level":0}