{"gold_per_floor":[110,127,140,151,227,227,254,254,325,352,5,5,5,25,25,130,130,143,157,173,74,74,107,117,117,117,117,133,163,182,197,197,197],"floor_reached":33,"playtime":1457,"items_purged":["Strike_R"],"score":503,"play_id":"eb750767-c1b4-44b6-b906-b9fb951c1ae9","local_time":"20191001204133","is_ascension_mode":true,"campfire_choices":[{"data":"Immolate","floor":8,"key":"SMITH"},{"data":"Bludgeon","floor":13,"key":"SMITH"},{"floor":15,"key":"REST"},{"floor":25,"key":"REST"},{"data":"Carnage","floor":27,"key":"SMITH"},{"floor":32,"key":"REST"}],"neow_cost":"NONE","seed_source_timestamp":1218108740047200,"circlet_count":0,"master_deck":["AscendersBane","Strike_R","Strike_R","Strike_R","Strike_R","Defend_R","Defend_R","Defend_R","Defend_R","Bash","Shockwave","Uppercut","Corruption","Metallicize","Immolate+1","Bludgeon+1","Shrug It Off","Feed","Havoc","Ghostly Armor","Havoc","Carnage+1","Battle Trance","Uppercut+1","Impervious","Reaper+1","Thunderclap+1"],"relics":["Burning Blood","StoneCalendar","The Courier","Omamori","Bird Faced Urn","Dream Catcher","Mark of Pain","Nloth\u0027s Gift","Ancient Tea Set","Vajra","Molten Egg 2"],"potions_floor_usage":[2,7,7,23,23,31,33,33],"damage_taken":[{"damage":6,"enemies":"Cultist","floor":1,"turns":3},{"damage":4,"enemies":"Jaw Worm","floor":2,"turns":5},{"damage":7,"enemies":"2 Louse","floor":3,"turns":3},{"damage":17,"enemies":"Blue Slaver","floor":4,"turns":5},{"damage":7,"enemies":"3 Sentries","floor":7,"turns":3},{"damage":16,"enemies":"Lagavulin","floor":10,"turns":7},{"damage":16,"enemies":"Exordium Thugs","floor":14,"turns":4},{"damage":43,"enemies":"The Guardian","floor":16,"turns":8},{"damage":7,"enemies":"Chosen","floor":18,"turns":3},{"damage":28,"enemies":"2 Thieves","floor":19,"turns":4},{"damage":17,"enemies":"3 Cultists","floor":20,"turns":4},{"damage":11,"enemies":"Gremlin Leader","floor":23,"turns":4},{"damage":10,"enemies":"Snecko","floor":24,"turns":5},{"damage":0,"enemies":"Centurion and Healer","floor":28,"turns":3},{"damage":35,"enemies":"Slavers","floor":29,"turns":4},{"damage":38,"enemies":"Shelled Parasite and Fungi","floor":30,"turns":7},{"damage":24,"enemies":"Snake Plant","floor":31,"turns":4},{"damage":69,"enemies":"Champ","floor":33,"turns":8}],"seed_played":"8133973658310715384","potions_obtained":[{"floor":1,"key":"Weak Potion"},{"floor":3,"key":"Regen Potion"},{"floor":4,"key":"AttackPotion"},{"floor":20,"key":"Explosive Potion"},{"floor":29,"key":"Weak Potion"},{"floor":30,"key":"SteroidPotion"},{"floor":31,"key":"Energy Potion"}],"is_trial":false,"path_per_floor":["M","M","M","M","?","?","E","R","T","E","$","T","R","M","R","B",null,"M","M","M","$","?","E","M","R","T","R","M","E","M","M","R","B"],"character_chosen":"IRONCLAD","items_purchased":["Bird Faced Urn","Dream Catcher","AttackPotion"],"campfire_rested":3,"item_purchase_floors":[11,11,21],"current_hp_per_floor":[80,82,81,70,70,70,78,78,78,68,68,68,68,60,86,53,79,81,62,58,58,58,58,58,88,88,88,94,68,40,26,56,0],"gold":197,"neow_bonus":"TEN_PERCENT_HP_BONUS","is_prod":false,"is_daily":false,"chose_seed":false,"campfire_upgraded":3,"win_rate":0,"timestamp":1569976893,"path_taken":["M","?","M","M","?","?","E","R","T","E","?","?","R","?","R","BOSS","M","M","M","$","?","E","M","R","T","R","M","E","M","M","R","BOSS"],"build_version":"2019-07-17","purchased_purges":1,"victory":false,"max_hp_per_floor":[88,88,88,88,88,88,88,88,88,88,88,88,88,88,88,88,88,91,94,97,97,97,100,100,100,100,100,100,103,103,103,103,103],"card_choices":[{"not_picked":["Entrench","Flex"],"picked":"Shockwave","floor":1},{"not_picked":["Body Slam","Reckless Charge"],"picked":"Uppercut","floor":2},{"not_picked":["Pommel Strike","Flex"],"picked":"Corruption","floor":3},{"not_picked":["Heavy Blade","Seeing Red"],"picked":"Metallicize","floor":4},{"not_picked":["Clothesline","Havoc"],"picked":"Immolate","floor":7},{"not_picked":["Pummel","Shrug It Off"],"picked":"Bludgeon","floor":10},{"not_picked":["Dropkick","Blood for Blood","Heavy Blade"],"picked":"SKIP","floor":14},{"not_picked":["Armaments","Blood for Blood"],"picked":"Shrug It Off","floor":15},{"not_picked":["Bludgeon","Brutality"],"picked":"Feed","floor":16},{"not_picked":["Wild Strike","Uppercut"],"picked":"Havoc","floor":18},{"not_picked":["Body Slam+1","Thunderclap"],"picked":"Ghostly Armor","floor":19},{"not_picked":["Anger","Combust"],"picked":"Havoc","floor":20},{"not_picked":["Evolve","Clothesline"],"picked":"Carnage","floor":23},{"not_picked":["Flex","Disarm","Hemokinesis+1"],"picked":"SKIP","floor":24},{"not_picked":["Iron Wave","Infernal Blade"],"picked":"Battle Trance","floor":25},{"not_picked":["Twin Strike","Anger"],"picked":"Uppercut+1","floor":28},{"not_picked":["Fire Breathing","Heavy Blade"],"picked":"Impervious","floor":29},{"not_picked":["Wild Strike+1","Limit Break","Warcry"],"picked":"SKIP","floor":30},{"not_picked":["Cleave+1","Clash+1"],"picked":"Reaper+1","floor":31},{"not_picked":["Disarm","Body Slam+1"],"picked":"Thunderclap+1","floor":32}],"player_experience":769259,"relics_obtained":[{"floor":7,"key":"StoneCalendar"},{"floor":9,"key":"The Courier"},{"floor":10,"key":"Omamori"},{"floor":12,"key":"Ornamental Fan"},{"floor":23,"key":"Ancient Tea Set"},{"floor":26,"key":"Vajra"},{"floor":29,"key":"Molten Egg 2"}],"event_choices":[{"damage_healed":0,"gold_gain":76,"player_choice":"Gained Gold","damage_taken":0,"max_hp_gain":0,"max_hp_loss":0,"event_name":"Golden Wing","floor":5,"gold_loss":0},{"damage_healed":0,"gold_gain":0,"player_choice":"Ignored","damage_taken":0,"max_hp_gain":0,"max_hp_loss":0,"event_name":"Liars Game","floor":6,"gold_loss":0},{"damage_healed":0,"gold_gain":0,"player_choice":"Traded Relic","damage_taken":0,"relics_obtained":["Nloth\u0027s Gift"],"max_hp_gain":0,"max_hp_loss":0,"event_name":"N\u0027loth","floor":22,"relics_lost":["Ornamental Fan"],"gold_loss":0}],"is_beta":false,"boss_relics":[{"not_picked":["White Beast Statue","Snecko Eye"],"picked":"Mark of Pain"}],"items_purged_floors":[21],"is_endless":false,"potions_floor_spawned":[1,3,4,20,29,30,31],"killed_by":"Champ","ascension_level":12}