{"gold_per_floor":[112,112,112,62,76,107,107,127,127,143,143,163,174,508,508,612,612,625,625,725,741,46,46,73,73,99,0,0,0,35,55,55,155,155,169,216,216,186,199,232,246,256,256,283,293,325,325,182,182,182,182,182,5,39,39],"floor_reached":55,"playtime":4719,"items_purged":["Doubt"],"score":1141,"play_id":"5679b104-0dab-4a23-a0ca-cb388c158c9b","local_time":"20181229165807","is_ascension_mode":true,"campfire_choices":[{"data":"Ghostly Armor","floor":7,"key":"SMITH"},{"data":"Uppercut","floor":15,"key":"SMITH"},{"floor":23,"key":"REST"},{"floor":25,"key":"REST"},{"data":"Exhume","floor":29,"key":"SMITH"},{"floor":32,"key":"REST"},{"floor":49,"key":"RECALL"},{"data":"Double Tap","floor":52,"key":"SMITH"}],"neow_cost":"NONE","seed_source_timestamp":53026676681028,"circlet_count":0,"master_deck":["Bash","Ghostly Armor+1","Carnage","Feed","Inflame+1","True Grit","Power Through","Havoc","Uppercut+1","Reaper","Spot Weakness","Combust","Double Tap","Shrug It Off","Havoc","Exhume+1","Dropkick","Sword Boomerang","Heavy Blade","Seeing Red","Clothesline+1","Headbutt","Twin Strike+1","Battle Trance+1","Offering","Feed","Headbutt","Combust+1","Bandage Up","Secret Weapon","Good Instincts","Flex+1","Shockwave+1","Feel No Pain+1","Heavy Blade","Flex+1","Havoc+1","Shrug It Off+1","Sword Boomerang","Sword Boomerang+1","Flex+1","Double Tap+1","Finesse","Chrysalis","Shrug It Off+1"],"relics":["Burning Blood","NeowsBlessing","Gambling Chip","Self Forming Clay","Old Coin","Pandora\u0027s Box","Bird Faced Urn","Ornamental Fan","Toolbox","Mummified Hand","Anchor","Dream Catcher","MutagenicStrength","Mango","Cursed Key","Prayer Wheel","Shuriken","Smiling Mask","Pantograph","Gremlin Horn","Lantern"],"potions_floor_usage":[14,16,18,20,20,27,42,54,55,55],"damage_taken":[{"damage":0,"enemies":"Jaw Worm","floor":1,"turns":1},{"damage":0,"enemies":"Small Slimes","floor":5,"turns":1},{"damage":0,"enemies":"3 Sentries","floor":6,"turns":2},{"damage":0,"enemies":"2 Louse","floor":8,"turns":2},{"damage":0,"enemies":"Exordium Wildlife","floor":10,"turns":3},{"damage":1,"enemies":"Looter","floor":12,"turns":4},{"damage":0,"enemies":"Large Slime","floor":13,"turns":6},{"damage":16,"enemies":"Gremlin Nob","floor":14,"turns":4},{"damage":38,"enemies":"The Guardian","floor":16,"turns":13},{"damage":27,"enemies":"Shell Parasite","floor":18,"turns":11},{"damage":30,"enemies":"Colosseum Slavers","floor":20,"turns":6},{"damage":81,"enemies":"Colosseum Nobs","floor":20,"turns":7},{"damage":17,"enemies":"Chosen","floor":21,"turns":6},{"damage":46,"enemies":"Book of Stabbing","floor":24,"turns":6},{"damage":64,"enemies":"Slavers","floor":30,"turns":6},{"damage":7,"enemies":"Snake Plant","floor":31,"turns":3},{"damage":71,"enemies":"Champ","floor":33,"turns":7},{"damage":6,"enemies":"Orb Walker","floor":35,"turns":2},{"damage":19,"enemies":"2 Orb Walkers","floor":36,"turns":3},{"damage":13,"enemies":"3 Darklings","floor":39,"turns":4},{"damage":40,"enemies":"Reptomancer","floor":40,"turns":4},{"damage":8,"enemies":"4 Shapes","floor":41,"turns":3},{"damage":35,"enemies":"Spire Growth","floor":42,"turns":4},{"damage":4,"enemies":"Nemesis","floor":44,"turns":5},{"damage":16,"enemies":"3 Darklings","floor":45,"turns":4},{"damage":38,"enemies":"Reptomancer","floor":46,"turns":4},{"damage":63,"enemies":"Donu and Deca","floor":50,"turns":7},{"damage":37,"enemies":"Shield and Spear","floor":54,"turns":6},{"damage":146,"enemies":"The Heart","floor":55,"turns":9}],"seed_played":"6314958476588829085","potions_obtained":[{"floor":1,"key":"Block Potion"},{"floor":12,"key":"LiquidBronze"},{"floor":13,"key":"Poison Potion"},{"floor":14,"key":"Strength Potion"},{"floor":18,"key":"Swift Potion"},{"floor":31,"key":"FearPotion"},{"floor":38,"key":"Dexterity Potion"},{"floor":38,"key":"Regen Potion"},{"floor":42,"key":"Block Potion"},{"floor":46,"key":"AttackPotion"}],"is_trial":false,"path_per_floor":["M","?","?","?","M","E","R","M","T","M","?","M","M","E","R","B",null,"M","?","?","M","$","R","E","R","T","$","?","R","E","M","R","B",null,"M","?","?","?","M","E","M","M","T","E","M","E","?","$","R","B",null,"R","$","E","B"],"character_chosen":"IRONCLAD","items_purchased":["Toolbox","Mummified Hand","Anchor","Seeing Red","Fruit Juice","Finesse","Chrysalis"],"campfire_rested":3,"item_purchase_floors":[22,22,22,22,27,48,53],"current_hp_per_floor":[80,80,85,85,85,85,85,88,88,91,73,78,87,77,77,48,85,73,73,8,8,8,38,25,55,55,60,60,60,62,61,97,46,103,103,107,97,97,110,96,105,86,86,103,109,98,98,98,98,132,135,135,135,113,0],"gold":39,"neow_bonus":"THREE_ENEMY_KILL","is_prod":false,"is_daily":false,"chose_seed":false,"campfire_upgraded":4,"win_rate":0,"timestamp":1546120687,"path_taken":["M","?","?","?","?","E","R","M","T","M","?","M","M","E","R","BOSS","M","?","?","M","$","R","E","R","T","?","?","R","E","M","R","BOSS","M","?","?","?","M","E","?","M","T","E","M","E","?","$","R","BOSS","R","$","E","BOSS"],"build_version":"2018-12-20","purchased_purges":1,"victory":false,"max_hp_per_floor":[80,80,85,85,85,85,85,88,88,91,91,91,94,94,94,97,97,97,97,100,100,100,100,103,103,103,108,108,108,122,122,122,122,122,122,125,125,125,125,128,131,134,134,137,137,140,133,133,133,136,136,136,136,136,136],"card_choices":[{"not_picked":["Clothesline","Wild Strike"],"picked":"Ghostly Armor","floor":1},{"not_picked":["Perfected Strike","Clothesline"],"picked":"Carnage","floor":5},{"not_picked":["Anger","Thunderclap"],"picked":"Feed","floor":6},{"not_picked":["Clash","Carnage"],"picked":"Inflame","floor":8},{"not_picked":["Perfected Strike","Armaments"],"picked":"True Grit","floor":10},{"not_picked":["Wild Strike","Clash"],"picked":"Power Through","floor":12},{"not_picked":["Dropkick","Sever Soul"],"picked":"Havoc","floor":13},{"not_picked":["Wild Strike","Corruption"],"picked":"Uppercut","floor":14},{"not_picked":["Juggernaut","Offering"],"picked":"Reaper","floor":16},{"not_picked":["Whirlwind","Twin Strike"],"picked":"Dropkick","floor":18},{"not_picked":["Warcry","Pommel Strike"],"picked":"Sword Boomerang","floor":20},{"not_picked":["Evolve+1","Perfected Strike"],"picked":"Heavy Blade","floor":21},{"not_picked":["Perfected Strike","Burning Pact+1"],"picked":"Clothesline+1","floor":24},{"not_picked":["Body Slam","Anger"],"picked":"Headbutt","floor":25},{"not_picked":["Second Wind","Corruption+1"],"picked":"Twin Strike+1","floor":30},{"not_picked":["Iron Wave","True Grit"],"picked":"Battle Trance+1","floor":31},{"not_picked":["Twin Strike","Power Through"],"picked":"Offering","floor":32},{"not_picked":["Juggernaut","Brutality"],"picked":"Feed","floor":33},{"not_picked":["Iron Wave+1","Wild Strike+1"],"picked":"Headbutt","floor":35},{"not_picked":["Flex","Headbutt"],"picked":"Combust+1","floor":36},{"not_picked":["Finesse","Panacea"],"picked":"Bandage Up","floor":37},{"not_picked":["Finesse","Good Instincts"],"picked":"Secret Weapon","floor":37},{"not_picked":["Trip","Madness"],"picked":"Good Instincts","floor":37},{"not_picked":["Clash","Armaments"],"picked":"Flex+1","floor":39},{"not_picked":["Uppercut","Dual Wield"],"picked":"Shockwave+1","floor":39},{"not_picked":["Clash","Carnage"],"picked":"Feel No Pain+1","floor":40},{"not_picked":["Sword Boomerang","Dual Wield"],"picked":"Heavy Blade","floor":41},{"not_picked":["Twin Strike","Heavy Blade"],"picked":"Flex+1","floor":41},{"not_picked":["Pommel Strike","Spot Weakness"],"picked":"Havoc+1","floor":42},{"not_picked":["Armaments","Bludgeon"],"picked":"Shrug It Off+1","floor":42},{"not_picked":["Power Through+1","Second Wind+1"],"picked":"Sword Boomerang","floor":44},{"not_picked":["Flex+1","Shrug It Off"],"picked":"Sword Boomerang+1","floor":45},{"not_picked":["Sword Boomerang","True Grit"],"picked":"Flex+1","floor":45},{"not_picked":["Whirlwind","Rampage"],"picked":"Double Tap","floor":46},{"not_picked":["Blood for Blood","Sword Boomerang+1"],"picked":"Shrug It Off+1","floor":54}],"player_experience":265208,"relics_obtained":[{"floor":6,"key":"Gambling Chip"},{"floor":9,"key":"Self Forming Clay"},{"floor":14,"key":"Old Coin"},{"floor":20,"key":"Bird Faced Urn"},{"floor":20,"key":"Ornamental Fan"},{"floor":24,"key":"Dream Catcher"},{"floor":30,"key":"Mango"},{"floor":36,"key":"Prayer Wheel"},{"floor":40,"key":"Shuriken"},{"floor":43,"key":"Smiling Mask"},{"floor":44,"key":"Pantograph"},{"floor":46,"key":"Gremlin Horn"},{"floor":54,"key":"Lantern"}],"event_choices":[{"cards_removed":["Defend_R"],"damage_healed":0,"gold_gain":0,"player_choice":"Forget","damage_taken":0,"max_hp_gain":0,"max_hp_loss":0,"event_name":"Living Wall","floor":2,"gold_loss":0},{"damage_healed":0,"gold_gain":0,"player_choice":"Donut","damage_taken":0,"max_hp_gain":5,"max_hp_loss":0,"event_name":"Big Fish","floor":3,"gold_loss":0},{"cards_removed":["Strike_R"],"damage_healed":0,"gold_gain":0,"player_choice":"Card Removal","damage_taken":0,"max_hp_gain":0,"max_hp_loss":0,"event_name":"The Cleric","floor":4,"gold_loss":50},{"damage_healed":0,"gold_gain":0,"player_choice":"Entered Light","damage_taken":18,"max_hp_gain":0,"max_hp_loss":0,"event_name":"Shining Light","floor":11,"gold_loss":0,"cards_upgraded":["Strike_R","Inflame"]},{"cards_removed":["Searing Blow"],"damage_healed":0,"gold_gain":0,"player_choice":"Elegance","damage_taken":0,"max_hp_gain":0,"max_hp_loss":0,"event_name":"Back to Basics","floor":19,"gold_loss":0},{"damage_healed":0,"gold_gain":0,"player_choice":"Fight","damage_taken":0,"max_hp_gain":0,"max_hp_loss":0,"event_name":"Colosseum","floor":20,"gold_loss":0},{"damage_healed":0,"gold_gain":0,"player_choice":"Fought Nobs","damage_taken":0,"max_hp_gain":0,"max_hp_loss":0,"event_name":"Colosseum","floor":20,"gold_loss":0},{"damage_healed":0,"gold_gain":0,"player_choice":"Inject Mutagens","damage_taken":0,"relics_obtained":["MutagenicStrength"],"max_hp_gain":0,"max_hp_loss":0,"event_name":"Drug Dealer","floor":28,"gold_loss":0},{"damage_healed":0,"gold_gain":0,"player_choice":"Fight","damage_taken":0,"max_hp_gain":0,"max_hp_loss":0,"event_name":"Mysterious Sphere","floor":36,"gold_loss":0},{"damage_healed":0,"gold_gain":0,"player_choice":"Memory 3","damage_taken":10,"max_hp_gain":0,"max_hp_loss":0,"event_name":"SensoryStone","floor":37,"gold_loss":0},{"damage_healed":0,"gold_gain":0,"player_choice":"Bought 2 Potions","damage_taken":0,"max_hp_gain":0,"max_hp_loss":0,"event_name":"The Woman in Blue","floor":38,"gold_loss":0},{"damage_healed":0,"gold_gain":0,"player_choice":"Max HP","damage_taken":0,"max_hp_gain":0,"max_hp_loss":7,"event_name":"Winding Halls","floor":47,"gold_loss":0}],"is_beta":false,"boss_relics":[{"not_picked":["Black Blood","Mark of Pain"],"picked":"Pandora\u0027s Box"},{"not_picked":["Calling Bell","Fusion Hammer"],"picked":"Cursed Key"}],"items_purged_floors":[48],"is_endless":false,"potions_floor_spawned":[1,12,13,14,18,20,31,39,42,45,46],"killed_by":"The Heart","ascension_level":5}