{"gold_per_floor":[119,135,155,165,182,182,211,222,222,222,242,258,289,24,24,24],"floor_reached":16,"playtime":1436,"items_purged":["Strike_G"],"score":116,"play_id":"2e2eaf4e-96ff-4004-9105-cfcee7c46827","local_time":"20180701192702","is_ascension_mode":false,"campfire_choices":[{"data":"Quick Slash","floor":6,"key":"SMITH"},{"data":"Quick Slash","floor":15,"key":"SMITH"}],"neow_cost":"","seed_source_timestamp":759233762547265,"circlet_count":0,"master_deck":["Defend_G","Defend_G","Defend_G","Defend_G","Defend_G","Strike_G","Strike_G","Strike_G","Strike_G","Survivor","Neutralize","Poisoned Stab","Quick Slash+1","Flying Knee","Slice","Dagger Throw","Underhanded Strike","Quick Slash+1","Noxious Fumes","Dagger Throw","Bane"],"relics":["Ring of the Snake","Gambling Chip","Matryoshka","SsserpentHead","Mummified Hand","Molten Egg 2"],"potions_floor_usage":[12,13,16],"damage_taken":[{"damage":0,"enemies":"Small Slimes","floor":1,"turns":3},{"damage":0,"enemies":"Cultist","floor":2,"turns":4},{"damage":0,"enemies":"2 Louse","floor":3,"turns":3},{"damage":4,"enemies":"Exordium Thugs","floor":4,"turns":4},{"damage":0,"enemies":"Large Slime","floor":5,"turns":5},{"damage":17,"enemies":"Gremlin Nob","floor":7,"turns":4},{"damage":0,"enemies":"Lots of Slimes","floor":8,"turns":4},{"damage":0,"enemies":"3 Louse","floor":11,"turns":2},{"damage":0,"enemies":"Exordium Thugs","floor":12,"turns":2},{"damage":8,"enemies":"Lagavulin","floor":13,"turns":5},{"damage":45,"enemies":"The Guardian","floor":16,"turns":7}],"seed_played":"3877219433718370348","potions_obtained":[{"floor":3,"key":"Ancient Potion"},{"floor":4,"key":"Swift Potion"},{"floor":7,"key":"Fire Potion"},{"floor":12,"key":"SpeedPotion"}],"is_trial":false,"path_per_floor":["M","M","M","M","M","R","E","M","T","?","M","M","E","$","R"],"character_chosen":"THE_SILENT","items_purchased":["Molten Egg 2"],"campfire_rested":0,"item_purchase_floors":[14],"current_hp_per_floor":[70,70,70,66,66,66,49,49,49,49,49,49,41,41,41,0],"gold":24,"neow_bonus":"","is_prod":false,"is_daily":false,"chose_seed":false,"campfire_upgraded":2,"win_rate":0.0,"timestamp":1530469622,"path_taken":["M","M","M","M","M","R","E","M","T","?","M","M","E","?","R","BOSS"],"build_version":"2018-06-29","purchased_purges":1,"victory":false,"max_hp_per_floor":[70,70,70,70,70,70,70,70,70,70,70,70,70,70,70,70],"card_choices":[{"not_picked":["Dagger Spray","Deflect"],"picked":"Poisoned Stab","floor":1},{"not_picked":["Dagger Spray","Flechettes"],"picked":"Quick Slash","floor":2},{"not_picked":["PiercingWail","Backflip"],"picked":"Flying Knee","floor":3},{"not_picked":["Phantasmal Killer","Blur"],"picked":"Slice","floor":4},{"not_picked":["Cloak And Dagger","Endless Agony"],"picked":"Dagger Throw","floor":5},{"not_picked":["Endless Agony","Slice"],"picked":"Underhanded Strike","floor":7},{"not_picked":["Escape Plan","Predator"],"picked":"Quick Slash","floor":8},{"not_picked":["Outmaneuver","Infinite Blades"],"picked":"Noxious Fumes","floor":11},{"not_picked":["Heel Hook","Outmaneuver"],"picked":"Dagger Throw","floor":12},{"not_picked":["Finisher","Cloak And Dagger"],"picked":"Bane","floor":13}],"player_experience":25829,"relics_obtained":[{"floor":7,"key":"Gambling Chip"},{"floor":9,"key":"Matryoshka"},{"floor":13,"key":"Mummified Hand"}],"event_choices":[{"event_name":"FaceTrader","player_choice":"Trade","floor":10,"damage_taken":0}],"boss_relics":[],"items_purged_floors":[14],"is_endless":false,"potions_floor_spawned":[3,4,7,12],"killed_by":"The Guardian","ascension_level":0}