{"gold_per_floor":[114,126,89,39,58,22,49,224,224,255,336,349,375,400,400,496,496,511,527,10,25,25,59,59,85,137,153,172,172,203,221,221,316,316,330,341,355,355,62,126,126,157,157,157,31,131,148,180,180,180,180,180,30,58,58],"floor_reached":55,"playtime":4799,"items_purged":["Doubt"],"score":1154,"play_id":"90e9511e-9cae-438b-a4f3-c2cd46698327","local_time":"20190210210554","is_ascension_mode":true,"campfire_choices":[{"floor":15,"key":"REST"},{"floor":24,"key":"REST"},{"floor":32,"key":"REST"},{"floor":44,"key":"RECALL"},{"floor":49,"key":"REST"},{"floor":52,"key":"REST"}],"neow_cost":"NONE","seed_source_timestamp":1220533364167849,"circlet_count":0,"master_deck":["Defend_G","Defend_G","Defend_G","Defend_G","Defend_G","Strike_G","Strike_G","Strike_G","Strike_G","Survivor","Neutralize","Cloak And Dagger","Backstab","Footwork","Backflip","Predator","Prepared","Dagger Throw","Crippling Poison","Predator","Die Die Die","PiercingWail","PiercingWail+1","Panache","Flechettes+1","Caltrops+1","Tactician","Prepared+1","Endless Agony+1","Blade Dance","Glass Knife","Choke+1","Backstab","Escape Plan","Dagger Throw","PiercingWail","Madness","Madness","Infinite Blades","Blade Dance","Distraction+1","Deflect+1","Blur","Deflect+1"],"relics":["Ring of the Snake","NeowsBlessing","Dead Branch","Tough Bandages","Bottled Flame","Gremlin Horn","WingedGreaves","Strawberry","Philosopher\u0027s Stone","Toolbox","Blood Vial","Enchiridion","Regal Pillow","Shuriken","Happy Flower","Juzu Bracelet","Lizard Tail","Lee\u0027s Waffle","Tiny Chest","Omamori","Turnip","PreservedInsect","Bronze Scales","Du-Vu Doll"],"potions_floor_usage":[10,13,13,23,23,27,33,40,50,55],"damage_taken":[{"damage":0,"enemies":"Cultist","floor":1,"turns":1},{"damage":0,"enemies":"2 Louse","floor":2,"turns":1},{"damage":0,"enemies":"Jaw Worm","floor":5,"turns":1},{"damage":15,"enemies":"3 Sentries","floor":7,"turns":10},{"damage":47,"enemies":"Gremlin Nob","floor":10,"turns":6},{"damage":0,"enemies":"3 Louse","floor":12,"turns":2},{"damage":4,"enemies":"Lagavulin","floor":13,"turns":5},{"damage":31,"enemies":"Hexaghost","floor":16,"turns":16},{"damage":19,"enemies":"Shell Parasite","floor":18,"turns":7},{"damage":0,"enemies":"3 Byrds","floor":19,"turns":3},{"damage":0,"enemies":"Cultist and Chosen","floor":21,"turns":6},{"damage":0,"enemies":"Slavers","floor":23,"turns":4},{"damage":13,"enemies":"Book of Stabbing","floor":25,"turns":5},{"damage":2,"enemies":"Centurion and Healer","floor":27,"turns":3},{"damage":2,"enemies":"Snake Plant","floor":28,"turns":3},{"damage":0,"enemies":"Gremlin Leader","floor":30,"turns":3},{"damage":5,"enemies":"Snecko","floor":31,"turns":5},{"damage":17,"enemies":"Champ","floor":33,"turns":9},{"damage":0,"enemies":"Orb Walker","floor":35,"turns":2},{"damage":2,"enemies":"3 Darklings","floor":36,"turns":3},{"damage":55,"enemies":"Spire Growth","floor":37,"turns":5},{"damage":14,"enemies":"Nemesis","floor":40,"turns":5},{"damage":0,"enemies":"Giant Head","floor":42,"turns":5},{"damage":0,"enemies":"Mind Bloom Boss Battle","floor":46,"turns":5},{"damage":18,"enemies":"Maw","floor":47,"turns":6},{"damage":15,"enemies":"Nemesis","floor":48,"turns":5},{"damage":63,"enemies":"Donu and Deca","floor":50,"turns":5},{"damage":44,"enemies":"Shield and Spear","floor":54,"turns":3},{"damage":100,"enemies":"The Heart","floor":55,"turns":5}],"seed_played":"2344084272441875866","potions_obtained":[{"floor":1,"key":"Ancient Potion"},{"floor":5,"key":"FearPotion"},{"floor":7,"key":"EssenceOfSteel"},{"floor":13,"key":"Explosive Potion"},{"floor":16,"key":"AttackPotion"},{"floor":18,"key":"Strength Potion"},{"floor":28,"key":"Swift Potion"},{"floor":30,"key":"GamblersBrew"},{"floor":33,"key":"SpeedPotion"},{"floor":35,"key":"PowerPotion"},{"floor":42,"key":"SteroidPotion"},{"floor":47,"key":"EssenceOfSteel"},{"floor":48,"key":"LiquidBronze"}],"is_trial":false,"path_per_floor":["M","M","$","?","M","$","E","?","T","E","T","M","E","T","R","B",null,"M","M","$","M","?","E","R","E","T","M","M","?","E","M","R","B",null,"M","M","M","?","$","E","?","E","T","R","$","?","M","E","R","B",null,"R","$","E","B"],"character_chosen":"THE_SILENT","items_purchased":["Footwork","Predator","Toolbox","Blood Vial","Panache","Lee\u0027s Waffle","Dagger Throw","FairyPotion","Blade Dance","Bronze Scales"],"campfire_rested":5,"item_purchase_floors":[3,6,20,20,20,39,39,45,45,53],"current_hp_per_floor":[70,70,70,70,70,70,55,55,55,8,8,8,4,11,34,3,59,40,40,40,42,26,28,66,55,55,55,55,48,50,47,77,60,73,75,75,22,22,84,70,59,61,61,61,61,63,47,34,74,13,66,84,84,40,0],"gold":58,"neow_bonus":"THREE_ENEMY_KILL","is_prod":false,"is_daily":false,"chose_seed":false,"campfire_upgraded":0,"win_rate":0,"timestamp":1549850754,"path_taken":["M","?","$","?","M","?","E","?","T","E","?","M","E","?","R","BOSS","M","M","$","M","?","E","R","E","T","M","M","?","E","M","R","BOSS","M","M","M","?","$","E","?","E","T","R","$","?","M","E","R","BOSS","R","$","E","BOSS"],"build_version":"2019-01-23","purchased_purges":1,"victory":false,"max_hp_per_floor":[70,70,70,70,70,70,70,70,70,70,70,70,70,77,77,77,77,77,77,77,77,77,77,77,77,77,77,77,77,77,77,77,77,77,77,77,77,77,84,84,84,84,84,84,84,84,84,84,84,84,84,84,84,84,84],"card_choices":[{"not_picked":["Escape Plan","Bouncing Flask"],"picked":"Cloak And Dagger","floor":1},{"not_picked":["Eviscerate","Blade Dance"],"picked":"Backstab","floor":2},{"not_picked":["Underhanded Strike","Outmaneuver"],"picked":"Backflip","floor":5},{"not_picked":["Bane","Deadly Poison"],"picked":"Prepared","floor":7},{"not_picked":["Expertise","Slice"],"picked":"Dagger Throw","floor":10},{"not_picked":["Poisoned Stab","Sucker Punch"],"picked":"Crippling Poison","floor":12},{"not_picked":["Escape Plan","Sucker Punch"],"picked":"Predator","floor":13},{"not_picked":["Night Terror","Doppelganger"],"picked":"Die Die Die","floor":16},{"not_picked":["Poisoned Stab","Deadly Poison"],"picked":"PiercingWail","floor":18},{"not_picked":["Outmaneuver","Acrobatics"],"picked":"PiercingWail+1","floor":19},{"not_picked":["Quick Slash+1","Backflip"],"picked":"Deflect","floor":21},{"not_picked":["Quick Slash","Accuracy"],"picked":"Flechettes+1","floor":23},{"not_picked":["Acrobatics","Storm of Steel"],"picked":"Caltrops+1","floor":25},{"not_picked":["Dodge and Roll","Deadly Poison+1"],"picked":"Tactician","floor":27},{"not_picked":["Predator","Underhanded Strike"],"picked":"Prepared+1","floor":28},{"not_picked":["Grand Finale","Setup"],"picked":"Endless Agony+1","floor":30},{"not_picked":["Quick Slash+1","Blur"],"picked":"Blade Dance","floor":31},{"not_picked":["Die Die Die","Grand Finale"],"picked":"Glass Knife","floor":33},{"not_picked":["PiercingWail","Setup+1"],"picked":"Choke+1","floor":35},{"not_picked":["Quick Slash","Finisher"],"picked":"Backstab","floor":36},{"not_picked":["Dagger Throw","Backflip"],"picked":"Escape Plan","floor":37},{"not_picked":["Reflex+1","Catalyst"],"picked":"PiercingWail","floor":40},{"not_picked":["Unload","Slice"],"picked":"Infinite Blades","floor":42},{"not_picked":["Quick Slash","Outmaneuver+1"],"picked":"Distraction+1","floor":46},{"not_picked":["Underhanded Strike+1","Skewer"],"picked":"Deflect+1","floor":47},{"not_picked":["Riddle With Holes+1","Poisoned Stab+1"],"picked":"Blur","floor":48},{"not_picked":["Poisoned Stab","Bane+1"],"picked":"Deflect+1","floor":54}],"player_experience":438851,"relics_obtained":[{"floor":7,"key":"Dead Branch"},{"floor":9,"key":"Tough Bandages"},{"floor":10,"key":"Bottled Flame"},{"floor":11,"key":"Gremlin Horn"},{"floor":13,"key":"WingedGreaves"},{"floor":14,"key":"Strawberry"},{"floor":22,"key":"Enchiridion"},{"floor":23,"key":"Regal Pillow"},{"floor":25,"key":"Shuriken"},{"floor":26,"key":"Happy Flower"},{"floor":30,"key":"Juzu Bracelet"},{"floor":40,"key":"Tiny Chest"},{"floor":42,"key":"Omamori"},{"floor":46,"key":"Turnip"},{"floor":48,"key":"PreservedInsect"},{"floor":54,"key":"Du-Vu Doll"}],"event_choices":[{"cards_removed":["Strike_G"],"damage_healed":0,"gold_gain":0,"player_choice":"Card Removal","damage_taken":0,"max_hp_gain":0,"max_hp_loss":0,"event_name":"The Cleric","floor":4,"gold_loss":50},{"damage_healed":0,"gold_gain":175,"player_choice":"AGREE","damage_taken":0,"max_hp_gain":0,"max_hp_loss":0,"event_name":"Liars Game","floor":8,"gold_loss":0,"cards_obtained":["Doubt"]},{"damage_healed":0,"gold_gain":0,"player_choice":"Obtained Book","damage_taken":16,"max_hp_gain":0,"max_hp_loss":0,"event_name":"Cursed Tome","floor":22,"gold_loss":0},{"damage_healed":0,"gold_gain":0,"player_choice":"Damaged","damage_taken":7,"max_hp_gain":0,"max_hp_loss":0,"event_name":"Wheel of Change","floor":29,"gold_loss":0},{"cards_removed":["Deflect"],"damage_healed":0,"gold_gain":0,"player_choice":"Removed Skill","damage_taken":0,"max_hp_gain":0,"max_hp_loss":0,"event_name":"Falling","floor":38,"gold_loss":0},{"damage_healed":0,"gold_gain":0,"player_choice":"Embrace Madness","damage_taken":11,"max_hp_gain":0,"max_hp_loss":0,"event_name":"Winding Halls","floor":41,"gold_loss":0,"cards_obtained":["Madness","Madness"]},{"damage_healed":0,"gold_gain":0,"player_choice":"Fight","damage_taken":0,"max_hp_gain":0,"max_hp_loss":0,"event_name":"MindBloom","floor":46,"gold_loss":0}],"is_beta":false,"boss_relics":[{"not_picked":["Ring of the Serpent","Calling Bell"],"picked":"Philosopher\u0027s Stone"},{"not_picked":["Black Star","White Beast Statue"],"picked":"Lizard Tail"}],"items_purged_floors":[39],"is_endless":false,"potions_floor_spawned":[1,5,7,13,16,18,19,28,30,33,35,42,47,48],"killed_by":"The Heart","ascension_level":5}