{"gold_per_floor":[118,133,150,166,177,206,223,249,249,265,265,340,360,370,370,472,522,536,33,33,33,33,33],"floor_reached":23,"playtime":2254,"items_purged":[],"score":265,"play_id":"d9c35179-4b8e-40cd-b14c-a2744926d2b0","local_time":"20181227014433","is_ascension_mode":true,"campfire_choices":[{"floor":11,"key":"REST"},{"floor":15,"key":"REST"}],"neow_cost":"NONE","seed_source_timestamp":548758699131441,"circlet_count":0,"master_deck":["Defend_G","Defend_G","Defend_G","Defend_G","Defend_G","Strike_G","Strike_G","Strike_G","Strike_G+1","Strike_G","Survivor","Neutralize","Poisoned Stab","Deadly Poison","Bane","Backflip","Underhanded Strike","Eviscerate","Die Die Die","Prepared","Flying Knee","Heel Hook","All Out Attack","Dagger Throw","Adrenaline","Crippling Poison","Tactician","Footwork","Mind Blast","RitualDagger","Writhe","Ghostly","Ghostly","Ghostly","Ghostly","Ghostly"],"relics":["Ring of the Snake","Shovel","Bottled Lightning","Matryoshka","Tiny House","Pantograph","Pen Nib"],"potions_floor_usage":[6,6,14,14,16,18,18,23,23],"damage_taken":[{"damage":0,"enemies":"Cultist","floor":1,"turns":3},{"damage":7,"enemies":"2 Louse","floor":2,"turns":4},{"damage":0,"enemies":"Small Slimes","floor":3,"turns":3},{"damage":13,"enemies":"3 Louse","floor":4,"turns":4},{"damage":7,"enemies":"Large Slime","floor":5,"turns":6},{"damage":4,"enemies":"Gremlin Nob","floor":6,"turns":4},{"damage":5,"enemies":"Looter","floor":7,"turns":3},{"damage":22,"enemies":"3 Sentries","floor":8,"turns":9},{"damage":0,"enemies":"Red Slaver","floor":10,"turns":4},{"damage":7,"enemies":"Blue Slaver","floor":13,"turns":3},{"damage":8,"enemies":"Exordium Thugs","floor":14,"turns":3},{"damage":24,"enemies":"Hexaghost","floor":16,"turns":10},{"damage":7,"enemies":"2 Thieves","floor":18,"turns":3},{"damage":44,"enemies":"Gremlin Leader","floor":23,"turns":9}],"seed_played":"3940570096010892711","potions_obtained":[{"floor":4,"key":"FearPotion"},{"floor":5,"key":"GhostInAJar"},{"floor":8,"key":"Fire Potion"},{"floor":13,"key":"PowerPotion"},{"floor":14,"key":"SteroidPotion"},{"floor":16,"key":"FearPotion"},{"floor":17,"key":"SkillPotion"},{"floor":18,"key":"Weak Potion"}],"is_trial":false,"path_per_floor":["M","M","M","M","M","E","M","E","T","M","R","?","M","M","R","B",null,"M","$","?","?","?","E"],"character_chosen":"THE_SILENT","items_purchased":["Footwork","Pantograph","Mind Blast","GhostInAJar"],"campfire_rested":2,"item_purchase_floors":[19,19,19,19],"current_hp_per_floor":[70,63,63,50,43,39,34,12,12,12,33,26,19,11,32,8,75,68,68,62,62,37,0],"gold":33,"neow_bonus":"THREE_CARDS","is_prod":false,"is_daily":false,"chose_seed":false,"campfire_upgraded":0,"win_rate":0,"timestamp":1545893073,"path_taken":["M","M","M","M","?","E","M","E","T","M","R","?","M","M","R","BOSS","M","$","?","?","?","E"],"build_version":"2018-12-20","purchased_purges":0,"victory":false,"max_hp_per_floor":[70,70,70,70,70,70,70,70,70,70,70,70,70,70,70,70,75,75,75,75,75,37,37],"card_choices":[{"not_picked":["PiercingWail","Blade Dance"],"picked":"Poisoned Stab","floor":0},{"not_picked":["Acrobatics","Expertise"],"picked":"Deadly Poison","floor":1},{"not_picked":["Blade Dance","Dash"],"picked":"Bane","floor":2},{"not_picked":["Deflect","Dodge and Roll"],"picked":"Backflip","floor":3},{"not_picked":["Slice","Deflect"],"picked":"Underhanded Strike","floor":4},{"not_picked":["Acrobatics","Dodge and Roll"],"picked":"Eviscerate","floor":5},{"not_picked":["Flying Knee","Setup"],"picked":"Die Die Die","floor":6},{"not_picked":["Acrobatics","Calculated Gamble"],"picked":"Prepared","floor":7},{"not_picked":["Dash","Bane"],"picked":"Flying Knee","floor":8},{"not_picked":["Dodge and Roll","Venomology"],"picked":"Heel Hook","floor":10},{"not_picked":["Eviscerate","Concentrate"],"picked":"All Out Attack","floor":13},{"not_picked":["Prepared","Poisoned Stab"],"picked":"Dagger Throw","floor":14},{"not_picked":["Tools of the Trade","Die Die Die"],"picked":"Adrenaline","floor":16},{"not_picked":["Endless Agony","Bane"],"picked":"Crippling Poison","floor":17},{"not_picked":["Finisher","Accuracy"],"picked":"Tactician","floor":18}],"player_experience":199111,"relics_obtained":[{"floor":6,"key":"Shovel"},{"floor":8,"key":"Bottled Lightning"},{"floor":9,"key":"Matryoshka"}],"event_choices":[{"damage_healed":0,"gold_gain":75,"player_choice":"Touch","damage_taken":7,"max_hp_gain":0,"max_hp_loss":0,"event_name":"FaceTrader","floor":12,"gold_loss":0},{"damage_healed":0,"gold_gain":0,"player_choice":"Joined the Cult","damage_taken":6,"max_hp_gain":0,"max_hp_loss":0,"event_name":"Nest","floor":20,"gold_loss":0,"cards_obtained":["RitualDagger"]},{"damage_healed":0,"gold_gain":0,"player_choice":"Opened","damage_taken":0,"relics_obtained":["Pen Nib"],"max_hp_gain":0,"max_hp_loss":0,"event_name":"The Mausoleum","floor":21,"gold_loss":0,"cards_obtained":["Writhe"]},{"damage_healed":0,"gold_gain":0,"player_choice":"Became a Ghost","damage_taken":0,"max_hp_gain":0,"max_hp_loss":38,"event_name":"Ghosts","floor":22,"gold_loss":0,"cards_obtained":["Ghostly","Ghostly","Ghostly","Ghostly","Ghostly"]}],"is_beta":false,"boss_relics":[{"not_picked":["Empty Cage","Cursed Key"],"picked":"Tiny House"}],"items_purged_floors":[],"is_endless":false,"potions_floor_spawned":[4,5,8,13,14,16,18],"killed_by":"Gremlin Leader","ascension_level":1}