{"gold_per_floor":[113,288,288,68,83,115,127,127,198,213,238,238,266,280,280,375,375,387,187,168,168,45,45,45],"floor_reached":24,"playtime":1584,"items_purged":["Strike_R"],"score":311,"play_id":"32ee9576-6304-46a5-b9e3-b6c9c2fe1472","local_time":"20181231170827","is_ascension_mode":true,"campfire_choices":[{"data":"The Bomb","floor":12,"key":"SMITH"},{"data":"Infernal Blade","floor":15,"key":"SMITH"},{"data":"Havoc","floor":23,"key":"SMITH"}],"neow_cost":"NONE","seed_source_timestamp":171705029497317,"circlet_count":0,"master_deck":["Strike_R","Strike_R","Defend_R","Defend_R","Defend_R+1","Bash","Spot Weakness","The Bomb+1","Clothesline","Intimidate+1","Shrug It Off","Infernal Blade+1","Inflame","Pommel Strike","Clothesline","Feed","Double Tap+1","Impervious+1","Feel No Pain+1","Pommel Strike","Bandage Up","True Grit","Havoc+1","Headbutt","Havoc+1"],"relics":["Burning Blood","NeowsBlessing","Blood Vial","Meat on the Bone","Matryoshka","Gambling Chip","Astrolabe"],"potions_floor_usage":[11,11,11,14,14,24],"damage_taken":[{"damage":0,"enemies":"Jaw Worm","floor":1,"turns":1},{"damage":0,"enemies":"Small Slimes","floor":5,"turns":1},{"damage":0,"enemies":"Gremlin Nob","floor":6,"turns":1},{"damage":2,"enemies":"Cultist","floor":7,"turns":4},{"damage":6,"enemies":"2 Fungi Beasts","floor":10,"turns":4},{"damage":19,"enemies":"3 Sentries","floor":11,"turns":6},{"damage":25,"enemies":"Lagavulin","floor":13,"turns":8},{"damage":18,"enemies":"3 Louse","floor":14,"turns":5},{"damage":52,"enemies":"Hexaghost","floor":16,"turns":11},{"damage":0,"enemies":"3 Byrds","floor":18,"turns":3},{"damage":17,"enemies":"2 Thieves","floor":20,"turns":4},{"damage":80,"enemies":"Book of Stabbing","floor":24,"turns":6}],"seed_played":"-5763320456463762658","potions_obtained":[{"floor":1,"key":"AttackPotion"},{"floor":6,"key":"BloodPotion"},{"floor":11,"key":"GamblersBrew"},{"floor":13,"key":"Regen Potion"},{"floor":18,"key":"GamblersBrew"},{"floor":20,"key":"SpeedPotion"}],"is_trial":false,"path_per_floor":["M","?","?","$","M","E","M","?","T","M","E","R","E","M","R","B",null,"M","$","M","?","$","R","E"],"character_chosen":"IRONCLAD","items_purchased":["The Bomb","Block Potion","Bandage Up","True Grit","Block Potion","Havoc","Havoc"],"campfire_rested":0,"item_purchase_floors":[4,4,19,19,19,19,22],"current_hp_per_floor":[78,78,71,71,77,80,80,64,64,66,63,63,58,63,63,31,68,76,76,74,74,74,74,0],"gold":45,"neow_bonus":"THREE_ENEMY_KILL","is_prod":false,"is_daily":false,"chose_seed":false,"campfire_upgraded":3,"win_rate":0,"timestamp":1546294107,"path_taken":["M","?","?","?","M","E","?","?","T","M","E","R","E","M","R","BOSS","M","$","M","?","?","R","E"],"build_version":"2018-12-20","purchased_purges":1,"victory":false,"max_hp_per_floor":[80,80,80,80,80,80,80,80,80,80,80,80,80,80,80,80,80,80,80,83,83,83,83,83],"card_choices":[{"not_picked":["Flex","Iron Wave"],"picked":"Spot Weakness","floor":1},{"not_picked":["Headbutt","Sword Boomerang"],"picked":"Clothesline","floor":5},{"not_picked":["Thunderclap","Twin Strike"],"picked":"Intimidate","floor":6},{"not_picked":["Entrench","Dual Wield"],"picked":"Shrug It Off","floor":7},{"not_picked":["Sword Boomerang","Headbutt"],"picked":"Infernal Blade","floor":10},{"not_picked":["Cleave","Bloodletting"],"picked":"Inflame","floor":11},{"not_picked":["Clash","Sever Soul"],"picked":"Pommel Strike","floor":13},{"not_picked":["Wild Strike","Body Slam"],"picked":"Clothesline","floor":14},{"not_picked":["Bludgeon","Impervious"],"picked":"Feed","floor":16},{"not_picked":["Wild Strike","Flex"],"picked":"Pommel Strike","floor":18},{"not_picked":["Searing Blow","Whirlwind"],"picked":"Headbutt","floor":20}],"player_experience":299052,"relics_obtained":[{"floor":6,"key":"Blood Vial"},{"floor":9,"key":"Meat on the Bone"},{"floor":11,"key":"Matryoshka"},{"floor":13,"key":"Gambling Chip"}],"event_choices":[{"damage_healed":0,"gold_gain":175,"player_choice":"AGREE","damage_taken":0,"max_hp_gain":0,"max_hp_loss":0,"event_name":"Liars Game","floor":2,"gold_loss":0,"cards_obtained":["Doubt"]},{"cards_removed":["Doubt"],"damage_healed":0,"gold_gain":0,"player_choice":"Card Removal","damage_taken":7,"max_hp_gain":0,"max_hp_loss":0,"event_name":"Golden Wing","floor":3,"gold_loss":0},{"damage_healed":0,"gold_gain":0,"player_choice":"Entered Light","damage_taken":16,"max_hp_gain":0,"max_hp_loss":0,"event_name":"Shining Light","floor":8,"gold_loss":0,"cards_upgraded":["Intimidate","Defend_R"]},{"damage_healed":0,"gold_gain":0,"player_choice":"Forge","damage_taken":0,"max_hp_gain":0,"max_hp_loss":0,"event_name":"Accursed Blacksmith","floor":21,"gold_loss":0,"cards_upgraded":["Havoc"]}],"is_beta":false,"boss_relics":[{"not_picked":["Cursed Key","Runic Cube"],"picked":"Astrolabe"}],"items_purged_floors":[22],"is_endless":false,"potions_floor_spawned":[1,6,11,13,18,20],"killed_by":"Book of Stabbing","ascension_level":6}