{"path_per_floor":["M","M","M","M","M","E","R","E","T","?","M","?","E","M","R","B",null,"M","M","M","$","M","R","E","R","T","?","?","T","?","M","R","B",null,"M","?","M","$","M","R","E","M","T","$","?","R","M","?","R"],"character_chosen":"THE_SILENT","items_purchased":["Strawberry","Sadistic Nature","Backflip"],"gold_per_floor":[115,126,142,155,166,198,198,225,225,225,239,239,271,284,284,388,388,399,409,419,17,36,36,64,64,64,64,64,64,64,75,75,177,177,193,193,206,58,71,71,97,115,115,115,115,115,131,0,0,0],"floor_reached":50,"campfire_rested":5,"playtime":5328,"item_purchase_floors":[21,21,38],"current_hp_per_floor":[66,56,56,54,48,34,55,45,45,45,40,40,29,27,48,7,70,57,39,31,38,32,55,30,30,30,30,30,30,30,26,49,11,77,63,63,50,50,26,49,32,9,9,9,87,87,86,86,86,0],"items_purged":["Defend_G","Strike_G"],"gold":0,"score":539,"play_id":"3e212f87-65c1-4d67-8a22-e2de3bc9af21","local_time":"20180622215625","is_prod":false,"is_daily":false,"chose_seed":false,"is_ascension_mode":false,"campfire_upgraded":3,"win_rate":0.0,"timestamp":1529700985,"campfire_choices":[{"floor":7,"key":"REST"},{"floor":15,"key":"REST"},{"floor":23,"key":"REST"},{"data":"Choke","floor":25,"key":"SMITH"},{"floor":32,"key":"REST"},{"floor":40,"key":"REST"},{"data":"Choke","floor":46,"key":"SMITH"},{"data":"Envenom","floor":49,"key":"SMITH"}],"path_taken":["M","M","M","M","M","E","R","E","T","?","M","?","E","M","R","BOSS","M","M","M","?","M","R","E","R","T","?","?","?","?","M","R","BOSS","M","?","M","$","M","R","E","M","T","$","?","R","M","?","R","BOSS"],"build_version":"2018-06-21","seed_source_timestamp":1030663435783253,"purchased_purges":2,"circlet_count":0,"victory":false,"master_deck":["Defend_G","Strike_G","Strike_G","Survivor","Neutralize","Caltrops","Slice","Flying Knee","Flying Knee","Expertise","Choke+1","Dagger Throw","Dagger Throw","Malaise","Slice","Envenom+1","Quick Slash","Well Laid Plans","Slice","Sadistic Nature","Prepared+1","Tools of the Trade","Choke+1","Predator","Reflex+1","Night Terror+1","Predator+1","Acrobatics+1","Choke+1","Backflip","Crippling Poison+1","Acrobatics+1","Prepared+1"],"max_hp_per_floor":[70,70,70,70,70,70,70,70,70,70,70,70,70,70,70,70,70,70,70,70,77,77,77,77,77,77,77,77,77,77,77,77,77,77,77,77,77,77,77,77,77,77,77,77,87,87,87,87,87,87],"special_seed":17704,"relics":["Ring of the Snake","Vajra","Mummified Hand","Ice Cream","Calipers","Lizard Tail","Strawberry","Ninja Scroll","Bottled Lightning","Letter Opener","Astrolabe","Incense Burner","Matryoshka","Red Mask"],"card_choices":[{"not_picked":["Quick Slash","Heel Hook"],"picked":"Caltrops","floor":1},{"not_picked":["Dagger Spray","Deflect"],"picked":"Slice","floor":2},{"not_picked":["Acrobatics","Choke"],"picked":"Flying Knee","floor":3},{"not_picked":["Dash","Underhanded Strike"],"picked":"Flying Knee","floor":4},{"not_picked":["Dodge and Roll","Bullet Time"],"picked":"Expertise","floor":5},{"not_picked":["Slice","Underhanded Strike"],"picked":"Choke","floor":6},{"not_picked":["Backflip","Acrobatics"],"picked":"Dagger Throw","floor":8},{"not_picked":["Underhanded Strike","Sucker Punch"],"picked":"Dagger Throw","floor":11},{"not_picked":["Masterful Stab","Bouncing Flask"],"picked":"Malaise","floor":13},{"not_picked":["Prepared","Outmaneuver"],"picked":"Slice","floor":14},{"not_picked":["Burst","Venomology"],"picked":"Envenom","floor":16},{"not_picked":["Malaise","Acrobatics"],"picked":"Quick Slash","floor":18},{"not_picked":["Slice+1","Finisher"],"picked":"Well Laid Plans","floor":19},{"not_picked":["Deadly Poison","Sucker Punch"],"picked":"Slice","floor":20},{"not_picked":["Sucker Punch","PiercingWail"],"picked":"Prepared+1","floor":22},{"not_picked":["Terror","Sucker Punch"],"picked":"Tools of the Trade","floor":24},{"not_picked":["Terror","Caltrops"],"picked":"Predator","floor":31},{"not_picked":["Envenom","Tools of the Trade"],"picked":"Doppelganger","floor":33},{"not_picked":["Noxious Fumes+1","Poisoned Stab"],"picked":"Acrobatics","floor":35},{"not_picked":["PiercingWail+1","Eviscerate"],"picked":"Choke","floor":37},{"not_picked":["Terror","Poisoned Stab+1"],"picked":"Crippling Poison+1","floor":39},{"not_picked":["Footwork+1","Slice"],"picked":"Acrobatics+1","floor":41},{"not_picked":["Dagger Throw","Poisoned Stab+1","Flechettes+1"],"picked":"SKIP","floor":42},{"not_picked":["Dodge and Roll","Slice+1"],"picked":"Prepared+1","floor":47}],"player_experience":6764,"potions_floor_usage":[11,13,20,31,33,33,39,41,50,50],"damage_taken":[{"damage":4,"enemies":"Jaw Worm","floor":1,"turns":4},{"damage":10,"enemies":"Cultist","floor":2,"turns":5},{"damage":0,"enemies":"Small Slimes","floor":3,"turns":4},{"damage":2,"enemies":"2 Fungi Beasts","floor":4,"turns":4},{"damage":6,"enemies":"Exordium Thugs","floor":5,"turns":5},{"damage":14,"enemies":"3 Sentries","floor":6,"turns":8},{"damage":10,"enemies":"Gremlin Nob","floor":8,"turns":4},{"damage":5,"enemies":"Exordium Wildlife","floor":11,"turns":4},{"damage":11,"enemies":"3 Sentries","floor":13,"turns":4},{"damage":2,"enemies":"Looter","floor":14,"turns":2},{"damage":41,"enemies":"Slime Boss","floor":16,"turns":10},{"damage":13,"enemies":"3 Byrds","floor":18,"turns":5},{"damage":18,"enemies":"2 Thieves","floor":19,"turns":4},{"damage":43,"enemies":"Slaver and Parasite","floor":20,"turns":5},{"damage":6,"enemies":"Snake Plant","floor":22,"turns":4},{"damage":25,"enemies":"Slavers","floor":24,"turns":4},{"damage":4,"enemies":"Snecko","floor":31,"turns":3},{"damage":38,"enemies":"Automaton","floor":33,"turns":4},{"damage":14,"enemies":"Orb Walker","floor":35,"turns":3},{"damage":13,"enemies":"3 Shapes","floor":37,"turns":3},{"damage":24,"enemies":"Sphere and 2 Shapes","floor":39,"turns":4},{"damage":17,"enemies":"Nemesis","floor":41,"turns":5},{"damage":23,"enemies":"4 Shapes","floor":42,"turns":4},{"damage":1,"enemies":"3 Darklings","floor":47,"turns":3},{"damage":88,"enemies":"Awakened One","floor":50,"turns":4}],"relics_obtained":[{"floor":6,"key":"Vajra"},{"floor":8,"key":"Mummified Hand"},{"floor":9,"key":"Ice Cream"},{"floor":13,"key":"Calipers"},{"floor":24,"key":"Ninja Scroll"},{"floor":26,"key":"Bottled Lightning"},{"floor":29,"key":"Letter Opener"},{"floor":41,"key":"Incense Burner"},{"floor":43,"key":"Matryoshka"}],"event_choices":[{"event_name":"Purifier","player_choice":"One Purge","floor":10,"damage_taken":0},{"event_name":"Living Wall","player_choice":"Forget","floor":12,"damage_taken":0},{"event_name":"Duplicator","player_choice":"One dupe","floor":27,"damage_taken":0},{"event_name":"Addict","player_choice":"Ignored","floor":28,"damage_taken":0},{"event_name":"Drug Dealer","player_choice":"Ignored","floor":30,"damage_taken":0},{"event_name":"Accursed Blacksmith","player_choice":"Forge","floor":36,"damage_taken":0},{"event_name":"Bonfire Elementals","player_choice":"RARE","floor":45,"damage_taken":0},{"event_name":"Tomb of Lord Red Mask","player_choice":"Paid","floor":48,"damage_taken":0}],"boss_relics":[{"not_picked":["Snecko Eye","Busted Crown"],"picked":"Lizard Tail"},{"not_picked":["Philosopher\u0027s Stone","Sozu"],"picked":"Astrolabe"}],"items_purged_floors":[21,38],"is_endless":false,"potions_floor_spawned":[1,3,8,14,16,18,19,20,31,33,35,47],"seed_played":"-667430577899635614","killed_by":"Awakened One","ascension_level":0,"potions_obtained":[{"floor":1,"key":"Block Potion"},{"floor":3,"key":"Dexterity Potion"},{"floor":8,"key":"Explosive Potion"},{"floor":14,"key":"SmokeBomb"},{"floor":16,"key":"SteroidPotion"},{"floor":18,"key":"PowerPotion"},{"floor":20,"key":"Poison Potion"},{"floor":31,"key":"Energy Potion"},{"floor":33,"key":"Poison Potion"},{"floor":35,"key":"AttackPotion"},{"floor":47,"key":"LiquidBronze"}],"is_trial":false}