{"gold_per_floor":[211,221,233,249,14,45,64,92,138,138,168,9,9,20,20,124,124,144,163,163,178,204,204],"floor_reached":23,"playtime":992,"items_purged":["Strike_R"],"score":325,"play_id":"40dd6f41-2038-49d9-b0a6-7427f968b2bc","local_time":"20191001182132","is_ascension_mode":true,"campfire_choices":[{"floor":10,"key":"REST"},{"floor":13,"key":"REST"},{"data":"Bludgeon","floor":15,"key":"SMITH"}],"neow_cost":"NONE","seed_source_timestamp":1210173094728800,"circlet_count":0,"master_deck":["AscendersBane","Strike_R","Defend_R","Defend_R","Defend_R","Defend_R","Bash","Shrug It Off","Twin Strike","Bludgeon+1","Headbutt","Flash of Steel","Corruption","Clothesline","Feel No Pain","Metallicize","Twin Strike","Immolate","Inflame","Armaments+1","Havoc"],"relics":["Burning Blood","Bronze Scales","Bag of Preparation","Pantograph","Empty Cage","Red Mask"],"potions_floor_usage":[6,8,14,16,19,22,22],"damage_taken":[{"damage":5,"enemies":"2 Louse","floor":1,"turns":3},{"damage":5,"enemies":"Jaw Worm","floor":2,"turns":5},{"damage":6,"enemies":"Small Slimes","floor":3,"turns":5},{"damage":2,"enemies":"2 Fungi Beasts","floor":4,"turns":3},{"damage":22,"enemies":"3 Sentries","floor":6,"turns":6},{"damage":3,"enemies":"Looter","floor":7,"turns":2},{"damage":67,"enemies":"Lagavulin","floor":8,"turns":7},{"damage":5,"enemies":"Lots of Slimes","floor":14,"turns":5},{"damage":34,"enemies":"Hexaghost","floor":16,"turns":9},{"damage":22,"enemies":"2 Thieves","floor":18,"turns":4},{"damage":2,"enemies":"Chosen","floor":19,"turns":4},{"damage":10,"enemies":"Snecko","floor":21,"turns":3},{"damage":49,"enemies":"Masked Bandits","floor":22,"turns":5},{"damage":22,"enemies":"Book of Stabbing","floor":23,"turns":4}],"seed_played":"2269135215972575632","potions_obtained":[{"floor":2,"key":"BloodPotion"},{"floor":3,"key":"Fire Potion"},{"floor":14,"key":"AttackPotion"},{"floor":16,"key":"Strength Potion"},{"floor":18,"key":"PowerPotion"},{"floor":21,"key":"Weak Potion"}],"is_trial":false,"path_per_floor":["M","M","M","M","$","E","M","E","T","R","?","$","R","M","R","B",null,"M","M","?","M","?","E"],"character_chosen":"IRONCLAD","items_purchased":["Bronze Scales","Flash of Steel","Metallicize","Fire Potion"],"campfire_rested":2,"item_purchase_floors":[5,5,12,12],"current_hp_per_floor":[73,74,74,78,78,62,65,24,24,48,48,48,72,73,73,52,73,57,61,61,57,14,0],"gold":204,"neow_bonus":"HUNDRED_GOLD","is_prod":false,"is_daily":false,"chose_seed":false,"campfire_upgraded":1,"win_rate":0,"timestamp":1569968492,"path_taken":["M","M","M","M","$","E","M","E","T","R","?","$","R","M","R","BOSS","M","M","?","M","?","E"],"build_version":"2019-07-17","purchased_purges":1,"victory":false,"max_hp_per_floor":[80,80,80,80,80,80,80,80,80,80,80,80,80,80,80,80,80,80,80,80,80,80,80],"card_choices":[{"not_picked":["Sword Boomerang","Cleave"],"picked":"Shrug It Off","floor":1},{"not_picked":["Ghostly Armor","Headbutt"],"picked":"Twin Strike","floor":2},{"not_picked":["Warcry","Thunderclap"],"picked":"Bludgeon","floor":3},{"not_picked":["Sword Boomerang","Thunderclap"],"picked":"Headbutt","floor":4},{"not_picked":["Pummel","Sentinel"],"picked":"Corruption","floor":6},{"not_picked":["Body Slam","Iron Wave"],"picked":"Clothesline","floor":7},{"not_picked":["Blood for Blood","Searing Blow"],"picked":"Feel No Pain","floor":8},{"not_picked":["Clothesline","Rampage"],"picked":"Twin Strike","floor":14},{"not_picked":["Dark Embrace","Juggernaut"],"picked":"Immolate","floor":16},{"not_picked":["Body Slam","Reckless Charge","Entrench"],"picked":"SKIP","floor":18},{"not_picked":["Warcry+1","Armaments"],"picked":"Inflame","floor":19},{"not_picked":["Warcry","Wild Strike"],"picked":"Armaments+1","floor":21},{"not_picked":["Warcry","Twin Strike"],"picked":"Havoc","floor":22}],"player_experience":761520,"relics_obtained":[{"floor":6,"key":"Bag of Preparation"},{"floor":8,"key":"Pantograph"},{"floor":22,"key":"Red Mask"}],"event_choices":[{"damage_healed":0,"gold_gain":30,"player_choice":"Searched \u00271\u0027 times","damage_taken":0,"max_hp_gain":0,"max_hp_loss":0,"event_name":"Dead Adventurer","floor":11,"gold_loss":0},{"cards_removed":["Strike_R"],"damage_healed":0,"gold_gain":0,"player_choice":"Elegance","damage_taken":0,"max_hp_gain":0,"max_hp_loss":0,"event_name":"Back to Basics","floor":20,"gold_loss":0},{"damage_healed":0,"gold_gain":0,"player_choice":"Fought Bandits","damage_taken":0,"max_hp_gain":0,"max_hp_loss":0,"event_name":"Masked Bandits","floor":22,"gold_loss":0}],"is_beta":false,"boss_relics":[{"not_picked":["Runic Cube","Runic Dome"],"picked":"Empty Cage"}],"items_purged_floors":[12],"is_endless":false,"potions_floor_spawned":[2,3,4,14,16,18,21],"killed_by":"Book of Stabbing","ascension_level":12}