{"gold_per_floor":[112,112,122,4,22,48,48,67,67,80,93,121,121,134,134,134],"floor_reached":16,"playtime":1306,"items_purged":[],"score":120,"play_id":"9753524f-b6d8-43db-8b7a-4d9f9155fb89","local_time":"20190112180309","is_ascension_mode":true,"campfire_choices":[{"floor":7,"key":"REST"},{"floor":13,"key":"REST"},{"data":"Distraction","floor":15,"key":"SMITH"}],"neow_cost":"NONE","seed_source_timestamp":344239475139026,"circlet_count":0,"master_deck":["Defend_G","Defend_G","Defend_G","Defend_G","Defend_G","Strike_G","Strike_G","Strike_G","Strike_G","Strike_G","Survivor","Neutralize","Backflip","Prepared","Caltrops","Dagger Throw","Backflip","Well Laid Plans","Sucker Punch","Distraction+1","Dagger Throw","Calculated Gamble","Backflip"],"relics":["White Beast Statue","PreservedInsect","Nunchaku"],"potions_floor_usage":[8,12,12,16],"damage_taken":[{"damage":2,"enemies":"Jaw Worm","floor":1,"turns":6},{"damage":5,"enemies":"Cultist","floor":3,"turns":5},{"damage":2,"enemies":"Small Slimes","floor":5,"turns":4},{"damage":23,"enemies":"3 Sentries","floor":6,"turns":12},{"damage":5,"enemies":"2 Fungi Beasts","floor":8,"turns":4},{"damage":4,"enemies":"Exordium Thugs","floor":10,"turns":6},{"damage":10,"enemies":"3 Louse","floor":11,"turns":4},{"damage":21,"enemies":"Lagavulin","floor":12,"turns":6},{"damage":4,"enemies":"Exordium Wildlife","floor":14,"turns":4},{"damage":62,"enemies":"Slime Boss","floor":16,"turns":9}],"seed_played":"1168769966029333183","potions_obtained":[{"floor":1,"key":"FearPotion"},{"floor":3,"key":"Poison Potion"},{"floor":5,"key":"SteroidPotion"},{"floor":6,"key":"SpeedPotion"},{"floor":8,"key":"SmokeBomb"},{"floor":10,"key":"Strength Potion"},{"floor":12,"key":"Regen Potion"},{"floor":14,"key":"Swift Potion"}],"is_trial":false,"path_per_floor":["M","?","M","$","M","E","R","M","T","M","M","E","R","M","R","B"],"character_chosen":"THE_SILENT","items_purchased":["Caltrops","Dagger Throw"],"campfire_rested":2,"item_purchase_floors":[4,4],"current_hp_per_floor":[68,68,63,63,61,38,59,54,54,50,40,19,40,36,36,0],"gold":134,"neow_bonus":"BOSS_RELIC","is_prod":false,"is_daily":false,"chose_seed":false,"campfire_upgraded":1,"win_rate":0,"timestamp":1547334189,"path_taken":["M","?","M","$","M","E","R","M","T","M","?","E","R","M","R","BOSS"],"build_version":"2019-01-10","purchased_purges":0,"victory":false,"max_hp_per_floor":[70,70,70,70,70,70,70,70,70,70,70,70,70,70,70,70],"card_choices":[{"not_picked":["Bane","Choke"],"picked":"Backflip","floor":1},{"not_picked":["Tactician","Outmaneuver"],"picked":"Prepared","floor":3},{"not_picked":["Deflect","Underhanded Strike"],"picked":"Backflip","floor":5},{"not_picked":["Quick Slash","Endless Agony"],"picked":"Well Laid Plans","floor":6},{"not_picked":["Slice","Masterful Stab"],"picked":"Sucker Punch","floor":8},{"not_picked":["Dagger Throw","Riddle With Holes"],"picked":"Distraction","floor":10},{"not_picked":["Slice","Dagger Spray"],"picked":"Dagger Throw","floor":11},{"not_picked":["Slice","Dagger Spray"],"picked":"Calculated Gamble","floor":12},{"not_picked":["Dagger Spray","Flechettes"],"picked":"Backflip","floor":14}],"player_experience":376205,"relics_obtained":[{"floor":6,"key":"PreservedInsect"},{"floor":12,"key":"Nunchaku"}],"event_choices":[{"damage_healed":0,"gold_gain":0,"player_choice":"Ignored","damage_taken":0,"max_hp_gain":0,"max_hp_loss":0,"event_name":"NoteForYourself","floor":2,"gold_loss":0}],"is_beta":false,"boss_relics":[],"items_purged_floors":[],"is_endless":false,"potions_floor_spawned":[1,3,5,6,8,10,11,12,14],"killed_by":"Slime Boss","ascension_level":1}