{"gold_per_floor":[113,127,127,139,154,188,188,215,238,238],"floor_reached":10,"playtime":567,"items_purged":[],"score":105,"play_id":"0c3ab987-823b-43e0-ba07-65c925dacb9f","local_time":"20190910170810","is_ascension_mode":true,"campfire_choices":[{"data":"Poisoned Stab","floor":7,"key":"SMITH"}],"neow_cost":"NONE","seed_source_timestamp":345589346527500,"circlet_count":0,"master_deck":["Strike_G","Strike_G","Strike_G","Strike_G","Strike_G","Defend_G","Defend_G","Defend_G","Defend_G","Defend_G","Survivor","Neutralize","PiercingWail","Poisoned Stab+1","Deflect","Underhanded Strike","PiercingWail","Backflip"],"relics":["Lizard Tail","Juzu Bracelet","PreservedInsect","Pen Nib","Bronze Scales"],"potions_floor_usage":[6,6,10],"damage_taken":[{"damage":0,"enemies":"2 Louse","floor":1,"turns":3},{"damage":16,"enemies":"Jaw Worm","floor":2,"turns":7},{"damage":0,"enemies":"Small Slimes","floor":4,"turns":3},{"damage":9,"enemies":"Red Slaver","floor":5,"turns":5},{"damage":22,"enemies":"Gremlin Nob","floor":6,"turns":4},{"damage":21,"enemies":"3 Sentries","floor":8,"turns":11},{"damage":16,"enemies":"Gremlin Nob","floor":10,"turns":3}],"seed_played":"8579386167061501969","potions_obtained":[{"floor":2,"key":"GamblersBrew"},{"floor":5,"key":"SteroidPotion"},{"floor":6,"key":"FearPotion"}],"is_trial":false,"path_per_floor":["M","M","?","M","M","E","R","E","T","E"],"character_chosen":"THE_SILENT","items_purchased":[],"campfire_rested":0,"item_purchase_floors":[],"current_hp_per_floor":[63,47,29,29,20,35,35,14,14,0],"gold":238,"neow_bonus":"BOSS_RELIC","is_prod":false,"is_daily":false,"chose_seed":false,"campfire_upgraded":1,"win_rate":0,"timestamp":1568149690,"path_taken":["M","M","?","M","M","E","R","E","T","E"],"build_version":"2019-07-17","purchased_purges":0,"victory":false,"max_hp_per_floor":[70,70,70,70,70,70,70,70,70,70],"card_choices":[{"not_picked":["Flying Knee","Acrobatics"],"picked":"PiercingWail","floor":1},{"not_picked":["Catalyst","Caltrops"],"picked":"Poisoned Stab","floor":2},{"not_picked":["Reflex","Quick Slash"],"picked":"Deflect","floor":4},{"not_picked":["Slice","Bane"],"picked":"Underhanded Strike","floor":5},{"not_picked":["Crippling Poison","Concentrate"],"picked":"PiercingWail","floor":6},{"not_picked":["Deflect","Well Laid Plans"],"picked":"Backflip","floor":8}],"player_experience":547008,"relics_obtained":[{"floor":6,"key":"PreservedInsect"},{"floor":8,"key":"Pen Nib"},{"floor":9,"key":"Bronze Scales"}],"event_choices":[{"damage_healed":0,"gold_gain":0,"player_choice":"Success","damage_taken":18,"relics_obtained":["Juzu Bracelet"],"max_hp_gain":0,"max_hp_loss":0,"event_name":"Scrap Ooze","floor":3,"gold_loss":0}],"is_beta":false,"boss_relics":[],"items_purged_floors":[],"is_endless":false,"potions_floor_spawned":[2,5,6],"killed_by":"Gremlin Nob","ascension_level":7}