{"gold_per_floor":[119,136,61,78,78,78,107,107,132,132,147,47,73,86,86,184,184,202,277,83,161,6,6,6,17,17,17,31,31,46,56,56,154,154,169,169,179,191,66,66,77,0,52,52,52,68,82,32,32,32],"floor_reached":51,"playtime":2070,"items_purged":["Strike_B","Strike_B","Defend_B","Defend_B"],"score":729,"play_id":"6c2845e8-0d00-4d19-a681-6211c43acd1c","local_time":"20191003133947","is_ascension_mode":true,"campfire_choices":[{"data":"Tempest","floor":6,"key":"SMITH"},{"data":"Zap","floor":8,"key":"SMITH"},{"data":"Dualcast","floor":10,"key":"SMITH"},{"data":"Go for the Eyes","floor":15,"key":"SMITH"},{"data":"Fission","floor":23,"key":"SMITH"},{"data":"Redo","floor":27,"key":"SMITH"},{"data":"Chaos","floor":32,"key":"SMITH"},{"data":"Scrape","floor":40,"key":"SMITH"},{"data":"Thunder Strike","floor":44,"key":"SMITH"},{"data":"Electrodynamics","floor":49,"key":"SMITH"}],"neow_cost":"NONE","seed_source_timestamp":518734846469161,"circlet_count":0,"master_deck":["Strike_B+1","Defend_B","Zap+1","Dualcast+1","Chaos+1","Tempest+1","Scrape+1","Go for the Eyes+1","Fission+1","Compile Driver+1","Redo+1","Tempest+1","Gash","Thunder Strike+1","Electrodynamics+1"],"relics":["Cracked Core","Orichalcum","Dream Catcher","Whetstone","Nuclear Battery","Chemical X","Pantograph","DollysMirror","Bag of Preparation","Eternal Feather","Runic Pyramid","Red Mask","Smiling Mask"],"potions_floor_usage":[],"damage_taken":[{"damage":1,"enemies":"Cultist","floor":1,"turns":4},{"damage":0,"enemies":"Small Slimes","floor":2,"turns":3},{"damage":6,"enemies":"Jaw Worm","floor":4,"turns":4},{"damage":37,"enemies":"3 Sentries","floor":7,"turns":8},{"damage":2,"enemies":"Blue Slaver","floor":11,"turns":3},{"damage":2,"enemies":"2 Fungi Beasts","floor":14,"turns":2},{"damage":0,"enemies":"Slime Boss","floor":16,"turns":8},{"damage":0,"enemies":"Chosen","floor":18,"turns":2},{"damage":0,"enemies":"2 Thieves","floor":25,"turns":2},{"damage":0,"enemies":"Snake Plant","floor":28,"turns":2},{"damage":9,"enemies":"Centurion and Healer","floor":30,"turns":4},{"damage":0,"enemies":"Snecko","floor":31,"turns":2},{"damage":43,"enemies":"Collector","floor":33,"turns":7},{"damage":0,"enemies":"Orb Walker","floor":35,"turns":2},{"damage":3,"enemies":"3 Darklings","floor":37,"turns":2},{"damage":3,"enemies":"Sphere and 2 Shapes","floor":38,"turns":3},{"damage":0,"enemies":"Transient","floor":41,"turns":5},{"damage":0,"enemies":"Writhing Mass","floor":46,"turns":1},{"damage":0,"enemies":"3 Darklings","floor":47,"turns":2},{"damage":61,"enemies":"Awakened One","floor":50,"turns":7}],"seed_played":"1582170530954883117","potions_obtained":[{"floor":2,"key":"SteroidPotion"},{"floor":11,"key":"Regen Potion"},{"floor":14,"key":"DuplicationPotion"},{"floor":28,"key":"Ancient Potion"}],"is_trial":false,"path_per_floor":["M","M","$","M","$","R","E","R","T","R","M","$","T","M","R","B",null,"M","?","$","T","$","R","?","M","T","R","M","?","M","M","R","B",null,"M","?","M","M","$","R","M","?","T","R","?","M","M","$","R","B",null],"character_chosen":"DEFECT","items_purchased":["Chemical X","Redo","DollysMirror"],"campfire_rested":0,"item_purchase_floors":[20,20,22],"current_hp_per_floor":[74,74,74,68,68,68,31,31,31,31,29,29,29,27,27,27,75,75,68,68,68,68,68,68,68,68,75,75,75,66,66,75,32,75,75,71,68,65,65,71,71,71,71,71,71,71,71,71,71,10],"gold":32,"neow_bonus":"REMOVE_CARD","is_prod":false,"is_daily":false,"chose_seed":false,"campfire_upgraded":10,"win_rate":0,"timestamp":1570088387,"path_taken":["M","?","$","M","?","R","E","R","T","R","M","$","?","M","R","BOSS","M","?","?","?","?","R","?","?","T","R","M","?","M","M","R","BOSS","M","?","M","M","$","R","M","?","T","R","?","M","M","$","R","BOSS"],"build_version":"2019-10-02","purchased_purges":4,"victory":true,"max_hp_per_floor":[75,75,75,75,75,75,75,75,75,75,75,75,75,75,75,75,75,75,75,75,75,75,75,75,75,75,75,75,75,75,75,75,75,75,75,71,71,71,71,71,71,71,71,71,71,71,71,71,71,71],"card_choices":[{"not_picked":["Hologram","Fusion"],"picked":"Chaos","floor":1},{"not_picked":["Steam","Cold Snap"],"picked":"Tempest","floor":2},{"not_picked":["Go for the Eyes","Conserve Battery","Capacitor"],"picked":"SKIP","floor":4},{"not_picked":["Rebound","Sweeping Beam"],"picked":"Scrape","floor":7},{"not_picked":["Leap","Barrage","Steam Power"],"picked":"SKIP","floor":11},{"not_picked":["Genetic Algorithm","Steam Power"],"picked":"Go for the Eyes","floor":14},{"not_picked":["Buffer","All For One"],"picked":"Fission","floor":16},{"not_picked":["Cold Snap+1","Streamline"],"picked":"Compile Driver+1","floor":18},{"not_picked":["Cold Snap+1","Darkness","Barrage"],"picked":"SKIP","floor":25},{"not_picked":["Consume","Scrape","Leap"],"picked":"SKIP","floor":28},{"not_picked":["Doom and Gloom+1","Redo","Force Field"],"picked":"SKIP","floor":30},{"not_picked":["Leap","Sunder"],"picked":"Gash","floor":31},{"not_picked":["Rainbow","All For One"],"picked":"Thunder Strike","floor":33},{"not_picked":["Heatsinks","Ball Lightning","Sunder"],"picked":"SKIP","floor":35},{"not_picked":["Beam Cell+1","Ball Lightning","Streamline+1"],"picked":"SKIP","floor":37},{"not_picked":["BootSequence+1","Rip and Tear+1","Capacitor+1"],"picked":"SKIP","floor":38},{"not_picked":["Barrage","Static Discharge+1","Ball Lightning"],"picked":"SKIP","floor":41},{"not_picked":["Steam","Ball Lightning+1","Auto Shields"],"picked":"SKIP","floor":46},{"not_picked":["Compile Driver+1","Barrage"],"picked":"Electrodynamics","floor":47}],"player_experience":1814899,"relics_obtained":[{"floor":7,"key":"Orichalcum"},{"floor":9,"key":"Dream Catcher"},{"floor":13,"key":"Whetstone"},{"floor":21,"key":"Pantograph"},{"floor":26,"key":"Eternal Feather"},{"floor":43,"key":"Smiling Mask"}],"event_choices":[{"damage_healed":0,"gold_gain":75,"player_choice":"Touch","damage_taken":7,"max_hp_gain":0,"max_hp_loss":0,"event_name":"FaceTrader","floor":19,"gold_loss":0},{"damage_healed":0,"gold_gain":0,"player_choice":"Gave Potion","damage_taken":0,"relics_obtained":["Bag of Preparation"],"max_hp_gain":0,"max_hp_loss":0,"event_name":"WeMeetAgain","floor":24,"gold_loss":0},{"damage_healed":0,"gold_gain":0,"player_choice":"Ignored","damage_taken":0,"max_hp_gain":0,"max_hp_loss":0,"event_name":"Vampires","floor":29,"gold_loss":0},{"damage_healed":0,"gold_gain":0,"player_choice":"Max HP","damage_taken":0,"max_hp_gain":0,"max_hp_loss":4,"event_name":"Winding Halls","floor":36,"gold_loss":0},{"damage_healed":0,"gold_gain":0,"player_choice":"Paid","damage_taken":0,"relics_obtained":["Red Mask"],"max_hp_gain":0,"max_hp_loss":0,"event_name":"Tomb of Lord Red Mask","floor":42,"gold_loss":77},{"cards_removed":["Strike_B"],"damage_healed":0,"gold_gain":0,"player_choice":"Removed Attack","damage_taken":0,"max_hp_gain":0,"max_hp_loss":0,"event_name":"Falling","floor":45,"gold_loss":0}],"is_beta":true,"boss_relics":[{"not_picked":["Tiny House","Ectoplasm"],"picked":"Nuclear Battery"},{"not_picked":["Runic Dome","Inserter"],"picked":"Runic Pyramid"}],"items_purged_floors":[3,12,39,48],"is_endless":false,"potions_floor_spawned":[2,11,14,16,28,35,46,47],"ascension_level":1}