{"gold_per_floor":[115,125,200,125,125,125,145,179,227,238,238,291,322,341,341,446,446,466,381,427,184,194,229,229,245,245,257,257,257,268,281,281,384,384,403,350,350,225,235,235,264,0,0,13,13],"floor_reached":45,"playtime":1833,"items_purged":["Strike_R","Strike_R","Strike_R"],"score":747,"play_id":"857b9cab-8053-4f50-b215-62efb18cd8d7","local_time":"20191001161759","is_ascension_mode":true,"campfire_choices":[{"data":"Iron Wave","floor":6,"key":"SMITH"},{"data":"Armaments","floor":11,"key":"SMITH"},{"data":"Carnage","floor":15,"key":"SMITH"},{"data":"Reaper","floor":24,"key":"SMITH"},{"data":"1","floor":28,"key":"LIFT"},{"data":"2","floor":32,"key":"LIFT"},{"data":"3","floor":40,"key":"LIFT"}],"neow_cost":"NONE","seed_source_timestamp":1051081891405900,"circlet_count":0,"master_deck":["AscendersBane","Strike_R","Strike_R","Defend_R","Defend_R","Defend_R","Defend_R","Bash+1","Iron Wave+1","Uppercut","Fiend Fire","Armaments+1","Carnage+1","Uppercut","Reaper+1","Sword Boomerang","Flame Barrier+1","Demon Form+1","Fire Breathing+1","Seeing Red+1","Seeing Red","Limit Break","Pommel Strike+1","Havoc","Battle Trance+1"],"relics":["Burning Blood","Lantern","Red Skull","Tiny Chest","Potion Belt","Mark of Pain","Frozen Egg 2","Pen Nib","Juzu Bracelet","Art of War","Girya","Paper Frog","Fusion Hammer","PreservedInsect","Bag of Marbles","Red Mask","Anchor"],"potions_floor_usage":[8,13,30,31,33,33],"damage_taken":[{"damage":4,"enemies":"2 Louse","floor":1,"turns":4},{"damage":19,"enemies":"Small Slimes","floor":2,"turns":4},{"damage":2,"enemies":"Jaw Worm","floor":7,"turns":3},{"damage":25,"enemies":"Gremlin Nob","floor":8,"turns":4},{"damage":3,"enemies":"Blue Slaver","floor":10,"turns":2},{"damage":20,"enemies":"3 Sentries","floor":13,"turns":7},{"damage":0,"enemies":"Looter","floor":14,"turns":1},{"damage":27,"enemies":"Hexaghost","floor":16,"turns":7},{"damage":9,"enemies":"2 Thieves","floor":18,"turns":4},{"damage":14,"enemies":"Spheric Guardian","floor":22,"turns":4},{"damage":46,"enemies":"Slavers","floor":23,"turns":5},{"damage":10,"enemies":"Centurion and Healer","floor":25,"turns":4},{"damage":3,"enemies":"Snake Plant","floor":27,"turns":3},{"damage":0,"enemies":"3 Cultists","floor":30,"turns":3},{"damage":0,"enemies":"Shelled Parasite and Fungi","floor":31,"turns":3},{"damage":63,"enemies":"Automaton","floor":33,"turns":7},{"damage":42,"enemies":"3 Shapes","floor":35,"turns":5},{"damage":7,"enemies":"Orb Walker","floor":39,"turns":3},{"damage":8,"enemies":"Reptomancer","floor":41,"turns":2},{"damage":32,"enemies":"3 Darklings","floor":44,"turns":4},{"damage":61,"enemies":"Sphere and 2 Shapes","floor":45,"turns":4}],"seed_played":"-7307395142691608401","potions_obtained":[{"floor":1,"key":"Strength Potion"},{"floor":10,"key":"Energy Potion"},{"floor":23,"key":"Fire Potion"},{"floor":25,"key":"Explosive Potion"},{"floor":27,"key":"Energy Potion"},{"floor":30,"key":"SneckoOil"},{"floor":41,"key":"Ancient Potion"}],"is_trial":false,"path_per_floor":["M","M","?","$","?","R","M","E","T","M","R","T","E","M","R","B",null,"M","?","T","$","M","E","R","M","T","M","R","T","M","M","R","B",null,"M","?","?","$","M","R","E","?","T","M","M"],"character_chosen":"IRONCLAD","items_purchased":["Juzu Bracelet"],"campfire_rested":0,"item_purchase_floors":[21],"current_hp_per_floor":[74,61,50,50,50,50,54,35,35,38,38,38,24,30,30,9,62,59,59,59,59,51,11,11,7,7,19,19,19,25,40,40,20,65,44,44,44,44,43,43,41,41,41,44,0],"gold":13,"neow_bonus":"UPGRADE_CARD","is_prod":false,"is_daily":false,"chose_seed":false,"campfire_upgraded":4,"win_rate":0,"timestamp":1569943079,"path_taken":["M","M","?","$","?","R","M","E","T","M","R","?","E","?","R","BOSS","M","?","?","?","M","E","R","M","T","M","R","?","M","M","R","BOSS","M","?","?","?","M","R","E","?","T","M","M"],"build_version":"2019-07-17","purchased_purges":3,"victory":false,"max_hp_per_floor":[80,80,80,80,80,80,80,80,80,80,80,80,80,80,80,80,80,80,80,80,80,80,80,80,80,80,80,80,80,80,80,80,80,80,80,80,80,80,80,80,80,80,80,80,80],"card_choices":[{"not_picked":["Body Slam","Twin Strike"],"picked":"Iron Wave","floor":1},{"not_picked":["Body Slam","Clothesline"],"picked":"Uppercut","floor":2},{"not_picked":["Perfected Strike","Power Through","Body Slam"],"picked":"SKIP","floor":7},{"not_picked":["Cleave","Sever Soul"],"picked":"Fiend Fire","floor":8},{"not_picked":["Cleave","Heavy Blade"],"picked":"Armaments","floor":10},{"not_picked":["Armaments","True Grit"],"picked":"Carnage","floor":13},{"not_picked":["Thunderclap","Rupture"],"picked":"Uppercut","floor":14},{"not_picked":["Immolate","Offering"],"picked":"Reaper","floor":16},{"not_picked":["Anger","Rage"],"picked":"Sword Boomerang","floor":18},{"not_picked":["Flex+1","Thunderclap+1"],"picked":"Flame Barrier+1","floor":22},{"not_picked":["Metallicize+1","Warcry"],"picked":"Demon Form+1","floor":23},{"not_picked":["True Grit","Body Slam"],"picked":"Fire Breathing+1","floor":25},{"not_picked":["Clash","Entrench"],"picked":"Seeing Red+1","floor":27},{"not_picked":["Power Through","Headbutt","Sever Soul"],"picked":"SKIP","floor":30},{"not_picked":["Heavy Blade","Body Slam"],"picked":"Seeing Red","floor":31},{"not_picked":["Barricade+1","Feed"],"picked":"Limit Break","floor":33},{"not_picked":["Shockwave+1","Intimidate+1"],"picked":"Pommel Strike","floor":35},{"not_picked":["Flex+1","Second Wind"],"picked":"Havoc","floor":39},{"not_picked":["True Grit","Body Slam+1"],"picked":"Battle Trance+1","floor":41},{"not_picked":["Power Through","Headbutt+1","Flex"],"picked":"SKIP","floor":44}],"player_experience":223035,"relics_obtained":[{"floor":8,"key":"Lantern"},{"floor":9,"key":"Red Skull"},{"floor":12,"key":"Tiny Chest"},{"floor":13,"key":"Potion Belt"},{"floor":20,"key":"Pen Nib"},{"floor":23,"key":"Art of War"},{"floor":26,"key":"Girya"},{"floor":29,"key":"Paper Frog"},{"floor":41,"key":"Bag of Marbles"},{"floor":43,"key":"Anchor"}],"event_choices":[{"damage_healed":0,"gold_gain":75,"player_choice":"Gather Gold","damage_taken":11,"max_hp_gain":0,"max_hp_loss":0,"event_name":"World of Goop","floor":3,"gold_loss":0},{"damage_healed":0,"gold_gain":0,"player_choice":"Ignored","damage_taken":0,"max_hp_gain":0,"max_hp_loss":0,"event_name":"Liars Game","floor":5,"gold_loss":0},{"damage_healed":0,"gold_gain":0,"player_choice":"Obtained Relic","damage_taken":0,"relics_obtained":["Frozen Egg 2"],"max_hp_gain":0,"max_hp_loss":0,"event_name":"Addict","floor":19,"gold_loss":85},{"damage_healed":0,"gold_gain":0,"player_choice":"Paid Gold","damage_taken":0,"relics_obtained":["PreservedInsect"],"max_hp_gain":0,"max_hp_loss":0,"event_name":"WeMeetAgain","floor":36,"gold_loss":53},{"damage_healed":0,"gold_gain":0,"player_choice":"Upgraded","damage_taken":0,"max_hp_gain":0,"max_hp_loss":0,"event_name":"Upgrade Shrine","floor":37,"gold_loss":0,"cards_upgraded":["Pommel Strike"]},{"damage_healed":0,"gold_gain":0,"player_choice":"Paid","damage_taken":0,"relics_obtained":["Red Mask"],"max_hp_gain":0,"max_hp_loss":0,"event_name":"Tomb of Lord Red Mask","floor":42,"gold_loss":264}],"is_beta":false,"boss_relics":[{"not_picked":["Empty Cage","Calling Bell"],"picked":"Mark of Pain"},{"not_picked":["Velvet Choker","Sozu"],"picked":"Fusion Hammer"}],"items_purged_floors":[4,21,38],"is_endless":false,"potions_floor_spawned":[1,10,23,25,27,30,41],"killed_by":"Sphere and 2 Shapes","ascension_level":10}