{"gold_per_floor":[117,135,148,70,81,111,111,126,126,136,164,164,199,2,2,104,104,121,36,55,74,74],"floor_reached":22,"playtime":1179,"items_purged":[],"score":310,"play_id":"0aaf792b-5bef-41af-ad59-935ab13b31c8","local_time":"20190115183834","is_ascension_mode":true,"campfire_choices":[{"floor":7,"key":"REST"},{"data":"Footwork","floor":15,"key":"SMITH"}],"neow_cost":"NONE","seed_source_timestamp":83996353569404,"circlet_count":0,"master_deck":["Defend_G","Defend_G","Defend_G","Defend_G","Strike_G","Strike_G","Strike_G","Survivor","Neutralize","Dodge and Roll","Escape Plan","Bouncing Flask","Footwork+1","Backflip","Acrobatics","Outmaneuver","Cloak And Dagger","Bouncing Flask","Pain","Predator","Glass Knife","Choke+1","Venomology+1","Choke+1","Backflip+1","Escape Plan","PiercingWail"],"relics":["Sozu","Mercury Hourglass","Ninja Scroll","WarpedTongs","Ornamental Fan","Lee\u0027s Waffle","Astrolabe","Art of War"],"potions_floor_usage":[],"damage_taken":[{"damage":0,"enemies":"Cultist","floor":1,"turns":4},{"damage":0,"enemies":"Jaw Worm","floor":2,"turns":4},{"damage":0,"enemies":"2 Louse","floor":3,"turns":2},{"damage":22,"enemies":"Gremlin Gang","floor":5,"turns":7},{"damage":37,"enemies":"Gremlin Nob","floor":6,"turns":5},{"damage":0,"enemies":"Large Slime","floor":8,"turns":4},{"damage":0,"enemies":"Red Slaver","floor":10,"turns":3},{"damage":7,"enemies":"Lagavulin","floor":11,"turns":7},{"damage":11,"enemies":"Gremlin Nob","floor":13,"turns":4},{"damage":2,"enemies":"Slime Boss","floor":16,"turns":6},{"damage":20,"enemies":"Spheric Guardian","floor":18,"turns":4},{"damage":11,"enemies":"Shell Parasite","floor":20,"turns":5},{"damage":20,"enemies":"Snecko","floor":21,"turns":4},{"damage":6,"enemies":"Colosseum Slavers","floor":22,"turns":5},{"damage":46,"enemies":"Colosseum Nobs","floor":22,"turns":4}],"seed_played":"2208778558213905352","potions_obtained":[],"is_trial":false,"path_per_floor":["M","M","M","$","M","E","R","M","T","M","E","?","E","$","R","B",null,"M","?","M","M","?"],"character_chosen":"THE_SILENT","items_purchased":["Footwork","Lee\u0027s Waffle"],"campfire_rested":1,"item_purchase_floors":[4,14],"current_hp_per_floor":[70,70,70,70,48,11,32,32,32,32,25,25,14,77,77,75,77,57,57,46,26,0],"gold":74,"neow_bonus":"BOSS_RELIC","is_prod":false,"is_daily":false,"chose_seed":false,"campfire_upgraded":1,"win_rate":0,"timestamp":1547595514,"path_taken":["M","M","M","$","M","E","R","M","T","M","E","?","E","$","R","BOSS","M","?","M","M","?"],"build_version":"2019-01-10","purchased_purges":0,"victory":false,"max_hp_per_floor":[70,70,70,70,70,70,70,70,70,70,70,70,70,77,77,77,77,77,77,77,77,77],"card_choices":[{"not_picked":["Poisoned Stab","Deadly Poison"],"picked":"Dodge and Roll","floor":1},{"not_picked":["Quick Slash","Acrobatics"],"picked":"Escape Plan","floor":2},{"not_picked":["Distraction","Escape Plan"],"picked":"Bouncing Flask","floor":3},{"not_picked":["Quick Slash","Dagger Throw"],"picked":"Backflip","floor":5},{"not_picked":["Doppelganger","Flechettes"],"picked":"Acrobatics","floor":6},{"not_picked":["Setup","Concentrate"],"picked":"Outmaneuver","floor":8},{"not_picked":["Poisoned Stab","Dagger Throw"],"picked":"Cloak And Dagger","floor":10},{"not_picked":["Backflip","Blade Dance"],"picked":"Bouncing Flask","floor":11},{"not_picked":["Distraction","Slice"],"picked":"Predator","floor":13},{"not_picked":["Bullet Time","Phantasmal Killer"],"picked":"Glass Knife","floor":16},{"not_picked":["Heel Hook","Reflex"],"picked":"Backflip+1","floor":18},{"not_picked":["Dagger Spray","Setup"],"picked":"Escape Plan","floor":20},{"not_picked":["Bane","Dagger Throw+1"],"picked":"PiercingWail","floor":21}],"player_experience":416528,"relics_obtained":[{"floor":6,"key":"Mercury Hourglass"},{"floor":11,"key":"Ninja Scroll"},{"floor":13,"key":"Ornamental Fan"}],"event_choices":[{"damage_healed":0,"gold_gain":0,"player_choice":"Rummage","damage_taken":0,"relics_obtained":["WarpedTongs"],"max_hp_gain":0,"max_hp_loss":0,"event_name":"Accursed Blacksmith","floor":12,"gold_loss":0,"cards_obtained":["Pain"]},{"damage_healed":0,"gold_gain":0,"player_choice":"Obtained Relic","damage_taken":0,"relics_obtained":["Art of War"],"max_hp_gain":0,"max_hp_loss":0,"event_name":"Addict","floor":19,"gold_loss":85},{"damage_healed":0,"gold_gain":0,"player_choice":"Fight","damage_taken":0,"max_hp_gain":0,"max_hp_loss":0,"event_name":"Colosseum","floor":22,"gold_loss":0},{"damage_healed":0,"gold_gain":0,"player_choice":"Fought Nobs","damage_taken":0,"max_hp_gain":0,"max_hp_loss":0,"event_name":"Colosseum","floor":22,"gold_loss":0}],"is_beta":false,"boss_relics":[{"not_picked":["Calling Bell","Runic Pyramid"],"picked":"Astrolabe"}],"items_purged_floors":[],"is_endless":false,"potions_floor_spawned":[2,6,11,13,21,22],"killed_by":"Colosseum Nobs","ascension_level":4}