{"gold_per_floor":[113,131,149,149,168,168,230,230,230,249,249,274,292,292,292,397,397,412,426,10,27,41,41],"floor_reached":23,"playtime":2509,"items_purged":[],"score":226,"play_id":"bf03764f-ed83-4b5d-a779-9eefffb458b8","local_time":"20181225171439","is_ascension_mode":true,"campfire_choices":[{"data":"Flex","floor":6,"key":"SMITH"},{"data":"Infernal Blade","floor":8,"key":"SMITH"},{"data":"Flex","floor":11,"key":"SMITH"},{"floor":15,"key":"REST"}],"neow_cost":"NONE","seed_source_timestamp":431508412874027,"circlet_count":0,"master_deck":["Bash","Dark Embrace","Shrug It Off","Flex+1","Flex+1","Headbutt","Infernal Blade+1","True Grit","Twin Strike","Demon Form+1","Bludgeon","Dual Wield","Impervious","Clash","Seeing Red","Ghostly Armor","Sentinel","Infernal Blade","Burning Pact+1","Shrug It Off","Warcry","Fire Breathing+1","Flame Barrier"],"relics":["Burning Blood","Tiny Chest","Frozen Egg 2","Nunchaku","Pandora\u0027s Box","Mango"],"potions_floor_usage":[5,7,12,16,22],"damage_taken":[{"damage":6,"enemies":"Cultist","floor":1,"turns":3},{"damage":4,"enemies":"2 Louse","floor":2,"turns":4},{"damage":7,"enemies":"Jaw Worm","floor":3,"turns":4},{"damage":5,"enemies":"Gremlin Gang","floor":5,"turns":2},{"damage":41,"enemies":"3 Sentries","floor":7,"turns":8},{"damage":0,"enemies":"3 Louse","floor":10,"turns":3},{"damage":26,"enemies":"Gremlin Nob","floor":12,"turns":4},{"damage":16,"enemies":"Exordium Thugs","floor":13,"turns":4},{"damage":28,"enemies":"Hexaghost","floor":16,"turns":6},{"damage":16,"enemies":"Shell Parasite","floor":18,"turns":5},{"damage":39,"enemies":"3 Byrds","floor":19,"turns":6},{"damage":15,"enemies":"Cultist and Chosen","floor":21,"turns":6},{"damage":33,"enemies":"3 Cultists","floor":22,"turns":6},{"damage":34,"enemies":"Book of Stabbing","floor":23,"turns":4}],"seed_played":"248544376553205080","potions_obtained":[{"floor":2,"key":"SteroidPotion"},{"floor":3,"key":"AttackPotion"},{"floor":5,"key":"Regen Potion"},{"floor":13,"key":"PowerPotion"},{"floor":21,"key":"FearPotion"}],"is_trial":false,"path_per_floor":["M","M","M","?","M","R","E","R","T","M","R","E","M","T","R","B",null,"M","M","$","M","M","E"],"character_chosen":"IRONCLAD","items_purchased":["Mango","Warcry","Regen Potion"],"campfire_rested":1,"item_purchase_floors":[20,20,20],"current_hp_per_floor":[80,80,79,72,73,73,53,53,53,59,59,39,29,29,53,31,80,70,37,51,42,30,0],"gold":41,"neow_bonus":"TRANSFORM_CARD","is_prod":false,"is_daily":false,"chose_seed":false,"campfire_upgraded":3,"win_rate":0,"timestamp":1545776079,"path_taken":["M","M","?","?","M","R","E","R","T","M","R","E","M","?","R","BOSS","M","M","$","M","?","E"],"build_version":"2018-12-20","purchased_purges":0,"victory":false,"max_hp_per_floor":[80,80,80,80,80,80,80,80,80,80,80,80,80,80,80,80,80,80,80,94,94,94,94],"card_choices":[{"not_picked":["Heavy Blade","Metallicize"],"picked":"Shrug It Off","floor":1},{"not_picked":["Heavy Blade","Perfected Strike"],"picked":"Flex","floor":2},{"not_picked":["Armaments","Rage"],"picked":"Flex","floor":3},{"not_picked":["Wild Strike","True Grit"],"picked":"Headbutt","floor":5},{"not_picked":["Hemokinesis","Carnage"],"picked":"Infernal Blade","floor":7},{"not_picked":["Pommel Strike","Dark Embrace"],"picked":"True Grit","floor":10},{"not_picked":["Clash","Thunderclap"],"picked":"Twin Strike","floor":12},{"not_picked":["Wild Strike","Spot Weakness"],"picked":"Demon Form+1","floor":13},{"not_picked":["Barricade+1","Fiend Fire"],"picked":"Bludgeon","floor":16},{"not_picked":["Whirlwind","Battle Trance"],"picked":"Burning Pact+1","floor":18},{"not_picked":["Thunderclap+1","Havoc"],"picked":"Shrug It Off","floor":19},{"not_picked":["Clash","Headbutt"],"picked":"Fire Breathing+1","floor":21},{"not_picked":["Feel No Pain+1","True Grit+1"],"picked":"Flame Barrier","floor":22}],"player_experience":145581,"relics_obtained":[{"floor":7,"key":"Tiny Chest"},{"floor":12,"key":"Frozen Egg 2"},{"floor":14,"key":"Nunchaku"}],"event_choices":[{"cards_removed":["Defend_R"],"damage_healed":0,"gold_gain":0,"player_choice":"Card Removal","damage_taken":7,"max_hp_gain":0,"max_hp_loss":0,"event_name":"Golden Wing","floor":4,"gold_loss":0}],"is_beta":false,"boss_relics":[{"not_picked":["Tiny House","Coffee Dripper"],"picked":"Pandora\u0027s Box"}],"items_purged_floors":[],"is_endless":false,"potions_floor_spawned":[2,3,5,13,21],"killed_by":"Book of Stabbing","ascension_level":2}