{"gold_per_floor":[364,364,40,40,40,68,88,88],"floor_reached":8,"playtime":329,"items_purged":[],"score":70,"play_id":"345c54ca-0b51-4bff-8d66-48f1f9d76835","local_time":"20190211214555","is_ascension_mode":true,"campfire_choices":[],"neow_cost":"CURSE","seed_source_timestamp":21329848090981,"circlet_count":0,"master_deck":["Strike_B","Strike_B+1","Strike_B","Defend_B","Defend_B","Defend_B","Defend_B","Zap+1","Dualcast","Injury","Auto Shields","Loop","Conserve Battery","Leap"],"relics":["Cracked Core","Cables","Art of War","Shuriken"],"potions_floor_usage":[8],"damage_taken":[{"damage":0,"enemies":"Small Slimes","floor":1,"turns":3},{"damage":20,"enemies":"3 Sentries","floor":6,"turns":7},{"damage":0,"enemies":"2 Louse","floor":7,"turns":3},{"damage":10,"enemies":"The Mushroom Lair","floor":8,"turns":2}],"seed_played":"-7075157232850824023","potions_obtained":[{"floor":6,"key":"LiquidBronze"}],"is_trial":false,"path_per_floor":["M","?","$","?","?","E","M","?"],"character_chosen":"DEFECT","items_purchased":["Cables","Loop"],"campfire_rested":0,"item_purchase_floors":[3,3],"current_hp_per_floor":[68,53,53,46,28,8,8,0],"gold":88,"neow_bonus":"TWO_FIFTY_GOLD","is_prod":false,"is_daily":false,"chose_seed":false,"campfire_upgraded":0,"win_rate":0,"timestamp":1549939555,"path_taken":["M","?","$","?","?","E","M","?"],"build_version":"2019-01-23","purchased_purges":0,"victory":false,"max_hp_per_floor":[75,75,75,75,75,75,75,75],"card_choices":[{"not_picked":["Chill","Force Field"],"picked":"Auto Shields","floor":1},{"not_picked":["Skim","Leap"],"picked":"Conserve Battery","floor":6},{"not_picked":["Barrage","Rebound"],"picked":"Leap","floor":7}],"player_experience":458311,"relics_obtained":[{"floor":6,"key":"Shuriken"}],"event_choices":[{"damage_healed":0,"gold_gain":0,"player_choice":"Entered Light","damage_taken":15,"max_hp_gain":0,"max_hp_loss":0,"event_name":"Shining Light","floor":2,"gold_loss":0,"cards_upgraded":["Zap","Strike_B"]},{"cards_removed":["Strike_B"],"damage_healed":0,"gold_gain":0,"player_choice":"Card Removal","damage_taken":7,"max_hp_gain":0,"max_hp_loss":0,"event_name":"Golden Wing","floor":4,"gold_loss":0},{"damage_healed":0,"gold_gain":0,"player_choice":"Success","damage_taken":18,"relics_obtained":["Art of War"],"max_hp_gain":0,"max_hp_loss":0,"event_name":"Scrap Ooze","floor":5,"gold_loss":0},{"damage_healed":0,"gold_gain":0,"player_choice":"Fought Mushrooms","damage_taken":0,"max_hp_gain":0,"max_hp_loss":0,"event_name":"Mushrooms","floor":8,"gold_loss":0}],"is_beta":false,"boss_relics":[],"items_purged_floors":[],"is_endless":false,"potions_floor_spawned":[6],"killed_by":"The Mushroom Lair","ascension_level":6}