{"gold_per_floor":[118,118,135,154,171,171,196,196,196,196,209,240,240],"floor_reached":13,"playtime":1033,"items_purged":[],"score":124,"play_id":"45fc1dfd-9712-4121-ab6f-898f3466afb2","local_time":"20190210223959","is_ascension_mode":true,"campfire_choices":[{"floor":6,"key":"REST"},{"floor":8,"key":"REST"},{"floor":10,"key":"REST"}],"neow_cost":"NONE","seed_source_timestamp":1229947888288881,"circlet_count":0,"master_deck":["Survivor","Neutralize","Concentrate","Accuracy","Burst","Caltrops+1","Accuracy","Bouncing Flask","Die Die Die","Quick Slash","Heel Hook","Phantasmal Killer","Crippling Poison","Prepared","Backflip","Sucker Punch","Well Laid Plans","Underhanded Strike","Noxious Fumes"],"relics":["Pandora\u0027s Box","Bottled Flame","Sundial","Question Card"],"potions_floor_usage":[],"damage_taken":[{"damage":14,"enemies":"Small Slimes","floor":1,"turns":3},{"damage":4,"enemies":"Cultist","floor":3,"turns":3},{"damage":0,"enemies":"2 Louse","floor":4,"turns":1},{"damage":8,"enemies":"2 Fungi Beasts","floor":5,"turns":2},{"damage":32,"enemies":"3 Sentries","floor":7,"turns":8},{"damage":24,"enemies":"Large Slime","floor":11,"turns":6},{"damage":38,"enemies":"Gremlin Nob","floor":12,"turns":5},{"damage":11,"enemies":"Exordium Thugs","floor":13,"turns":1}],"seed_played":"6210931949608411793","potions_obtained":[{"floor":5,"key":"SteroidPotion"},{"floor":12,"key":"PowerPotion"}],"is_trial":false,"path_per_floor":["M","?","M","M","M","R","E","R","T","R","M","E","M"],"character_chosen":"THE_SILENT","items_purchased":[],"campfire_rested":3,"item_purchase_floors":[],"current_hp_per_floor":[49,49,45,45,37,58,26,47,47,68,44,6,0],"gold":240,"neow_bonus":"BOSS_RELIC","is_prod":false,"is_daily":false,"chose_seed":false,"campfire_upgraded":0,"win_rate":0,"timestamp":1549856399,"path_taken":["M","?","M","M","M","R","E","R","T","R","M","E","?"],"build_version":"2019-01-23","purchased_purges":0,"victory":false,"max_hp_per_floor":[70,70,70,70,70,70,70,70,70,70,70,70,70],"card_choices":[{"not_picked":["Underhanded Strike","Deflect"],"picked":"Crippling Poison","floor":1},{"not_picked":["Slice","Bane"],"picked":"Prepared","floor":3},{"not_picked":["Blade Dance","Poisoned Stab"],"picked":"Backflip","floor":4},{"not_picked":["Dagger Spray","Outmaneuver"],"picked":"Sucker Punch","floor":5},{"not_picked":["Slice","Concentrate"],"picked":"Well Laid Plans","floor":7},{"not_picked":["Setup","All Out Attack"],"picked":"Underhanded Strike","floor":11},{"not_picked":["Caltrops","Infinite Blades"],"picked":"Noxious Fumes","floor":12}],"player_experience":446540,"relics_obtained":[{"floor":7,"key":"Bottled Flame"},{"floor":9,"key":"Sundial"},{"floor":12,"key":"Question Card"}],"event_choices":[{"damage_healed":0,"gold_gain":0,"player_choice":"Upgraded","damage_taken":0,"max_hp_gain":0,"max_hp_loss":0,"event_name":"Upgrade Shrine","floor":2,"gold_loss":0,"cards_upgraded":["Caltrops"]}],"is_beta":false,"boss_relics":[],"items_purged_floors":[],"is_endless":false,"potions_floor_spawned":[5,12],"killed_by":"Exordium Thugs","ascension_level":6}