{"gold_per_floor":[115,135,210,224,235,235,262,262,316,335,353,353,369,403,403,403],"floor_reached":16,"playtime":921,"items_purged":[],"score":171,"play_id":"6cdaa7c6-0467-4b47-ae94-237ae4e55434","local_time":"20191001131716","is_ascension_mode":true,"campfire_choices":[{"data":"Armaments","floor":6,"key":"SMITH"},{"data":"Fiend Fire","floor":12,"key":"SMITH"},{"data":"Havoc","floor":15,"key":"SMITH"}],"neow_cost":"NONE","seed_source_timestamp":1041151311790800,"circlet_count":0,"master_deck":["AscendersBane","Strike_R","Strike_R","Strike_R","Strike_R","Strike_R","Defend_R","Defend_R","Defend_R","Defend_R","Bash+1","Exhume","Pommel Strike+1","Hemokinesis","Pommel Strike","Armaments+1","True Grit+1","Anger","Fiend Fire+1","Disarm","Havoc+1"],"relics":["Burning Blood","Sundial","Whetstone","Potion Belt"],"potions_floor_usage":[5,7,14,14,16],"damage_taken":[{"damage":0,"enemies":"Small Slimes","floor":1,"turns":3},{"damage":6,"enemies":"Cultist","floor":2,"turns":3},{"damage":17,"enemies":"Jaw Worm","floor":4,"turns":4},{"damage":58,"enemies":"Exordium Thugs","floor":5,"turns":8},{"damage":29,"enemies":"3 Sentries","floor":7,"turns":11},{"damage":2,"enemies":"2 Fungi Beasts","floor":10,"turns":3},{"damage":0,"enemies":"Looter","floor":11,"turns":4},{"damage":11,"enemies":"Red Slaver","floor":13,"turns":3},{"damage":13,"enemies":"Lagavulin","floor":14,"turns":7},{"damage":11,"enemies":"Slime Boss","floor":16,"turns":6}],"seed_played":"-3466562014622301422","potions_obtained":[{"floor":2,"key":"Regen Potion"},{"floor":4,"key":"Regen Potion"},{"floor":7,"key":"Strength Potion"},{"floor":11,"key":"Dexterity Potion"},{"floor":14,"key":"PowerPotion"}],"is_trial":false,"path_per_floor":["M","M","?","M","M","R","E","?","T","M","M","R","M","E","R","B"],"character_chosen":"IRONCLAD","items_purchased":[],"campfire_rested":0,"item_purchase_floors":[],"current_hp_per_floor":[78,78,67,56,19,19,11,11,11,15,21,21,16,9,9,0],"gold":403,"neow_bonus":"ONE_RANDOM_RARE_CARD","is_prod":false,"is_daily":false,"chose_seed":false,"campfire_upgraded":3,"win_rate":0,"timestamp":1569932236,"path_taken":["M","M","?","M","M","R","E","?","T","M","M","R","?","E","R","BOSS"],"build_version":"2019-07-17","purchased_purges":0,"victory":false,"max_hp_per_floor":[80,80,80,80,80,80,80,80,80,80,80,80,80,80,80,80],"card_choices":[{"not_picked":["True Grit","Wild Strike"],"picked":"Pommel Strike","floor":1},{"not_picked":["Perfected Strike","Warcry"],"picked":"Hemokinesis","floor":2},{"not_picked":["Evolve","Warcry"],"picked":"Pommel Strike","floor":4},{"not_picked":["Havoc","Perfected Strike"],"picked":"Armaments","floor":5},{"not_picked":["Flex","Wild Strike"],"picked":"True Grit","floor":7},{"not_picked":["Havoc","Uppercut"],"picked":"Anger","floor":10},{"not_picked":["Blood for Blood","Rampage"],"picked":"Fiend Fire","floor":11},{"not_picked":["Power Through","Battle Trance"],"picked":"Disarm","floor":13},{"not_picked":["Iron Wave","Flex"],"picked":"Havoc","floor":14}],"player_experience":214061,"relics_obtained":[{"floor":7,"key":"Sundial"},{"floor":9,"key":"Whetstone"},{"floor":14,"key":"Potion Belt"}],"event_choices":[{"damage_healed":0,"gold_gain":75,"player_choice":"Gather Gold","damage_taken":11,"max_hp_gain":0,"max_hp_loss":0,"event_name":"World of Goop","floor":3,"gold_loss":0},{"damage_healed":0,"gold_gain":0,"player_choice":"Upgraded","damage_taken":0,"max_hp_gain":0,"max_hp_loss":0,"event_name":"Upgrade Shrine","floor":8,"gold_loss":0,"cards_upgraded":["True Grit"]}],"is_beta":false,"boss_relics":[],"items_purged_floors":[],"is_endless":false,"potions_floor_spawned":[2,4,7,11,14],"killed_by":"Slime Boss","ascension_level":10}