{"gold_per_floor":[116,41,41,41,41,41,73,93,93,121,121,155,155],"floor_reached":13,"playtime":486,"items_purged":["Defend_G"],"score":99,"play_id":"88032eda-1b66-4d43-824b-4e222cf7719f","local_time":"20181216125749","is_ascension_mode":false,"campfire_choices":[{"data":"Neutralize","floor":11,"key":"SMITH"}],"neow_cost":"NONE","seed_source_timestamp":3381422128524,"circlet_count":0,"master_deck":["Defend_G","Defend_G","Defend_G","Defend_G","Strike_G","Strike_G","Strike_G","Strike_G","Strike_G","Survivor","Neutralize+1","Regret","Acrobatics+1","Riddle With Holes"],"relics":["Busted Crown","PreservedInsect","Calipers","Toxic Egg 2","Anchor","Lantern","Dream Catcher"],"potions_floor_usage":[10,10],"damage_taken":[{"damage":3,"enemies":"2 Louse","floor":1,"turns":3},{"damage":40,"enemies":"Gremlin Nob","floor":7,"turns":6},{"damage":1,"enemies":"Small Slimes","floor":8,"turns":4},{"damage":4,"enemies":"3 Sentries","floor":10,"turns":6},{"damage":22,"enemies":"Lagavulin","floor":12,"turns":9}],"seed_played":"4759812701840464166","potions_obtained":[{"floor":7,"key":"Explosive Potion"},{"floor":10,"key":"Fruit Juice"}],"is_trial":false,"path_per_floor":["M","$","?","?","?","T","E","M","T","E","R","E","?"],"character_chosen":"THE_SILENT","items_purchased":[],"campfire_rested":0,"item_purchase_floors":[],"current_hp_per_floor":[67,67,64,64,64,64,24,23,23,24,24,2,0],"gold":155,"neow_bonus":"BOSS_RELIC","is_prod":false,"is_daily":false,"chose_seed":false,"campfire_upgraded":1,"win_rate":0,"timestamp":1544965069,"path_taken":["M","$","?","?","?","?","E","M","T","E","R","E","?"],"build_version":"2018-12-13","purchased_purges":1,"victory":false,"max_hp_per_floor":[70,70,70,70,70,70,70,70,70,75,75,75,75],"card_choices":[{"not_picked":["Deflect"],"picked":"SKIP","floor":1},{"not_picked":["Expertise+1"],"picked":"SKIP","floor":7},{"not_picked":[],"picked":"Acrobatics+1","floor":8},{"not_picked":["Sucker Punch"],"picked":"SKIP","floor":10},{"not_picked":[],"picked":"Riddle With Holes","floor":12}],"player_experience":205369,"relics_obtained":[{"floor":6,"key":"Toxic Egg 2"},{"floor":7,"key":"Anchor"},{"floor":10,"key":"Lantern"},{"floor":12,"key":"Dream Catcher"}],"event_choices":[{"damage_healed":0,"gold_gain":0,"player_choice":"Success","damage_taken":3,"relics_obtained":["PreservedInsect"],"max_hp_gain":0,"max_hp_loss":0,"event_name":"Scrap Ooze","floor":3,"gold_loss":0},{"damage_healed":0,"gold_gain":0,"player_choice":"Box","damage_taken":0,"relics_obtained":["Calipers"],"max_hp_gain":0,"max_hp_loss":0,"event_name":"Big Fish","floor":4,"gold_loss":0,"cards_obtained":["Regret"]},{"damage_healed":0,"gold_gain":0,"player_choice":"Leave","damage_taken":0,"max_hp_gain":0,"max_hp_loss":0,"event_name":"The Cleric","floor":5,"gold_loss":0}],"is_beta":true,"boss_relics":[],"items_purged_floors":[2],"is_endless":false,"potions_floor_spawned":[7,10],"ascension_level":0}