{"gold_per_floor":[112,112,131,56,66,101,101,134,134,155,185,185,195,212,212,316,316,329,329,329,346,359,359],"floor_reached":23,"playtime":1615,"items_purged":["Defend_R"],"score":211,"play_id":"adcc422f-9b9d-41a4-9f3d-4c93c9660ede","local_time":"20181124224524","is_ascension_mode":false,"campfire_choices":[{"floor":7,"key":"RECALL"},{"data":"Blind","floor":12,"key":"SMITH"},{"data":"Spot Weakness","floor":15,"key":"SMITH"}],"neow_cost":"NONE","seed_source_timestamp":271550793121788,"circlet_count":0,"master_deck":["Strike_R","Strike_R","Defend_R","Defend_R","Defend_R","Bash","Blind+1","Warcry","Shrug It Off","Intimidate","Spot Weakness+1","Spot Weakness","Clash","Sword Boomerang","Twin Strike","Flex","Feed","Seeing Red+1","Evolve+1","Combust+1","Anger","Heavy Blade","Anger"],"relics":["Burning Blood","Dodecahedron","Shuriken","Odd Mushroom","Art of War","Astrolabe"],"potions_floor_usage":[10,11,11,18,18,23,23],"damage_taken":[{"damage":1,"enemies":"2 Louse","floor":1,"turns":4},{"damage":1,"enemies":"Cultist","floor":3,"turns":4},{"damage":8,"enemies":"Jaw Worm","floor":5,"turns":4},{"damage":39,"enemies":"3 Sentries","floor":6,"turns":13},{"damage":15,"enemies":"Lagavulin","floor":8,"turns":8},{"damage":17,"enemies":"The Mushroom Lair","floor":10,"turns":5},{"damage":7,"enemies":"Gremlin Nob","floor":11,"turns":4},{"damage":0,"enemies":"3 Louse","floor":13,"turns":2},{"damage":0,"enemies":"2 Fungi Beasts","floor":14,"turns":3},{"damage":11,"enemies":"Slime Boss","floor":16,"turns":11},{"damage":0,"enemies":"Spheric Guardian","floor":18,"turns":3},{"damage":27,"enemies":"2 Thieves","floor":21,"turns":3},{"damage":27,"enemies":"Shelled Parasite and Fungi","floor":22,"turns":5},{"damage":31,"enemies":"Slavers","floor":23,"turns":3}],"seed_played":"-3662277976916249280","potions_obtained":[{"floor":6,"key":"Weak Potion"},{"floor":8,"key":"Dexterity Potion"},{"floor":10,"key":"AttackPotion"},{"floor":11,"key":"SpeedPotion"},{"floor":16,"key":"Explosive Potion"},{"floor":21,"key":"FearPotion"},{"floor":22,"key":"EssenceOfSteel"}],"is_trial":false,"path_per_floor":["M","?","M","$","M","E","R","E","T","?","E","R","M","M","R","B",null,"M","?","?","M","M","E"],"character_chosen":"IRONCLAD","items_purchased":[],"campfire_rested":0,"item_purchase_floors":[],"current_hp_per_floor":[80,80,80,80,78,45,45,36,36,25,24,24,30,36,36,31,80,83,83,67,46,25,0],"gold":359,"neow_bonus":"RANDOM_COLORLESS","is_prod":false,"is_daily":false,"chose_seed":false,"campfire_upgraded":2,"win_rate":0,"timestamp":1543099524,"path_taken":["M","?","?","$","M","E","R","E","T","?","E","R","M","M","R","BOSS","M","?","?","M","M","E"],"build_version":"2018-11-15","purchased_purges":1,"victory":false,"max_hp_per_floor":[80,80,80,80,80,80,80,80,80,80,80,80,80,80,80,80,80,83,83,88,88,88,88],"card_choices":[{"not_picked":["Headbutt","Pummel"],"picked":"Warcry","floor":1},{"not_picked":["Clash","Burning Pact"],"picked":"Shrug It Off","floor":3},{"not_picked":["Evolve","Havoc"],"picked":"Intimidate","floor":5},{"not_picked":["Twin Strike","Fire Breathing"],"picked":"Spot Weakness","floor":6},{"not_picked":["Corruption","Inflame"],"picked":"Spot Weakness","floor":8},{"not_picked":["Metallicize","Cleave"],"picked":"Clash","floor":10},{"not_picked":["Body Slam","Thunderclap"],"picked":"Sword Boomerang","floor":11},{"not_picked":["Cleave","Shrug It Off"],"picked":"Twin Strike","floor":13},{"not_picked":["Dropkick","Pommel Strike"],"picked":"Flex","floor":14},{"not_picked":["Reaper","Dark Embrace"],"picked":"Feed","floor":16},{"not_picked":["Bloodletting+1","Intimidate"],"picked":"Anger","floor":18},{"not_picked":["True Grit","Warcry"],"picked":"Anger","floor":21},{"not_picked":["Sentinel","Entrench","Evolve+1"],"picked":"SKIP","floor":22}],"player_experience":99990,"relics_obtained":[{"floor":6,"key":"Dodecahedron"},{"floor":8,"key":"Shuriken"},{"floor":10,"key":"Odd Mushroom"},{"floor":11,"key":"Art of War"}],"event_choices":[{"damage_healed":0,"gold_gain":0,"player_choice":"Bought 0 Potions","damage_taken":0,"max_hp_gain":0,"max_hp_loss":0,"event_name":"The Woman in Blue","floor":2,"gold_loss":0},{"damage_healed":0,"gold_gain":0,"player_choice":"Fought Mushrooms","damage_taken":0,"max_hp_gain":0,"max_hp_loss":0,"event_name":"Mushrooms","floor":10,"gold_loss":0},{"damage_healed":0,"gold_gain":0,"player_choice":"Read","damage_taken":0,"max_hp_gain":0,"max_hp_loss":0,"event_name":"The Library","floor":19,"gold_loss":0,"cards_obtained":["Heavy Blade"]},{"damage_healed":0,"gold_gain":0,"player_choice":"Shed Blood","damage_taken":21,"max_hp_gain":5,"max_hp_loss":0,"event_name":"Forgotten Altar","floor":20,"gold_loss":0}],"is_beta":true,"boss_relics":[{"not_picked":["Velvet Choker","Orrery"],"picked":"Astrolabe"}],"items_purged_floors":[4],"is_endless":false,"potions_floor_spawned":[6,8,10,11,16,21,22],"killed_by":"Slavers","ascension_level":0}