{"gold_per_floor":[12,12,25,41,41,66,66,66,114,15,27,37,67,87,87,188,188,202,214,214,22,22],"floor_reached":22,"playtime":2597,"items_purged":[],"score":196,"play_id":"828d61a1-4641-410e-a2d5-cfab0c0451e0","local_time":"20181229010840","is_ascension_mode":false,"campfire_choices":[{"floor":7.0,"key":"REST"},{"floor":15.0,"key":"REST"}],"neow_cost":"NO_GOLD","seed_source_timestamp":0,"circlet_count":0,"master_deck":["Strike_B","Strike_B","Strike_B","Defend_B","Defend_B","Zap","Dualcast","Beam Cell","Coolheaded","Rebound","Auto Shields","Melter","Rip and Tear","Conserve Battery","Stack","Redo","Rainbow","Multi-Cast","Ball Lightning","Creative AI","Redo+1","Conserve Battery","RitualDagger"],"special_seed":0,"relics":["Cracked Core","Shuriken","Darkstone Periapt","FaceOfCleric","Ancient Tea Set","Kunai","White Beast Statue","MealTicket"],"potions_floor_usage":[],"damage_taken":[{"damage":9.0,"enemies":"Jaw Worm","floor":1.0,"turns":2.0},{"damage":8.0,"enemies":"Small Slimes","floor":3.0,"turns":3.0},{"damage":0.0,"enemies":"Cultist","floor":4.0,"turns":2.0},{"damage":15.0,"enemies":"3 Sentries","floor":6.0,"turns":8.0},{"damage":1.0,"enemies":"Looter","floor":11.0,"turns":3.0},{"damage":6.0,"enemies":"3 Louse","floor":12.0,"turns":3.0},{"damage":12.0,"enemies":"Gremlin Nob","floor":13.0,"turns":4.0},{"damage":8.0,"enemies":"Red Slaver","floor":14.0,"turns":3.0},{"damage":48.0,"enemies":"Hexaghost","floor":16.0,"turns":11.0},{"damage":33.0,"enemies":"2 Thieves","floor":18.0,"turns":4.0},{"damage":14.0,"enemies":"Chosen","floor":19.0,"turns":5.0},{"damage":29,"enemies":"Shelled Parasite and Fungi","floor":22,"turns":3}],"seed_played":"7123759486703473540","potions_obtained":[{"floor":3.0,"key":"Poison Potion"},{"floor":12.0,"key":"FearPotion"},{"floor":14.0,"key":"FearPotion"},{"floor":18.0,"key":"SkillPotion"},{"floor":19.0,"key":"GamblersBrew"}],"is_trial":false,"path_per_floor":["M","?","M","M","T","E","R","?","T","$","M","M","E","M","R","B",null,"M","M","?","$","M"],"character_chosen":"DEFECT","items_purchased":["Conserve Battery","Stack","MealTicket"],"campfire_rested":2,"item_purchase_floors":[10,10,21],"current_hp_per_floor":[66,59,51,51,51,36,58,58,58,58,58,53,42,35,58,11,80,48,35,29,29,0],"gold":22,"neow_bonus":"TRANSFORM_TWO_CARDS","is_prod":false,"is_daily":false,"chose_seed":false,"campfire_upgraded":0,"win_rate":0.0,"timestamp":1546006120,"path_taken":["M","?","M","M","?","E","R","?","T","$","M","M","E","?","R","BOSS","M","M","?","$","M"],"build_version":"2018-12-20","purchased_purges":0,"victory":false,"max_hp_per_floor":[75,75,75,75,75,75,75,75,75,75,76,77,78,79,79,80,80,81,82,82,82,82],"card_choices":[{"not_picked":["Defragment","Go for the Eyes"],"picked":"Rebound","floor":1.0},{"not_picked":["Rebound","Compile Driver"],"picked":"Auto Shields","floor":3.0},{"not_picked":["Rebound","Blizzard"],"picked":"Melter","floor":4.0},{"not_picked":["White Noise","Beam Cell"],"picked":"Rip and Tear","floor":6.0},{"not_picked":["Hologram","Beam Cell"],"picked":"Redo","floor":11.0},{"not_picked":["Leap","Conserve Battery"],"picked":"Rainbow","floor":12.0},{"not_picked":["Blizzard","Leap"],"picked":"Multi-Cast","floor":13.0},{"not_picked":["Storm","Rebound"],"picked":"Ball Lightning","floor":14.0},{"not_picked":["Fission","Rainbow"],"picked":"Creative AI","floor":16.0},{"not_picked":["Tempest","White Noise+1"],"picked":"Redo+1","floor":18.0},{"not_picked":["Streamline","Steam"],"picked":"Conserve Battery","floor":19.0}],"player_experience":23771,"relics_obtained":[{"floor":5.0,"key":"Shuriken"},{"floor":6.0,"key":"Darkstone Periapt"},{"floor":9.0,"key":"Ancient Tea Set"},{"floor":13.0,"key":"Kunai"}],"event_choices":[{"cards_removed":["Defend_B"],"damage_healed":0.0,"max_hp_gain":0.0,"max_hp_loss":0.0,"gold_gain":0.0,"event_name":"Golden Wing","player_choice":"Card Removal","floor":2.0,"gold_loss":0.0,"damage_taken":7.0},{"damage_healed":0.0,"max_hp_gain":0.0,"max_hp_loss":0.0,"gold_gain":0.0,"event_name":"FaceTrader","player_choice":"Trade","floor":8.0,"gold_loss":0.0,"damage_taken":0.0,"relics_obtained":["FaceOfCleric"]},{"damage_healed":0.0,"max_hp_gain":0.0,"max_hp_loss":0.0,"gold_gain":0.0,"event_name":"Nest","player_choice":"Joined the Cult","floor":20.0,"gold_loss":0.0,"damage_taken":6.0,"cards_obtained":["RitualDagger"]}],"is_beta":false,"boss_relics":[{"not_picked":["Runic Pyramid","Coffee Dripper"],"picked":"White Beast Statue"}],"items_purged_floors":[],"is_endless":false,"potions_floor_spawned":[3,12,14,18,19],"killed_by":"Shelled Parasite and Fungi","ascension_level":0}