{"gold_per_floor":[109,123,140,160,180,180,208,208,208,234,3,19,19,29,29,130,180,192,212,212,212,224,241,272,272,296,326,326,326,326,14,14,14],"floor_reached":33,"playtime":2173,"items_purged":["Defend_R"],"score":322,"play_id":"02aeaa95-8030-46c5-8e61-c8bb90e6dc0d","local_time":"20181124214326","is_ascension_mode":false,"campfire_choices":[{"floor":6,"key":"RECALL"},{"data":"Infernal Blade","floor":15,"key":"SMITH"},{"data":"Fire Breathing","floor":25,"key":"SMITH"},{"data":"Anger","floor":32,"key":"SMITH"}],"neow_cost":"NONE","seed_source_timestamp":267275620226086,"circlet_count":0,"master_deck":["Strike_R","Strike_R","Strike_R","Strike_R","Strike_R","Defend_R+1","Defend_R+1","Bash+1","Blind","Pommel Strike","Clash","Clash","Warcry","Anger+1","Fire Breathing+1","Headbutt","Infernal Blade+1","Immolate","Offering","Dropkick","Thunderclap+1","Pommel Strike+1","RitualDagger","Rampage","Pommel Strike","Combust+1","Sever Soul+1","Clash"],"relics":["Burning Blood","Torii","Happy Flower","Orichalcum","Unceasing Top","Tiny House","Juzu Bracelet","Bag of Preparation","Self Forming Clay","Membership Card","Frozen Egg 2"],"potions_floor_usage":[7,16,18,22,24,33,33,33],"damage_taken":[{"damage":0,"enemies":"Cultist","floor":1,"turns":4},{"damage":0,"enemies":"Small Slimes","floor":2,"turns":3},{"damage":1,"enemies":"Jaw Worm","floor":3,"turns":2},{"damage":0,"enemies":"2 Fungi Beasts","floor":4,"turns":2},{"damage":0,"enemies":"3 Louse","floor":5,"turns":3},{"damage":13,"enemies":"Lagavulin","floor":7,"turns":5},{"damage":19,"enemies":"3 Sentries","floor":10,"turns":8},{"damage":11,"enemies":"Exordium Thugs","floor":12,"turns":3},{"damage":3,"enemies":"2 Fungi Beasts","floor":14,"turns":3},{"damage":42,"enemies":"The Guardian","floor":16,"turns":8},{"damage":21,"enemies":"2 Thieves","floor":18,"turns":4},{"damage":7,"enemies":"Spheric Guardian","floor":19,"turns":3},{"damage":15,"enemies":"Shelled Parasite and Fungi","floor":22,"turns":4},{"damage":6,"enemies":"3 Cultists","floor":23,"turns":3},{"damage":22,"enemies":"Book of Stabbing","floor":24,"turns":3},{"damage":8,"enemies":"Gremlin Leader","floor":27,"turns":3},{"damage":59,"enemies":"Automaton","floor":33,"turns":6}],"seed_played":"-8109040540262221","potions_obtained":[{"floor":1,"key":"Block Potion"},{"floor":4,"key":"Regen Potion"},{"floor":7,"key":"SpeedPotion"},{"floor":12,"key":"SmokeBomb"},{"floor":16,"key":"Energy Potion"},{"floor":17,"key":"LiquidBronze"},{"floor":18,"key":"Explosive Potion"},{"floor":19,"key":"Weak Potion"},{"floor":24,"key":"Swift Potion"},{"floor":27,"key":"Regen Potion"}],"is_trial":false,"path_per_floor":["M","M","M","M","M","R","E","?","T","E","$","M","?","M","R","B",null,"M","M","?","?","M","M","E","R","T","E","?","?","?","$","R","B"],"character_chosen":"IRONCLAD","items_purchased":["Orichalcum","Membership Card","Frozen Egg 2"],"campfire_rested":0,"item_purchase_floors":[11,31,31],"current_hp_per_floor":[80,80,80,80,80,80,73,57,57,44,44,39,39,42,42,15,85,70,69,63,63,54,54,38,38,38,36,20,20,20,20,20,0],"gold":14,"neow_bonus":"RANDOM_COLORLESS","is_prod":false,"is_daily":false,"chose_seed":false,"campfire_upgraded":3,"win_rate":0,"timestamp":1543095806,"path_taken":["M","?","M","M","M","R","E","?","T","E","$","M","?","M","R","BOSS","M","M","?","?","?","M","E","R","T","E","?","?","?","?","R","BOSS"],"build_version":"2018-11-15","purchased_purges":1,"victory":false,"max_hp_per_floor":[80,80,80,80,80,80,80,80,80,80,80,80,80,80,80,80,85,85,85,85,85,85,85,85,85,85,85,90,90,90,90,90,90],"card_choices":[{"not_picked":["Thunderclap","Wild Strike"],"picked":"Pommel Strike","floor":1},{"not_picked":["Flex","True Grit"],"picked":"Clash","floor":2},{"not_picked":["Flame Barrier","Twin Strike"],"picked":"Clash","floor":3},{"not_picked":["Wild Strike","Combust"],"picked":"Warcry","floor":4},{"not_picked":["Heavy Blade","Warcry"],"picked":"Anger","floor":5},{"not_picked":["Rampage","Burning Pact"],"picked":"Fire Breathing","floor":7},{"not_picked":["Bludgeon","Sentinel"],"picked":"Headbutt","floor":10},{"not_picked":["Shrug It Off","Armaments"],"picked":"Infernal Blade","floor":12},{"not_picked":["True Grit","Heavy Blade"],"picked":"Immolate","floor":14},{"not_picked":["Berserk","Fiend Fire"],"picked":"Offering","floor":16},{"not_picked":["Flex","Cleave"],"picked":"Dropkick","floor":17},{"not_picked":["Headbutt+1","Shockwave+1"],"picked":"Thunderclap+1","floor":18},{"not_picked":["Clothesline","Hemokinesis"],"picked":"Pommel Strike+1","floor":19},{"not_picked":["Wild Strike","Dual Wield"],"picked":"Pommel Strike","floor":22},{"not_picked":["Body Slam+1","Thunderclap"],"picked":"Combust+1","floor":23},{"not_picked":["Carnage","Body Slam+1"],"picked":"Sever Soul+1","floor":24},{"not_picked":["Clothesline","Disarm"],"picked":"Clash","floor":27}],"player_experience":95742,"relics_obtained":[{"floor":7,"key":"Torii"},{"floor":10,"key":"Happy Flower"},{"floor":24,"key":"Juzu Bracelet"},{"floor":26,"key":"Bag of Preparation"},{"floor":27,"key":"Self Forming Clay"}],"event_choices":[{"damage_healed":0,"gold_gain":0,"player_choice":"Entered Light","damage_taken":16,"max_hp_gain":0,"max_hp_loss":0,"event_name":"Shining Light","floor":8,"gold_loss":0,"cards_upgraded":["Defend_R","Bash"]},{"damage_healed":0,"gold_gain":0,"player_choice":"Box","damage_taken":0,"relics_obtained":["Unceasing Top"],"max_hp_gain":0,"max_hp_loss":0,"event_name":"Big Fish","floor":13,"gold_loss":0,"cards_obtained":["Regret"]},{"damage_healed":0,"gold_gain":0,"player_choice":"Joined the Cult","damage_taken":6,"max_hp_gain":0,"max_hp_loss":0,"event_name":"Nest","floor":20,"gold_loss":0,"cards_obtained":["RitualDagger"]},{"damage_healed":0,"gold_gain":0,"cards_transformed":["Defend_R"],"player_choice":"Transformed","damage_taken":0,"max_hp_gain":0,"max_hp_loss":0,"event_name":"Transmorgrifier","floor":21,"gold_loss":0,"cards_obtained":["Rampage"]},{"damage_healed":0,"gold_gain":0,"player_choice":"Shed Blood","damage_taken":21,"max_hp_gain":5,"max_hp_loss":0,"event_name":"Forgotten Altar","floor":28,"gold_loss":0},{"damage_healed":0,"gold_gain":0,"player_choice":"Ignored","damage_taken":0,"max_hp_gain":0,"max_hp_loss":0,"event_name":"Ghosts","floor":29,"gold_loss":0},{"cards_removed":["Regret"],"damage_healed":0,"gold_gain":0,"player_choice":"Elegance","damage_taken":0,"max_hp_gain":0,"max_hp_loss":0,"event_name":"Back to Basics","floor":30,"gold_loss":0}],"is_beta":true,"boss_relics":[{"not_picked":["Black Blood","Ectoplasm"],"picked":"Tiny House"}],"items_purged_floors":[11],"is_endless":false,"potions_floor_spawned":[1,4,7,12,16,18,19,24,27],"killed_by":"Automaton","ascension_level":0}