{"gold_per_floor":[115,134,134,59,71,100,100,112,137,147,158,187,198,217,217,313,313,326,34,34,45,45,45,74,74,74,174,174,184,217,234,234,234],"floor_reached":33,"playtime":3259,"items_purged":["Strike_G"],"score":349,"play_id":"636c19d9-4b09-4d87-a496-546a9036012e","local_time":"20181118015640","is_ascension_mode":false,"campfire_choices":[{"data":"Calculated Gamble","floor":7,"key":"SMITH"},{"data":"Calculated Gamble","floor":15,"key":"SMITH"},{"data":"Defend_G","floor":23,"key":"PURGE"},{"data":"Defend_G","floor":25,"key":"PURGE"},{"data":"Defend_G","floor":28,"key":"PURGE"},{"data":"Venomology","floor":32,"key":"SMITH"}],"neow_cost":"NONE","seed_source_timestamp":284960238317143,"circlet_count":0,"master_deck":["Defend_G","Defend_G","Survivor+1","Neutralize","Dagger Spray","Quick Slash","Calculated Gamble+1","Cloak And Dagger","Corpse Explosion+1","Calculated Gamble+1","Predator","Eviscerate","Venomology+1","Cloak And Dagger","Bite","Bite","Bite","Bite","Bite","Dagger Throw","Slice","Backstab","Tactician+1","Eviscerate"],"relics":["WristBlade","Dream Catcher","Orichalcum","PreservedInsect","Coffee Dripper","Peace Pipe","War Paint","Darkstone Periapt","Tough Bandages"],"potions_floor_usage":[6,12,16,16,18,18,21,21,24,29,33,33,33],"damage_taken":[{"damage":0,"enemies":"2 Louse","floor":1,"turns":4},{"damage":1,"enemies":"Cultist","floor":2,"turns":3},{"damage":0,"enemies":"Jaw Worm","floor":5,"turns":3},{"damage":24,"enemies":"3 Sentries","floor":6,"turns":8},{"damage":2,"enemies":"Large Slime","floor":8,"turns":8},{"damage":0,"enemies":"Red Slaver","floor":10,"turns":4},{"damage":0,"enemies":"Looter","floor":11,"turns":3},{"damage":12,"enemies":"Gremlin Nob","floor":12,"turns":4},{"damage":7,"enemies":"Lots of Slimes","floor":13,"turns":3},{"damage":3,"enemies":"Gremlin Gang","floor":14,"turns":4},{"damage":16,"enemies":"The Guardian","floor":16,"turns":13},{"damage":11,"enemies":"Shell Parasite","floor":18,"turns":8},{"damage":3,"enemies":"Spheric Guardian","floor":21,"turns":4},{"damage":22,"enemies":"Book of Stabbing","floor":24,"turns":4},{"damage":9,"enemies":"Chosen and Byrds","floor":29,"turns":3},{"damage":0,"enemies":"Slavers","floor":30,"turns":1},{"damage":14,"enemies":"Centurion and Healer","floor":31,"turns":2},{"damage":58,"enemies":"Champ","floor":33,"turns":7}],"seed_played":"6564295088720143120","potions_obtained":[{"floor":2,"key":"Weak Potion"},{"floor":10,"key":"Weak Potion"},{"floor":11,"key":"Dexterity Potion"},{"floor":14,"key":"GamblersBrew"},{"floor":16,"key":"Energy Potion"},{"floor":18,"key":"SpeedPotion"},{"floor":24,"key":"Poison Potion"},{"floor":31,"key":"Energy Potion"}],"is_trial":false,"path_per_floor":["M","M","?","$","M","E","R","M","T","M","M","E","M","M","R","B",null,"M","$","?","M","?","R","E","R","T","?","R","M","E","M","R","B"],"character_chosen":"THE_SILENT","items_purchased":["Peace Pipe"],"campfire_rested":0,"item_purchase_floors":[19],"current_hp_per_floor":[70,69,70,70,70,46,46,44,44,44,44,32,25,22,22,6,70,59,59,49,46,46,46,34,34,34,34,34,29,31,23,23,0],"gold":234,"neow_bonus":"BOSS_RELIC","is_prod":false,"is_daily":false,"chose_seed":false,"campfire_upgraded":3,"win_rate":0,"timestamp":1542506200,"path_taken":["M","M","?","$","M","E","R","M","T","M","M","E","M","?","R","BOSS","M","$","?","M","?","R","E","R","T","?","R","M","E","M","R","BOSS"],"build_version":"2018-11-15","purchased_purges":1,"victory":false,"max_hp_per_floor":[70,70,70,70,70,70,70,70,70,70,70,70,70,70,70,70,70,70,70,49,49,49,49,49,49,49,49,49,49,49,49,49,49],"card_choices":[{"not_picked":["Flechettes","Acrobatics"],"picked":"Dagger Spray","floor":1},{"not_picked":["Acrobatics","Sucker Punch"],"picked":"Quick Slash","floor":2},{"not_picked":["Bouncing Flask","Dodge and Roll"],"picked":"Calculated Gamble","floor":5},{"not_picked":["Tactician","Deadly Poison","Underhanded Strike"],"picked":"SKIP","floor":6},{"not_picked":["Dagger Throw","Expertise"],"picked":"Cloak And Dagger","floor":8},{"not_picked":["Underhanded Strike","Backflip"],"picked":"Corpse Explosion","floor":10},{"not_picked":["All Out Attack","Underhanded Strike"],"picked":"Calculated Gamble","floor":11},{"not_picked":["Skewer","Bane"],"picked":"Predator","floor":12},{"not_picked":["Outmaneuver","Terror","Blur"],"picked":"SKIP","floor":13},{"not_picked":["Acrobatics","Deadly Poison"],"picked":"Eviscerate","floor":14},{"not_picked":["After Image","Corpse Explosion"],"picked":"Venomology","floor":16},{"not_picked":["Sucker Punch","PiercingWail+1"],"picked":"Cloak And Dagger","floor":18},{"not_picked":["Bane+1","Riddle With Holes+1"],"picked":"Dagger Throw","floor":21},{"not_picked":["Deadly Poison","Corpse Explosion"],"picked":"Backstab","floor":24},{"not_picked":["Flechettes+1","Skewer+1"],"picked":"Tactician+1","floor":29},{"not_picked":["Dodge and Roll+1","Bane","After Image"],"picked":"SKIP","floor":30},{"not_picked":["Underhanded Strike+1","Dash"],"picked":"Eviscerate","floor":31}],"player_experience":72133,"relics_obtained":[{"floor":6,"key":"Dream Catcher"},{"floor":9,"key":"Orichalcum"},{"floor":12,"key":"PreservedInsect"},{"floor":24,"key":"War Paint"},{"floor":26,"key":"Darkstone Periapt"},{"floor":30,"key":"Tough Bandages"}],"event_choices":[{"damage_healed":1,"gold_gain":0,"player_choice":"Full Heal","damage_taken":0,"max_hp_gain":0,"max_hp_loss":0,"event_name":"Wheel of Change","floor":3,"gold_loss":0},{"damage_healed":0,"gold_gain":0,"player_choice":"Became a vampire","damage_taken":0,"max_hp_gain":0,"max_hp_loss":21,"event_name":"Vampires","floor":20,"gold_loss":0,"cards_obtained":["Bite","Bite","Bite","Bite","Bite"]},{"damage_healed":0,"gold_gain":0,"player_choice":"Read","damage_taken":0,"max_hp_gain":0,"max_hp_loss":0,"event_name":"The Library","floor":22,"gold_loss":0,"cards_obtained":["Slice"]},{"damage_healed":0,"gold_gain":100,"player_choice":"Pray","damage_taken":0,"max_hp_gain":0,"max_hp_loss":0,"event_name":"Golden Shrine","floor":27,"gold_loss":0}],"is_beta":true,"boss_relics":[{"not_picked":["Fusion Hammer","Runic Pyramid"],"picked":"Coffee Dripper"}],"items_purged_floors":[4],"is_endless":false,"potions_floor_spawned":[2,10,11,14,16,18,24,31],"killed_by":"Champ","ascension_level":0}