{"gold_per_floor":[119,134,144,159,159,179,214,214,214,73,99,99,117,134,134,233,233,250,270,250,262,342,374,392,392,392,417,417,342,372,372,372,372],"floor_reached":33,"playtime":2728,"items_purged":[],"score":347,"play_id":"5121b112-4b3a-4dc5-a239-2f643f7d1830","local_time":"20181222201606","is_ascension_mode":true,"campfire_choices":[{"floor":8,"key":"REST"},{"floor":12,"key":"RECALL"},{"data":"Infernal Blade","floor":15,"key":"SMITH"},{"floor":25,"key":"REST"},{"floor":32,"key":"REST"}],"neow_cost":"NONE","seed_source_timestamp":182942275912117,"circlet_count":0,"master_deck":["Strike_R","Strike_R","Strike_R","Strike_R","Strike_R","Defend_R","Defend_R","Bash","Clothesline","Burning Pact","Sword Boomerang","Blood for Blood","Combust","Dual Wield","Feed","Offering","Infernal Blade+1","Bludgeon","Feel No Pain+1","Clash+1","Clash+1","Flame Barrier+1","Fiend Fire","Carnage","RitualDagger","Carnage"],"relics":["Burning Blood","PreservedInsect","Regal Pillow","Velvet Choker","Tiny Chest","Blood Vial","Bottled Flame","Matryoshka","Pen Nib","Vajra"],"potions_floor_usage":[7,16,16,23,24,24,24,33],"damage_taken":[{"damage":9,"enemies":"Jaw Worm","floor":1,"turns":4},{"damage":4,"enemies":"Cultist","floor":2,"turns":3},{"damage":0,"enemies":"Small Slimes","floor":3,"turns":3},{"damage":28,"enemies":"Exordium Thugs","floor":4,"turns":5},{"damage":5,"enemies":"3 Louse","floor":6,"turns":4},{"damage":59,"enemies":"3 Sentries","floor":7,"turns":7},{"damage":4,"enemies":"Large Slime","floor":13,"turns":5},{"damage":15,"enemies":"2 Fungi Beasts","floor":14,"turns":3},{"damage":47,"enemies":"The Guardian","floor":16,"turns":11},{"damage":31,"enemies":"3 Byrds","floor":18,"turns":4},{"damage":8,"enemies":"Shell Parasite","floor":19,"turns":2},{"damage":22,"enemies":"Snecko","floor":21,"turns":4},{"damage":32,"enemies":"Slavers","floor":23,"turns":2},{"damage":6,"enemies":"Snake Plant","floor":24,"turns":1},{"damage":34,"enemies":"Book of Stabbing","floor":27,"turns":5},{"damage":42,"enemies":"Slavers","floor":30,"turns":3},{"damage":57,"enemies":"Collector","floor":33,"turns":8}],"seed_played":"-6857495888123751161","potions_obtained":[{"floor":4,"key":"Block Potion"},{"floor":6,"key":"Regen Potion"},{"floor":7,"key":"Fire Potion"},{"floor":14,"key":"SkillPotion"},{"floor":18,"key":"PowerPotion"},{"floor":20,"key":"Poison Potion"},{"floor":23,"key":"Fire Potion"},{"floor":30,"key":"Energy Potion"}],"is_trial":false,"path_per_floor":["M","M","M","M","?","M","E","R","T","$","T","R","M","M","R","B",null,"M","M","?","M","T","E","M","R","T","E","?","?","E","?","R","B"],"character_chosen":"IRONCLAD","items_purchased":["Feed"],"campfire_rested":3,"item_purchase_floors":[10],"current_hp_per_floor":[85,87,88,66,66,67,29,55,55,55,55,55,57,51,51,10,91,69,67,67,51,51,25,27,70,70,47,41,41,10,10,55,0],"gold":372,"neow_bonus":"TEN_PERCENT_HP_BONUS","is_prod":false,"is_daily":false,"chose_seed":false,"campfire_upgraded":1,"win_rate":0,"timestamp":1545527766,"path_taken":["M","M","M","M","?","M","E","R","T","$","?","R","M","M","R","BOSS","M","M","?","?","?","E","M","R","T","E","?","?","E","?","R","BOSS"],"build_version":"2018-12-20","purchased_purges":0,"victory":false,"max_hp_per_floor":[88,88,88,88,88,88,88,88,88,88,88,88,88,91,91,91,91,94,94,94,94,94,94,94,94,94,97,97,97,100,100,100,100],"card_choices":[{"not_picked":["Shrug It Off","Flex"],"picked":"Clothesline","floor":1},{"not_picked":["Warcry","Searing Blow"],"picked":"Burning Pact","floor":2},{"not_picked":["Twin Strike","Perfected Strike"],"picked":"Sword Boomerang","floor":3},{"not_picked":["Clothesline","Perfected Strike"],"picked":"Blood for Blood","floor":4},{"not_picked":["Armaments","Body Slam"],"picked":"Combust","floor":6},{"not_picked":["Cleave","Searing Blow"],"picked":"Dual Wield","floor":7},{"not_picked":["Body Slam","Corruption"],"picked":"Offering","floor":13},{"not_picked":["Pummel","Entrench"],"picked":"Infernal Blade","floor":14},{"not_picked":["Fiend Fire","Dark Embrace"],"picked":"Bludgeon","floor":16},{"not_picked":["Sword Boomerang","Reckless Charge"],"picked":"Feel No Pain+1","floor":18},{"not_picked":["Cleave+1","Reckless Charge"],"picked":"Clash+1","floor":19},{"not_picked":["Perfected Strike","Body Slam"],"picked":"Clash+1","floor":21},{"not_picked":["Clash","Burning Pact"],"picked":"Flame Barrier+1","floor":23},{"not_picked":["Cleave","Shrug It Off"],"picked":"Fiend Fire","floor":24},{"not_picked":["Headbutt","Metallicize+1"],"picked":"Carnage","floor":27},{"not_picked":["Second Wind","Shrug It Off"],"picked":"Carnage","floor":30}],"player_experience":58222,"relics_obtained":[{"floor":7,"key":"PreservedInsect"},{"floor":11,"key":"Regal Pillow"},{"floor":22,"key":"Tiny Chest"},{"floor":23,"key":"Blood Vial"},{"floor":26,"key":"Bottled Flame"},{"floor":27,"key":"Matryoshka"},{"floor":30,"key":"Pen Nib"}],"event_choices":[{"cards_removed":["Defend_R"],"damage_healed":0,"gold_gain":0,"player_choice":"Offered Basic","damage_taken":0,"max_hp_gain":0,"max_hp_loss":0,"event_name":"Bonfire Elementals","floor":5,"gold_loss":0},{"damage_healed":0,"gold_gain":0,"player_choice":"Bought 1 Potion","damage_taken":0,"max_hp_gain":0,"max_hp_loss":0,"event_name":"The Woman in Blue","floor":20,"gold_loss":0},{"damage_healed":0,"gold_gain":0,"player_choice":"Joined the Cult","damage_taken":6,"max_hp_gain":0,"max_hp_loss":0,"event_name":"Nest","floor":28,"gold_loss":0,"cards_obtained":["RitualDagger"]},{"cards_removed":["Defend_R"],"damage_healed":0,"gold_gain":0,"player_choice":"Gave Gold","damage_taken":0,"max_hp_gain":0,"max_hp_loss":0,"event_name":"Beggar","floor":29,"gold_loss":75},{"damage_healed":0,"gold_gain":0,"player_choice":"Opened","damage_taken":0,"relics_obtained":["Vajra"],"max_hp_gain":0,"max_hp_loss":0,"event_name":"The Mausoleum","floor":31,"gold_loss":0}],"is_beta":false,"boss_relics":[{"not_picked":["Runic Pyramid","Eternal Feather"],"picked":"Velvet Choker"}],"items_purged_floors":[],"is_endless":false,"potions_floor_spawned":[4,6,7,14,18,23,30],"killed_by":"Collector","ascension_level":1}