{"gold_per_floor":[113,124,136,166,182,182,214,214,214,244,244,264,278,296,296,397,397,380,394,394,48,48,48,73,73,73,100,120,139,154,167,167,167],"floor_reached":33,"playtime":2440,"items_purged":[],"score":316,"play_id":"9ef5655b-7c8a-4b19-8a6e-b8cac53d5f50","local_time":"20190108221007","is_ascension_mode":true,"campfire_choices":[{"data":"Barricade","floor":6,"key":"SMITH"},{"floor":8,"key":"REST"},{"floor":15,"key":"REST"},{"floor":23,"key":"REST"},{"floor":25,"key":"REST"},{"floor":32,"key":"REST"}],"neow_cost":"NONE","seed_source_timestamp":12310700124877,"circlet_count":0,"master_deck":["Strike_R","Strike_R","Strike_R","Strike_R","Strike_R","Defend_R","Defend_R+1","Defend_R","Defend_R","Bash","Blind","Flex","Barricade+1","Headbutt","Metallicize","Rampage","Sword Boomerang+1","True Grit","Feed","Iron Wave","Exhume","Second Wind","Shrug It Off","RitualDagger","Shrug It Off","Disarm","Heavy Blade","Shrug It Off","Intimidate+1","Feel No Pain","Warcry+1"],"relics":["Burning Blood","Tiny Chest","Magic Flower","Shuriken","Darkstone Periapt","Mark of Pain","Oddly Smooth Stone","Omamori","StoneCalendar","Ancient Tea Set"],"potions_floor_usage":[7,10,13,19,27,29,30],"damage_taken":[{"damage":0,"enemies":"2 Louse","floor":1,"turns":4},{"damage":0,"enemies":"Small Slimes","floor":2,"turns":3},{"damage":1,"enemies":"Cultist","floor":3,"turns":5},{"damage":7,"enemies":"Looter","floor":5,"turns":3},{"damage":33,"enemies":"3 Sentries","floor":7,"turns":17},{"damage":19,"enemies":"Gremlin Nob","floor":10,"turns":5},{"damage":13,"enemies":"Large Slime","floor":12,"turns":8},{"damage":17,"enemies":"Exordium Wildlife","floor":13,"turns":7},{"damage":5,"enemies":"Red Slaver","floor":14,"turns":4},{"damage":25,"enemies":"The Guardian","floor":16,"turns":16},{"damage":19,"enemies":"2 Thieves","floor":18,"turns":4},{"damage":39,"enemies":"Spheric Guardian","floor":19,"turns":9},{"damage":62,"enemies":"Book of Stabbing","floor":24,"turns":9},{"damage":7,"enemies":"Gremlin Leader","floor":27,"turns":7},{"damage":20,"enemies":"Snecko","floor":28,"turns":5},{"damage":28,"enemies":"Centurion and Healer","floor":29,"turns":7},{"damage":7,"enemies":"Shelled Parasite and Fungi","floor":30,"turns":7},{"damage":7,"enemies":"Snake Plant","floor":31,"turns":7},{"damage":70,"enemies":"Automaton","floor":33,"turns":12}],"seed_played":"5599466068864138089","potions_obtained":[{"floor":3,"key":"SteroidPotion"},{"floor":7,"key":"SneckoOil"},{"floor":12,"key":"SpeedPotion"},{"floor":16,"key":"Weak Potion"},{"floor":18,"key":"SpeedPotion"},{"floor":24,"key":"Explosive Potion"},{"floor":29,"key":"Energy Potion"}],"is_trial":false,"path_per_floor":["M","M","M","?","M","R","E","R","T","E","?","M","M","M","R","B",null,"M","M","?","$","?","R","E","R","T","E","M","M","M","M","R","B"],"character_chosen":"IRONCLAD","items_purchased":["Shrug It Off","Oddly Smooth Stone","Omamori"],"campfire_rested":5,"item_purchase_floors":[21,21,21],"current_hp_per_floor":[80,80,80,77,76,76,49,73,73,63,47,43,35,39,63,47,80,70,45,39,39,39,63,15,40,40,42,31,12,14,16,41,0],"gold":167,"neow_bonus":"RANDOM_COLORLESS","is_prod":false,"is_daily":false,"chose_seed":false,"campfire_upgraded":1,"win_rate":0,"timestamp":1547003407,"path_taken":["M","M","M","?","M","R","E","R","T","E","?","M","M","M","R","BOSS","M","M","?","$","?","R","E","R","T","E","M","M","M","M","R","BOSS"],"build_version":"2019-01-03v4","purchased_purges":0,"victory":false,"max_hp_per_floor":[80,80,80,80,80,80,80,80,80,80,80,80,80,80,80,80,80,80,83,83,83,83,83,86,86,86,86,86,86,86,86,86,86],"card_choices":[{"not_picked":["Perfected Strike","Evolve"],"picked":"Flex","floor":1},{"not_picked":["Iron Wave","Pommel Strike"],"picked":"Barricade","floor":2},{"not_picked":["Flex","Second Wind"],"picked":"Headbutt","floor":3},{"not_picked":["Sword Boomerang","Body Slam"],"picked":"Metallicize","floor":5},{"not_picked":["Bloodletting","Anger"],"picked":"Rampage","floor":7},{"not_picked":["Anger","Body Slam"],"picked":"Sword Boomerang","floor":10},{"not_picked":["Iron Wave","Wild Strike"],"picked":"True Grit","floor":12},{"not_picked":["Heavy Blade","Clash"],"picked":"Feed","floor":13},{"not_picked":["Thunderclap","Searing Blow"],"picked":"Iron Wave","floor":14},{"not_picked":["Berserk","Barricade"],"picked":"Exhume","floor":16},{"not_picked":["Rupture","Pommel Strike+1"],"picked":"Second Wind","floor":18},{"not_picked":["Spot Weakness","Rupture"],"picked":"Shrug It Off","floor":19},{"not_picked":["Clothesline","Corruption+1"],"picked":"Disarm","floor":24},{"not_picked":["Warcry","Iron Wave"],"picked":"Heavy Blade","floor":27},{"not_picked":["Dropkick","Disarm"],"picked":"Shrug It Off","floor":28},{"not_picked":["Feel No Pain","Evolve+1"],"picked":"Intimidate+1","floor":29},{"not_picked":["Heavy Blade","Body Slam"],"picked":"Feel No Pain","floor":30},{"not_picked":["Combust+1","Cleave"],"picked":"Warcry+1","floor":31}],"player_experience":347380,"relics_obtained":[{"floor":7,"key":"Magic Flower"},{"floor":9,"key":"Shuriken"},{"floor":10,"key":"Darkstone Periapt"},{"floor":24,"key":"StoneCalendar"},{"floor":27,"key":"Ancient Tea Set"}],"event_choices":[{"damage_healed":0,"gold_gain":0,"player_choice":"Success","damage_taken":3,"relics_obtained":["Tiny Chest"],"max_hp_gain":0,"max_hp_loss":0,"event_name":"Scrap Ooze","floor":4,"gold_loss":0},{"damage_healed":0,"gold_gain":0,"player_choice":"Entered Light","damage_taken":16,"max_hp_gain":0,"max_hp_loss":0,"event_name":"Shining Light","floor":11,"gold_loss":0,"cards_upgraded":["Sword Boomerang","Defend_R"]},{"damage_healed":0,"gold_gain":0,"player_choice":"Joined the Cult","damage_taken":6,"max_hp_gain":0,"max_hp_loss":0,"event_name":"Nest","floor":20,"gold_loss":0,"cards_obtained":["RitualDagger"]},{"damage_healed":0,"gold_gain":0,"player_choice":"Smashed Altar","damage_taken":0,"max_hp_gain":0,"max_hp_loss":0,"event_name":"Forgotten Altar","floor":22,"gold_loss":0,"cards_obtained":["Decay"]}],"is_beta":false,"boss_relics":[{"not_picked":["Calling Bell","Fusion Hammer"],"picked":"Mark of Pain"}],"items_purged_floors":[],"is_endless":false,"potions_floor_spawned":[3,7,12,16,18,24,29],"killed_by":"Automaton","ascension_level":1}