{"gold_per_floor":[113,124,124,138,138,163,163,496,496,507,130,130,160,170,170,274,274,291,206,206,225,243,277,296,321,321,335,349,349,364,380,380,481,531,551,600,615,164,164],"floor_reached":39,"playtime":3824,"items_purged":[],"score":606,"play_id":"21a14c2e-942a-4abd-95c6-42255e1020bd","local_time":"20181228155415","is_ascension_mode":true,"campfire_choices":[{"data":"Bash","floor":7,"key":"SMITH"},{"data":"Infernal Blade","floor":12,"key":"SMITH"},{"data":"Spot Weakness","floor":15,"key":"SMITH"},{"floor":29,"key":"REST"},{"floor":32,"key":"REST"}],"neow_cost":"NONE","seed_source_timestamp":684583227266250,"circlet_count":0,"master_deck":["Strike_R","Strike_R","Strike_R","Strike_R","Defend_R","Defend_R","Defend_R","Defend_R","Bash+1","Headbutt","Headbutt","Shrug It Off","Pummel","Twin Strike","Infernal Blade+1","Spot Weakness+1","Pommel Strike","Metallicize+1","Offering","Barricade+1","Shrug It Off+1","Clothesline+1","Iron Wave+1","Fire Breathing+1","Perfected Strike+1","Shrug It Off","Metallicize+1","Limit Break","Headbutt+1","Combust+1","Reaper","Wild Strike+1","Perfected Strike","Infernal Blade+1","Flex+1","Apotheosis","Pommel Strike","Parasite"],"relics":["Burning Blood","NeowsBlessing","Question Card","Self Forming Clay","Old Coin","Mercury Hourglass","Vajra","Frozen Egg 2","Lizard Tail","Lantern","Bottled Lightning","Ornamental Fan","Pen Nib","Tiny House","Unceasing Top","Happy Flower"],"potions_floor_usage":[6,13,13,16,16,21,23,33,33,33,35,36,39,39],"damage_taken":[{"damage":0,"enemies":"2 Louse","floor":1,"turns":1},{"damage":0,"enemies":"Jaw Worm","floor":2,"turns":1},{"damage":0,"enemies":"Small Slimes","floor":4,"turns":1},{"damage":22,"enemies":"3 Sentries","floor":6,"turns":9},{"damage":29,"enemies":"Lagavulin","floor":8,"turns":5},{"damage":1,"enemies":"3 Louse","floor":10,"turns":2},{"damage":10,"enemies":"3 Sentries","floor":13,"turns":3},{"damage":0,"enemies":"Exordium Wildlife","floor":14,"turns":3},{"damage":18,"enemies":"Slime Boss","floor":16,"turns":7},{"damage":1,"enemies":"Spheric Guardian","floor":18,"turns":3},{"damage":6,"enemies":"2 Thieves","floor":21,"turns":3},{"damage":9,"enemies":"Sentry and Sphere","floor":22,"turns":4},{"damage":55,"enemies":"Gremlin Leader","floor":23,"turns":8},{"damage":18,"enemies":"Centurion and Healer","floor":24,"turns":6},{"damage":22,"enemies":"Slavers","floor":25,"turns":5},{"damage":3,"enemies":"Chosen and Byrds","floor":27,"turns":5},{"damage":21,"enemies":"Snake Plant","floor":28,"turns":2},{"damage":11,"enemies":"Centurion and Healer","floor":30,"turns":4},{"damage":0,"enemies":"3 Cultists","floor":31,"turns":4},{"damage":47,"enemies":"Collector","floor":33,"turns":12},{"damage":2,"enemies":"Orb Walker","floor":35,"turns":3},{"damage":42,"enemies":"2 Orb Walkers","floor":36,"turns":6},{"damage":31,"enemies":"3 Darklings","floor":37,"turns":5},{"damage":44,"enemies":"Writhing Mass","floor":39,"turns":5}],"seed_played":"4508433972445794975","potions_obtained":[{"floor":1,"key":"Energy Potion"},{"floor":13,"key":"Energy Potion"},{"floor":14,"key":"SpeedPotion"},{"floor":16,"key":"SteroidPotion"},{"floor":22,"key":"SteroidPotion"},{"floor":23,"key":"LiquidBronze"},{"floor":24,"key":"FearPotion"},{"floor":30,"key":"BloodPotion"},{"floor":31,"key":"SteroidPotion"},{"floor":34,"key":"Fire Potion"},{"floor":35,"key":"PowerPotion"},{"floor":37,"key":"PowerPotion"}],"is_trial":false,"path_per_floor":["M","M","?","M","?","E","R","E","T","M","$","R","E","M","R","B",null,"M","?","?","M","M","E","M","E","T","M","M","R","M","M","R","B",null,"M","?","M","$","M"],"character_chosen":"IRONCLAD","items_purchased":["Vajra","Spot Weakness","Pommel Strike","PowerPotion","SkillPotion","Happy Flower","Apotheosis","Pommel Strike","PowerPotion"],"campfire_rested":2,"item_purchase_floors":[11,11,11,11,11,38,38,38,38],"current_hp_per_floor":[80,80,73,79,72,56,56,33,33,38,38,38,34,40,40,28,67,72,72,57,57,54,48,36,20,20,23,8,33,28,34,59,26,75,79,45,40,40,0],"gold":164,"neow_bonus":"THREE_ENEMY_KILL","is_prod":false,"is_daily":false,"chose_seed":false,"campfire_upgraded":3,"win_rate":0,"timestamp":1546030455,"path_taken":["M","M","?","M","?","E","R","E","T","M","?","R","E","M","R","BOSS","M","?","?","M","M","E","M","E","T","M","M","R","M","M","R","BOSS","M","?","M","$","M"],"build_version":"2018-12-20","purchased_purges":0,"victory":false,"max_hp_per_floor":[80,80,80,80,80,80,80,80,80,80,80,80,80,80,80,80,80,80,80,85,85,85,85,85,85,85,85,85,85,85,85,85,85,90,90,90,90,90,90],"card_choices":[{"not_picked":["Cleave","Sword Boomerang"],"picked":"Headbutt","floor":1},{"not_picked":["Bloodletting","Thunderclap"],"picked":"Headbutt","floor":2},{"not_picked":["Shockwave","Brutality","True Grit"],"picked":"Shrug It Off","floor":4},{"not_picked":["Havoc","Feel No Pain","Carnage"],"picked":"Pummel","floor":6},{"not_picked":["Evolve","Warcry","Headbutt"],"picked":"Twin Strike","floor":8},{"not_picked":["Burning Pact","Reckless Charge","Power Through"],"picked":"Infernal Blade","floor":10},{"not_picked":["Shrug It Off","Searing Blow","Clothesline"],"picked":"Metallicize","floor":13},{"not_picked":["Twin Strike","Perfected Strike","Seeing Red"],"picked":"Offering","floor":14},{"not_picked":["Juggernaut+1","Demon Form+1","Brutality+1"],"picked":"Barricade+1","floor":16},{"not_picked":["Combust+1","Fire Breathing+1","Sword Boomerang"],"picked":"Shrug It Off","floor":18},{"not_picked":["True Grit+1","Headbutt","Clash"],"picked":"Clothesline+1","floor":21},{"not_picked":["Searing Blow","Cleave+1","Thunderclap"],"picked":"Iron Wave+1","floor":22},{"not_picked":["Spot Weakness","Ghostly Armor","Infernal Blade"],"picked":"Fire Breathing+1","floor":23},{"not_picked":["Clash+1","Shrug It Off","Pommel Strike"],"picked":"Perfected Strike+1","floor":24},{"not_picked":["Corruption+1","Headbutt","Reckless Charge+1"],"picked":"Shrug It Off","floor":25},{"not_picked":["Armaments","Flex","Reckless Charge"],"picked":"Metallicize+1","floor":27},{"not_picked":["Heavy Blade+1","Clash","Thunderclap"],"picked":"Limit Break","floor":28},{"not_picked":["Thunderclap","True Grit","Carnage"],"picked":"Headbutt+1","floor":30},{"not_picked":["Uppercut","Sever Soul","Thunderclap+1"],"picked":"Combust+1","floor":31},{"not_picked":["Dark Embrace+1","Exhume","Offering"],"picked":"Reaper","floor":33},{"not_picked":["Dropkick","Disarm","Hemokinesis"],"picked":"Wild Strike+1","floor":34},{"not_picked":["Wild Strike+1","Armaments","Clothesline+1"],"picked":"Perfected Strike","floor":35},{"not_picked":["Ghostly Armor+1","Headbutt","Wild Strike+1"],"picked":"Infernal Blade+1","floor":36},{"not_picked":["Havoc+1","Body Slam+1","Cleave+1"],"picked":"Flex+1","floor":37}],"player_experience":244042,"relics_obtained":[{"floor":6,"key":"Self Forming Clay"},{"floor":8,"key":"Old Coin"},{"floor":9,"key":"Mercury Hourglass"},{"floor":13,"key":"Frozen Egg 2"},{"floor":23,"key":"Bottled Lightning"},{"floor":25,"key":"Ornamental Fan"},{"floor":26,"key":"Pen Nib"},{"floor":36,"key":"Unceasing Top"}],"event_choices":[{"damage_healed":0,"gold_gain":0,"player_choice":"Success","damage_taken":7,"relics_obtained":["Question Card"],"max_hp_gain":0,"max_hp_loss":0,"event_name":"Scrap Ooze","floor":3,"gold_loss":0},{"cards_removed":["Strike_R"],"damage_healed":0,"gold_gain":0,"player_choice":"Card Removal","damage_taken":7,"max_hp_gain":0,"max_hp_loss":0,"event_name":"Golden Wing","floor":5,"gold_loss":0},{"damage_healed":0,"gold_gain":0,"player_choice":"Obtained Relic","damage_taken":0,"relics_obtained":["Lantern"],"max_hp_gain":0,"max_hp_loss":0,"event_name":"Addict","floor":19,"gold_loss":85},{"damage_healed":0,"gold_gain":0,"player_choice":"Shed Blood","damage_taken":20,"max_hp_gain":5,"max_hp_loss":0,"event_name":"Forgotten Altar","floor":20,"gold_loss":0},{"damage_healed":0,"gold_gain":0,"player_choice":"Fight","damage_taken":0,"max_hp_gain":0,"max_hp_loss":0,"event_name":"Mysterious Sphere","floor":36,"gold_loss":0}],"is_beta":false,"boss_relics":[{"not_picked":["Mark of Pain","Runic Dome"],"picked":"Lizard Tail"},{"not_picked":["Runic Pyramid","Calling Bell"],"picked":"Tiny House"}],"items_purged_floors":[],"is_endless":false,"potions_floor_spawned":[1,13,14,16,22,23,24,30,31,35,37],"killed_by":"Writhing Mass","ascension_level":5}