{"gold_per_floor":[99,24,24,24,24,24,24,24,24,24,24,24,24,24,24,24,24,24,24,24,24,24,24,24,24,24,24,24,24,24,24,24,24],"floor_reached":33,"playtime":3105,"items_purged":["Defend_G"],"score":281,"play_id":"f2f56f4a-261b-4b9e-8042-3cd3725be8c7","local_time":"20181221173316","is_ascension_mode":false,"campfire_choices":[{"data":"Riddle With Holes","floor":6,"key":"SMITH"},{"data":"Dash","floor":8,"key":"SMITH"},{"data":"Neutralize","floor":10,"key":"SMITH"},{"data":"Backflip","floor":15,"key":"SMITH"},{"floor":23,"key":"REST"},{"data":"Dagger Throw","floor":30,"key":"SMITH"},{"floor":32,"key":"REST"}],"neow_cost":"NONE","seed_source_timestamp":86420825672535,"circlet_count":0,"master_deck":["Defend_G","Defend_G","Defend_G","Defend_G","Strike_G","Strike_G","Strike_G","Strike_G","Strike_G","Survivor","Neutralize+1","Backflip+1","Riddle With Holes+1","Dash+1","Dagger Throw+1","Decay","Well Laid Plans+1","Underhanded Strike","Phantasmal Killer","Bouncing Flask","Noxious Fumes+1","Cloak And Dagger+1","Tactician+1","Dodge and Roll","Blade Dance+1","Quick Slash+1","Infinite Blades+1","Dagger Throw+1"],"relics":["Ectoplasm","Frozen Egg 2","Shuriken","Eternal Feather","Blood Vial","Pear","MutagenicStrength","Potion Belt"],"potions_floor_usage":[20,21,24,25,28,33],"damage_taken":[{"damage":0,"enemies":"Cultist","floor":1,"turns":4},{"damage":0,"enemies":"Jaw Worm","floor":3,"turns":3},{"damage":0,"enemies":"Small Slimes","floor":5,"turns":3},{"damage":8,"enemies":"Exordium Thugs","floor":11,"turns":5},{"damage":0,"enemies":"3 Louse","floor":13,"turns":3},{"damage":5,"enemies":"Lots of Slimes","floor":14,"turns":4},{"damage":3,"enemies":"Slime Boss","floor":16,"turns":8},{"damage":0,"enemies":"Chosen","floor":18,"turns":4},{"damage":16,"enemies":"Shell Parasite","floor":19,"turns":6},{"damage":28,"enemies":"Centurion and Healer","floor":20,"turns":7},{"damage":19,"enemies":"Snake Plant","floor":21,"turns":4},{"damage":16,"enemies":"Book of Stabbing","floor":24,"turns":5},{"damage":9,"enemies":"3 Cultists","floor":25,"turns":5},{"damage":0,"enemies":"Cultist and Chosen","floor":27,"turns":4},{"damage":4,"enemies":"Snecko","floor":28,"turns":3},{"damage":22,"enemies":"Gremlin Leader","floor":31,"turns":6},{"damage":69,"enemies":"Collector","floor":33,"turns":7}],"seed_played":"540580557143267799","potions_obtained":[{"floor":3,"key":"SpeedPotion"},{"floor":11,"key":"SteroidPotion"},{"floor":14,"key":"FearPotion"},{"floor":16,"key":"Block Potion"},{"floor":20,"key":"Ancient Potion"},{"floor":21,"key":"Block Potion"},{"floor":27,"key":"AttackPotion"},{"floor":28,"key":"SpeedPotion"}],"is_trial":false,"path_per_floor":["M","$","M","?","M","R","?","R","T","R","M","?","M","M","R","B",null,"M","M","M","M","?","R","E","M","T","M","M","?","R","E","R","B"],"character_chosen":"THE_SILENT","items_purchased":[],"campfire_rested":2,"item_purchase_floors":[],"current_hp_per_floor":[70,70,70,58,58,58,58,58,58,58,50,50,50,45,45,42,70,70,54,26,7,7,40,24,17,27,29,27,27,42,22,61,0],"gold":24,"neow_bonus":"BOSS_RELIC","is_prod":false,"is_daily":false,"chose_seed":false,"campfire_upgraded":5,"win_rate":0.0,"timestamp":1545431596,"path_taken":["M","?","M","?","M","R","?","R","T","R","?","?","M","M","R","BOSS","M","M","?","?","?","R","E","?","T","M","M","?","R","E","R","BOSS"],"build_version":"2018-12-20","purchased_purges":1,"victory":false,"max_hp_per_floor":[70,70,70,70,70,70,70,70,70,70,70,70,70,70,70,70,70,70,70,70,70,70,70,70,70,80,80,80,80,80,80,80,80],"card_choices":[{"not_picked":["Prepared","Choke"],"picked":"Backflip","floor":1},{"not_picked":["Eviscerate","Blade Dance"],"picked":"Riddle With Holes","floor":3},{"not_picked":["Poisoned Stab","Calculated Gamble"],"picked":"Dash","floor":5},{"not_picked":["Deflect","Underhanded Strike"],"picked":"Dagger Throw","floor":11},{"not_picked":["Predator","Bane"],"picked":"Well Laid Plans+1","floor":13},{"not_picked":["Backstab","PiercingWail"],"picked":"Underhanded Strike","floor":14},{"not_picked":["Burst","Wraith Form v2+1"],"picked":"Phantasmal Killer","floor":16},{"not_picked":["Blur+1","Backflip"],"picked":"Bouncing Flask","floor":18},{"not_picked":["Bane+1","Leg Sweep"],"picked":"Noxious Fumes+1","floor":19},{"not_picked":["Finisher","Bane"],"picked":"Cloak And Dagger","floor":20},{"not_picked":["Sucker Punch","Calculated Gamble"],"picked":"Tactician+1","floor":21},{"not_picked":["Malaise","Quick Slash"],"picked":"Dodge and Roll","floor":24},{"not_picked":["Cloak And Dagger","Footwork+1"],"picked":"Blade Dance+1","floor":25},{"not_picked":["Slice","Bane"],"picked":"Quick Slash+1","floor":27},{"not_picked":["Underhanded Strike","Noxious Fumes+1"],"picked":"Infinite Blades+1","floor":28},{"not_picked":["Corpse Explosion","Acrobatics"],"picked":"Dagger Throw+1","floor":31}],"player_experience":29423,"relics_obtained":[{"floor":9,"key":"Shuriken"},{"floor":24,"key":"Blood Vial"},{"floor":26,"key":"Pear"},{"floor":31,"key":"Potion Belt"}],"event_choices":[{"damage_healed":0,"gold_gain":0,"player_choice":"Success","damage_taken":12,"relics_obtained":["Frozen Egg 2"],"max_hp_gain":0,"max_hp_loss":0,"event_name":"Scrap Ooze","floor":4,"gold_loss":0},{"damage_healed":0,"gold_gain":0,"player_choice":"Ignored","damage_taken":0,"max_hp_gain":0,"max_hp_loss":0,"event_name":"NoteForYourself","floor":7,"gold_loss":0},{"damage_healed":0,"gold_gain":0,"player_choice":"Cursed","damage_taken":0,"max_hp_gain":0,"max_hp_loss":0,"event_name":"Wheel of Change","floor":12,"gold_loss":0,"cards_obtained":["Decay"]},{"damage_healed":0,"gold_gain":0,"player_choice":"Forge","damage_taken":0,"max_hp_gain":0,"max_hp_loss":0,"event_name":"Accursed Blacksmith","floor":22,"gold_loss":0,"cards_upgraded":["Cloak And Dagger"]},{"damage_healed":0,"gold_gain":0,"player_choice":"Inject Mutagens","damage_taken":0,"relics_obtained":["MutagenicStrength"],"max_hp_gain":0,"max_hp_loss":0,"event_name":"Drug Dealer","floor":29,"gold_loss":0}],"is_beta":false,"boss_relics":[{"not_picked":["Coffee Dripper","Snecko Eye"],"picked":"Eternal Feather"}],"items_purged_floors":[2],"is_endless":false,"potions_floor_spawned":[3,11,14,16,20,21,27,28],"killed_by":"Collector","ascension_level":0}