{"gold_per_floor":[114,125,144,144,319,352,372,224,248,580,580,595,595,622,622,720,720,735,735,242,253,266,266,291,291,291,291,291,310,310,344,344,447,447,466,23,23,70,85,85,85,85,108,108,118,147,201,201,201,201],"floor_reached":51,"playtime":3815,"items_purged":["Doubt","Blizzard"],"score":1036,"play_id":"f0504374-3078-4add-a5ad-492cb4658eab","local_time":"20190419183832","is_ascension_mode":true,"campfire_choices":[{"data":"Zap","floor":11,"key":"SMITH"},{"data":"Dualcast","floor":13,"key":"SMITH"},{"data":"Loop","floor":15,"key":"SMITH"},{"data":"Turbo","floor":23,"key":"SMITH"},{"data":"Seek","floor":25,"key":"SMITH"},{"data":"Tempest","floor":27,"key":"SMITH"},{"data":"Heatsinks","floor":32,"key":"SMITH"},{"data":"Electrodynamics","floor":40,"key":"SMITH"},{"data":"Capacitor","floor":42,"key":"SMITH"},{"data":"Loop","floor":44,"key":"SMITH"},{"data":"All For One","floor":49,"key":"SMITH"}],"neow_cost":"NONE","seed_source_timestamp":15066438866410,"circlet_count":0,"master_deck":["Zap+1","Dualcast+1","Turbo+1","Seek+1","Tempest+1","Glacier","Loop+1","Rainbow+1","Heatsinks+1","Electrodynamics+1","Consume+1","All For One+1","Compile Driver","All For One","Capacitor+1","Turbo+1","Fission+1","Redo+1","Hologram+1","Turbo+1","Scrape+1","All For One","Loop+1","Madness+1","Madness+1","Hologram+1","Reboot+1"],"relics":["Cracked Core","Ancient Tea Set","Potion Belt","DataDisk","Bag of Marbles","Old Coin","Blood Vial","Pandora\u0027s Box","Toxic Egg 2","Runic Capacitor","Bag of Preparation","War Paint","Prayer Wheel","PreservedInsect","Busted Crown","Frozen Eye","Bottled Lightning","CatCart","Gremlin Horn","Centennial Puzzle","Dead Branch","Pocketwatch"],"potions_floor_usage":[6,10,14,16,16,33,33],"damage_taken":[{"damage":0,"enemies":"Cultist","floor":1,"turns":3},{"damage":0,"enemies":"2 Louse","floor":2,"turns":2},{"damage":2,"enemies":"Jaw Worm","floor":3,"turns":3},{"damage":42,"enemies":"Lagavulin","floor":6,"turns":11},{"damage":4,"enemies":"Red Slaver","floor":7,"turns":2},{"damage":18,"enemies":"Gremlin Nob","floor":10,"turns":3},{"damage":0,"enemies":"Blue Slaver","floor":12,"turns":2},{"damage":0,"enemies":"3 Sentries","floor":14,"turns":4},{"damage":6,"enemies":"Slime Boss","floor":16,"turns":8},{"damage":24,"enemies":"2 Thieves","floor":18,"turns":3},{"damage":9,"enemies":"Chosen","floor":21,"turns":2},{"damage":0,"enemies":"Centurion and Healer","floor":22,"turns":1},{"damage":0,"enemies":"Slavers","floor":24,"turns":1},{"damage":12,"enemies":"Chosen and Byrds","floor":29,"turns":2},{"damage":0,"enemies":"Book of Stabbing","floor":31,"turns":1},{"damage":0,"enemies":"Automaton","floor":33,"turns":3},{"damage":0,"enemies":"3 Shapes","floor":35,"turns":2},{"damage":0,"enemies":"Orin","floor":38,"turns":3},{"damage":0,"enemies":"3 Darklings","floor":39,"turns":2},{"damage":0,"enemies":"Transient","floor":45,"turns":1},{"damage":13,"enemies":"Giant Head","floor":46,"turns":2},{"damage":0,"enemies":"2 Orb Walkers","floor":47,"turns":1},{"damage":0,"enemies":"Donu and Deca","floor":50,"turns":3}],"seed_played":"8592287691218418920","potions_obtained":[{"floor":2,"key":"SkillPotion"},{"floor":6,"key":"Strength Potion"},{"floor":7,"key":"Explosive Potion"},{"floor":12,"key":"SpeedPotion"},{"floor":14,"key":"Poison Potion"},{"floor":24,"key":"FocusPotion"},{"floor":29,"key":"EssenceOfSteel"},{"floor":33,"key":"Explosive Potion"},{"floor":39,"key":"Strength Potion"},{"floor":45,"key":"Dexterity Potion"}],"is_trial":false,"path_per_floor":["M","M","M","?","?","E","M","$","T","E","R","M","R","E","R","B",null,"M","T","$","M","M","R","E","R","T","R","?","M","?","E","R","B",null,"M","$","?","?","M","R","?","R","T","R","M","E","?","?","R","B",null],"character_chosen":"DEFECT","items_purchased":["Loop","Runic Capacitor","Bag of Preparation","Turbo+1","Frozen Eye","Bottled Lightning"],"campfire_rested":0,"item_purchase_floors":[8,20,20,20,36,36],"current_hp_per_floor":[75,75,73,70,70,28,24,24,24,6,6,6,6,6,6,2,75,51,51,51,44,46,46,48,48,48,48,48,38,38,40,40,42,75,75,75,66,68,70,70,70,70,70,70,72,61,63,85,85,85],"gold":201,"neow_bonus":"RANDOM_COMMON_RELIC","is_prod":false,"is_daily":false,"chose_seed":false,"campfire_upgraded":11,"win_rate":0,"timestamp":1555695512,"path_taken":["M","M","M","?","?","E","?","$","T","E","R","M","R","E","R","BOSS","M","?","$","M","M","R","E","R","T","R","?","M","?","E","R","BOSS","M","$","?","?","M","R","?","R","T","R","?","E","?","?","R","BOSS"],"build_version":"2019-01-23","purchased_purges":2,"victory":true,"max_hp_per_floor":[75,75,75,75,75,75,75,75,75,75,75,75,75,75,75,75,75,75,75,75,75,75,75,75,75,75,75,75,75,75,75,75,75,75,75,75,75,75,75,75,75,75,75,75,75,75,75,85,85,85],"card_choices":[{"not_picked":["Leap","Steam"],"picked":"Turbo","floor":1},{"not_picked":["Rip and Tear","Coolheaded","Gash"],"picked":"SKIP","floor":2},{"not_picked":["Conserve Battery","Beam Cell"],"picked":"Seek","floor":3},{"not_picked":["Compile Driver","Coolheaded"],"picked":"Tempest","floor":6},{"not_picked":["Sweeping Beam","Hologram"],"picked":"Glacier","floor":7},{"not_picked":["Beam Cell","Meteor Strike","Hologram"],"picked":"SKIP","floor":10},{"not_picked":["Compile Driver","Doom and Gloom"],"picked":"Melter","floor":12},{"not_picked":["Turbo","Hologram","Coolheaded"],"picked":"SKIP","floor":14},{"not_picked":["All For One","Buffer"],"picked":"Rainbow","floor":16},{"not_picked":["Cold Snap+1","Hologram"],"picked":"Capacitor","floor":18},{"not_picked":["Hologram+1","Barrage"],"picked":"Fission+1","floor":21},{"not_picked":["Aggregate+1","Skim+1"],"picked":"Redo+1","floor":22},{"not_picked":["Gash+1","Go for the Eyes"],"picked":"Hologram+1","floor":24},{"not_picked":["Rebound+1","Leap+1"],"picked":"Turbo+1","floor":29},{"not_picked":["Hologram+1","Leap+1"],"picked":"Scrape+1","floor":29},{"not_picked":["FTL","Hello World+1","Echo Form"],"picked":"SKIP","floor":31},{"not_picked":["Echo Form","Creative AI"],"picked":"All For One","floor":33},{"not_picked":[],"picked":"Loop","floor":35},{"not_picked":["Rebound"],"picked":"SKIP","floor":35},{"not_picked":["Coolheaded+1"],"picked":"SKIP","floor":39},{"not_picked":["Sweeping Beam"],"picked":"SKIP","floor":39},{"not_picked":[],"picked":"Hologram+1","floor":45},{"not_picked":["Streamline"],"picked":"SKIP","floor":45},{"not_picked":[],"picked":"Reboot+1","floor":46}],"player_experience":185940,"relics_obtained":[{"floor":6,"key":"DataDisk"},{"floor":9,"key":"Bag of Marbles"},{"floor":10,"key":"Old Coin"},{"floor":14,"key":"Blood Vial"},{"floor":19,"key":"Toxic Egg 2"},{"floor":24,"key":"War Paint"},{"floor":26,"key":"Prayer Wheel"},{"floor":31,"key":"PreservedInsect"},{"floor":38,"key":"CatCart"},{"floor":43,"key":"Centennial Puzzle"},{"floor":46,"key":"Dead Branch"},{"floor":47,"key":"Pocketwatch"}],"event_choices":[{"damage_healed":0,"gold_gain":0,"player_choice":"Success","damage_taken":3,"relics_obtained":["Potion Belt"],"max_hp_gain":0,"max_hp_loss":0,"event_name":"Scrap Ooze","floor":4,"gold_loss":0},{"damage_healed":0,"gold_gain":175,"player_choice":"AGREE","damage_taken":0,"max_hp_gain":0,"max_hp_loss":0,"event_name":"Liars Game","floor":5,"gold_loss":0,"cards_obtained":["Doubt"]},{"damage_healed":0,"gold_gain":0,"player_choice":"Ignored","damage_taken":0,"max_hp_gain":0,"max_hp_loss":0,"event_name":"Vampires","floor":28,"gold_loss":0},{"cards_removed":["Melter"],"damage_healed":0,"gold_gain":0,"player_choice":"Elegance","damage_taken":0,"max_hp_gain":0,"max_hp_loss":0,"event_name":"Back to Basics","floor":30,"gold_loss":0},{"damage_healed":0,"gold_gain":0,"player_choice":"Embrace Madness","damage_taken":9,"max_hp_gain":0,"max_hp_loss":0,"event_name":"Winding Halls","floor":37,"gold_loss":0,"cards_obtained":["Madness","Madness"]},{"damage_healed":0,"gold_gain":0,"player_choice":"Fight","damage_taken":0,"max_hp_gain":0,"max_hp_loss":0,"event_name":"OrinTheCat","floor":38,"gold_loss":0},{"damage_healed":0,"gold_gain":0,"player_choice":"Gave Potion","damage_taken":0,"relics_obtained":["Gremlin Horn"],"max_hp_gain":0,"max_hp_loss":0,"event_name":"WeMeetAgain","floor":41,"gold_loss":0},{"damage_healed":0,"gold_gain":0,"player_choice":"Fight","damage_taken":0,"max_hp_gain":0,"max_hp_loss":0,"event_name":"Mysterious Sphere","floor":47,"gold_loss":0},{"cards_removed":["Machine Learning"],"damage_healed":12,"gold_gain":0,"player_choice":"Offered Rare","damage_taken":0,"max_hp_gain":10,"max_hp_loss":0,"event_name":"Bonfire Elementals","floor":48,"gold_loss":0}],"is_beta":false,"boss_relics":[{"not_picked":["Astrolabe","Runic Pyramid"],"picked":"Pandora\u0027s Box"},{"not_picked":["Empty Cage","Calling Bell"],"picked":"Busted Crown"}],"items_purged_floors":[8,20],"is_endless":false,"potions_floor_spawned":[2,6,7,12,14,24,29,33,39,45],"ascension_level":3}