{"gold_per_floor":[215,215,228,18,32,32,62,119,142,157,168,182,207,223,223,320,320,337,612,26,43,55,87,87,105,159,159,174,193,193],"floor_reached":30,"playtime":2331,"items_purged":["Regret"],"score":537,"play_id":"2aa0bd2f-4d69-4bf5-910e-420b2654faa7","local_time":"20190929173239","is_ascension_mode":true,"campfire_choices":[{"data":"Skewer","floor":6,"key":"SMITH"},{"data":"Footwork","floor":15,"key":"SMITH"},{"floor":24,"key":"REST"},{"data":"Creative AI","floor":27,"key":"SMITH"}],"neow_cost":"NONE","seed_source_timestamp":22120592744957,"circlet_count":0,"master_deck":["AscendersBane","Strike_G","Strike_G","Strike_G","Strike_G","Strike_G","Defend_G","Defend_G","Defend_G","Defend_G","Defend_G","Survivor","Neutralize","Cloak And Dagger","Skewer+1","Crippling Poison","Poisoned Stab","PiercingWail","Deadly Poison","Infinite Blades","Leg Sweep","Deflect","Footwork+1","Noxious Fumes","Leg Sweep","Well Laid Plans","Bullet Time","Deadly Poison","Deflect","White Noise","Static Discharge","Conserve Battery","Twin Strike+1","Creative AI+1","Conserve Battery+1","White Noise","Heatsinks+1","Calculated Gamble","Reinforced Body"],"relics":["Ring of the Serpent","Oddly Smooth Stone","Chemical X","Prayer Wheel","Ancient Tea Set","Blood Vial","StoneCalendar","The Specimen","PrismaticShard","Pen Nib","Strawberry"],"potions_floor_usage":[13,23,23,23,30],"damage_taken":[{"damage":2,"enemies":"Jaw Worm","floor":1,"turns":5},{"damage":0,"enemies":"Cultist","floor":3,"turns":5},{"damage":5,"enemies":"Small Slimes","floor":5,"turns":3},{"damage":13,"enemies":"3 Sentries","floor":7,"turns":13},{"damage":16,"enemies":"Lagavulin Event","floor":8,"turns":6},{"damage":1,"enemies":"3 Louse","floor":10,"turns":5},{"damage":1,"enemies":"Lots of Slimes","floor":11,"turns":4},{"damage":11,"enemies":"Gremlin Gang","floor":12,"turns":7},{"damage":0,"enemies":"Lagavulin","floor":13,"turns":5},{"damage":0,"enemies":"Large Slime","floor":14,"turns":5},{"damage":0,"enemies":"Hexaghost","floor":16,"turns":9},{"damage":23,"enemies":"3 Byrds","floor":18,"turns":6},{"damage":7,"enemies":"Spheric Guardian","floor":21,"turns":6},{"damage":0,"enemies":"Centurion and Healer","floor":22,"turns":6},{"damage":35,"enemies":"Slavers","floor":23,"turns":7},{"damage":12,"enemies":"Snecko","floor":25,"turns":6},{"damage":0,"enemies":"Sentry and Sphere","floor":28,"turns":7},{"damage":12,"enemies":"Centurion and Healer","floor":29,"turns":7},{"damage":41,"enemies":"Gremlin Leader","floor":30,"turns":6}],"seed_played":"7671685218921566463","potions_obtained":[{"floor":7,"key":"GamblersBrew"},{"floor":10,"key":"GhostInAJar"},{"floor":11,"key":"Energy Potion"},{"floor":13,"key":"Weak Potion"},{"floor":14,"key":"Explosive Potion"},{"floor":16,"key":"Regen Potion"},{"floor":21,"key":"Fruit Juice"},{"floor":23,"key":"Ancient Potion"},{"floor":25,"key":"Poison Potion"},{"floor":28,"key":"Strength Potion"}],"is_trial":false,"path_per_floor":["M","?","M","$","M","R","E","?","T","M","M","M","E","M","R","B",null,"M","?","$","M","M","E","R","M","T","R","M","M","E"],"character_chosen":"THE_SILENT","items_purchased":["Chemical X","The Specimen","PrismaticShard"],"campfire_rested":1,"item_purchase_floors":[4,20,20],"current_hp_per_floor":[61,61,61,61,56,56,43,27,27,28,29,20,22,24,24,26,59,38,38,38,33,35,22,44,34,41,41,43,33,0],"gold":193,"neow_bonus":"HUNDRED_GOLD","is_prod":false,"is_daily":false,"chose_seed":false,"campfire_upgraded":3,"win_rate":0,"timestamp":1569771159,"path_taken":["M","?","M","$","?","R","E","?","T","M","M","M","E","M","R","BOSS","M","?","$","?","M","E","R","?","T","R","?","M","E"],"build_version":"2019-07-17","purchased_purges":1,"victory":false,"max_hp_per_floor":[70,70,70,70,70,70,70,70,70,70,70,70,70,70,70,70,70,70,70,70,70,70,75,75,75,82,82,82,82,82],"card_choices":[{"not_picked":["PiercingWail","Terror"],"picked":"Cloak And Dagger","floor":1},{"not_picked":["Noxious Fumes","Deadly Poison"],"picked":"Skewer","floor":3},{"not_picked":["Backflip","Deflect"],"picked":"Crippling Poison","floor":5},{"not_picked":["Noxious Fumes","Slice"],"picked":"Poisoned Stab","floor":7},{"not_picked":["Slice","Bouncing Flask"],"picked":"PiercingWail","floor":8},{"not_picked":["Slice","Dagger Spray"],"picked":"Deadly Poison","floor":10},{"not_picked":["Quick Slash","Prepared"],"picked":"Infinite Blades","floor":10},{"not_picked":["Crippling Poison","PiercingWail"],"picked":"Leg Sweep","floor":11},{"not_picked":["Acrobatics","Venomology"],"picked":"Deflect","floor":11},{"not_picked":["Eviscerate","Dagger Spray"],"picked":"Footwork","floor":12},{"not_picked":["Backflip","Distraction"],"picked":"Noxious Fumes","floor":12},{"not_picked":["Cloak And Dagger","Choke"],"picked":"Leg Sweep","floor":13},{"not_picked":["Distraction","Deflect"],"picked":"Well Laid Plans","floor":14},{"not_picked":["Heel Hook","Concentrate","Sucker Punch"],"picked":"SKIP","floor":14},{"not_picked":["Grand Finale","Storm of Steel"],"picked":"Bullet Time","floor":16},{"not_picked":["Dagger Spray","Slice"],"picked":"Deadly Poison","floor":18},{"not_picked":["Setup","Finisher"],"picked":"Deflect","floor":18},{"not_picked":["Spot Weakness","Mind Blast"],"picked":"White Noise","floor":21},{"not_picked":["Power Through","Distraction+1"],"picked":"Static Discharge","floor":21},{"not_picked":["Twin Strike","Doom and Gloom"],"picked":"Conserve Battery","floor":22},{"not_picked":["Biased Cognition","Searing Blow+1"],"picked":"Twin Strike+1","floor":22},{"not_picked":["Gash+1","Perfected Strike"],"picked":"Creative AI","floor":23},{"not_picked":["Reprogram+1","Infinite Blades+1"],"picked":"Conserve Battery+1","floor":25},{"not_picked":["Ball Lightning","Body Slam"],"picked":"White Noise","floor":25},{"not_picked":["Ball Lightning+1","Outmaneuver"],"picked":"Heatsinks+1","floor":28},{"not_picked":["Anger","Armaments","Creative AI"],"picked":"SKIP","floor":28},{"not_picked":["Barrage","Consume"],"picked":"Calculated Gamble","floor":29},{"not_picked":["Armaments","Intimidate"],"picked":"Reinforced Body","floor":29}],"player_experience":296731,"relics_obtained":[{"floor":2,"key":"Oddly Smooth Stone"},{"floor":7,"key":"Prayer Wheel"},{"floor":8,"key":"Ancient Tea Set"},{"floor":9,"key":"Blood Vial"},{"floor":13,"key":"StoneCalendar"},{"floor":23,"key":"Pen Nib"},{"floor":26,"key":"Strawberry"}],"event_choices":[{"damage_healed":0,"gold_gain":0,"player_choice":"Relic","damage_taken":0,"max_hp_gain":0,"max_hp_loss":0,"event_name":"Wheel of Change","floor":2,"gold_loss":0},{"damage_healed":0,"gold_gain":0,"player_choice":"Searched \u00271\u0027 times","damage_taken":0,"max_hp_gain":0,"max_hp_loss":0,"event_name":"Dead Adventurer","floor":8,"gold_loss":0},{"damage_healed":0,"gold_gain":275,"player_choice":"Desecrate","damage_taken":0,"max_hp_gain":0,"max_hp_loss":0,"event_name":"Golden Shrine","floor":19,"gold_loss":0,"cards_obtained":["Regret"]}],"is_beta":false,"boss_relics":[{"not_picked":["Black Star","Coffee Dripper"],"picked":"Ring of the Serpent"}],"items_purged_floors":[20],"is_endless":false,"potions_floor_spawned":[7,10,11,13,14,16,21,23,25,28],"killed_by":"Gremlin Leader","ascension_level":10}