{"gold_per_floor":[111,111,125,300,314,348,348,235,281,281,307,319,319,319,319,423,423,433,447,447,457,457,457,457,486,486,502,502,521,540,573,573,573],"floor_reached":33,"playtime":1901,"items_purged":["Doubt"],"score":320,"play_id":"f830ad92-5d43-4e6d-bf0c-4e25de79a1f7","local_time":"20181125200041","is_ascension_mode":false,"campfire_choices":[{"floor":7,"key":"RECALL"},{"data":"Zap","floor":10,"key":"SMITH"},{"floor":15,"key":"REST"},{"floor":23,"key":"REST"},{"data":"Redo","floor":32,"key":"SMITH"}],"neow_cost":"NONE","seed_source_timestamp":347783822658493,"circlet_count":0,"master_deck":["Strike_B","Strike_B","Defend_B","Defend_B","Defend_B","Defend_B","Zap+1","Dualcast","White Noise","Static Discharge","Conserve Battery","Conserve Battery","Tempest","Chaos","Redo","Thunder Strike","Sunder+1","Ghostly","Ghostly","Ghostly","Ghostly","Ghostly","Redo+1","Creative AI","Electrodynamics"],"relics":["Cracked Core","Art of War","Happy Flower","Oddly Smooth Stone","Runic Pyramid","Darkstone Periapt","Pantograph","Mango","Bag of Preparation"],"potions_floor_usage":[6,11,16,33,33],"damage_taken":[{"damage":0,"enemies":"Cultist","floor":1,"turns":3},{"damage":3,"enemies":"Jaw Worm","floor":3,"turns":4},{"damage":3,"enemies":"2 Louse","floor":5,"turns":2},{"damage":35,"enemies":"Lagavulin","floor":6,"turns":9},{"damage":29,"enemies":"3 Sentries","floor":11,"turns":7},{"damage":0,"enemies":"Looter","floor":12,"turns":4},{"damage":10,"enemies":"Hexaghost","floor":16,"turns":6},{"damage":0,"enemies":"Chosen","floor":18,"turns":5},{"damage":26,"enemies":"2 Thieves","floor":19,"turns":3},{"damage":24,"enemies":"Shelled Parasite and Fungi","floor":21,"turns":4},{"damage":4,"enemies":"Book of Stabbing","floor":25,"turns":4},{"damage":15,"enemies":"Centurion and Healer","floor":27,"turns":5},{"damage":0,"enemies":"Snake Plant","floor":29,"turns":3},{"damage":6,"enemies":"3 Cultists","floor":30,"turns":4},{"damage":9,"enemies":"Slavers","floor":31,"turns":4},{"damage":54,"enemies":"Automaton","floor":33,"turns":6}],"seed_played":"-1116518272817974702","potions_obtained":[{"floor":3,"key":"SteroidPotion"},{"floor":6,"key":"SkillPotion"},{"floor":12,"key":"AttackPotion"},{"floor":19,"key":"FearPotion"},{"floor":29,"key":"Ancient Potion"},{"floor":31,"key":"Explosive Potion"}],"is_trial":false,"path_per_floor":["M","?","M","?","M","E","R","$","T","R","E","M","?","?","R","B",null,"M","M","?","M","?","R","?","E","T","M","T","M","M","E","R","B"],"character_chosen":"DEFECT","items_purchased":["Tempest"],"campfire_rested":2,"item_purchase_floors":[8],"current_hp_per_floor":[82,75,72,72,69,34,34,34,34,34,5,5,2,2,26,16,82,82,56,48,24,8,34,34,30,30,15,29,29,23,14,14,0],"gold":573,"neow_bonus":"TEN_PERCENT_HP_BONUS","is_prod":false,"is_daily":false,"chose_seed":false,"campfire_upgraded":2,"win_rate":0,"timestamp":1543176041,"path_taken":["M","?","M","?","M","E","R","$","T","R","E","?","?","?","R","BOSS","M","M","?","?","?","R","?","E","T","M","?","M","M","E","R","BOSS"],"build_version":"2018-11-15","purchased_purges":1,"victory":false,"max_hp_per_floor":[82,82,82,82,82,82,82,82,82,82,82,82,82,82,82,82,82,82,82,82,82,87,87,43,43,43,43,57,57,57,57,57,57],"card_choices":[{"not_picked":["Compile Driver","Cold Snap"],"picked":"White Noise","floor":1},{"not_picked":["Conserve Battery","Recycle"],"picked":"Static Discharge","floor":3},{"not_picked":["Gash","Hologram"],"picked":"Conserve Battery","floor":5},{"not_picked":["Compile Driver","Darkness"],"picked":"Conserve Battery","floor":6},{"not_picked":["Coolheaded","Steam"],"picked":"Chaos","floor":11},{"not_picked":["Cold Snap","Beam Cell"],"picked":"Redo","floor":12},{"not_picked":["Amplify","Hyperbeam"],"picked":"Thunder Strike","floor":16},{"not_picked":["Go for the Eyes+1","Steam","Sweeping Beam"],"picked":"SKIP","floor":18},{"not_picked":["Heatsinks","Defragment"],"picked":"Sunder+1","floor":19},{"not_picked":["Reprogram","Barrage","Go for the Eyes"],"picked":"SKIP","floor":21},{"not_picked":["Streamline+1","Steam"],"picked":"Redo","floor":25},{"not_picked":["Consume","Conserve Battery","Reprogram"],"picked":"SKIP","floor":27},{"not_picked":["Lockon+1","Go for the Eyes","Force Field"],"picked":"SKIP","floor":29},{"not_picked":["Chaos","Static Discharge"],"picked":"Creative AI","floor":30},{"not_picked":["Streamline","Compile Driver"],"picked":"Electrodynamics","floor":31}],"player_experience":129839,"relics_obtained":[{"floor":6,"key":"Art of War"},{"floor":11,"key":"Happy Flower"},{"floor":25,"key":"Darkstone Periapt"},{"floor":26,"key":"Pantograph"},{"floor":28,"key":"Mango"},{"floor":31,"key":"Bag of Preparation"}],"event_choices":[{"cards_removed":["Strike_B"],"damage_healed":0,"gold_gain":0,"player_choice":"Card Removal","damage_taken":7,"max_hp_gain":0,"max_hp_loss":0,"event_name":"Golden Wing","floor":2,"gold_loss":0},{"damage_healed":0,"gold_gain":175,"player_choice":"AGREE","damage_taken":0,"max_hp_gain":0,"max_hp_loss":0,"event_name":"Liars Game","floor":4,"gold_loss":0,"cards_obtained":["Doubt"]},{"damage_healed":0,"gold_gain":0,"player_choice":"Success","damage_taken":3,"relics_obtained":["Oddly Smooth Stone"],"max_hp_gain":0,"max_hp_loss":0,"event_name":"Scrap Ooze","floor":13,"gold_loss":0},{"cards_removed":["Strike_B"],"damage_healed":0,"gold_gain":0,"player_choice":"Forget","damage_taken":0,"max_hp_gain":0,"max_hp_loss":0,"event_name":"Living Wall","floor":14,"gold_loss":0},{"damage_healed":0,"gold_gain":0,"player_choice":"","damage_taken":8,"max_hp_gain":0,"max_hp_loss":0,"event_name":"Knowing Skull","floor":20,"potions_obtained":[],"gold_loss":0,"cards_obtained":[]},{"damage_healed":0,"gold_gain":0,"player_choice":"Shed Blood","damage_taken":21,"max_hp_gain":5,"max_hp_loss":0,"event_name":"Forgotten Altar","floor":22,"gold_loss":0},{"damage_healed":0,"gold_gain":0,"player_choice":"Became a Ghost","damage_taken":0,"max_hp_gain":0,"max_hp_loss":44,"event_name":"Ghosts","floor":24,"gold_loss":0,"cards_obtained":["Ghostly","Ghostly","Ghostly","Ghostly","Ghostly"]}],"is_beta":true,"boss_relics":[{"not_picked":["Ectoplasm","White Beast Statue"],"picked":"Runic Pyramid"}],"items_purged_floors":[8],"is_endless":false,"potions_floor_spawned":[3,6,12,19,29,31],"killed_by":"Automaton","ascension_level":0}