{"gold_per_floor":[363,538,204,219,40,72,72,72,125,125,141,241,260,260,260,356,356,371,371,371,385,111,138,138,169,169,180,206,230,242,179,191,298,310,341,130,149,195,244,244],"floor_reached":40,"playtime":1950,"items_purged":["Doubt","Parasite","Strike_B+1","Strike_B+1"],"score":553,"play_id":"02181d61-b29f-456d-850d-c7308284c036","local_time":"20190506001934","is_ascension_mode":true,"campfire_choices":[{"data":"Zap","floor":8,"key":"SMITH"},{"data":"Dualcast","floor":10,"key":"SMITH"},{"data":"Streamline","floor":15,"key":"SMITH"},{"data":"Conserve Battery","floor":24,"key":"SMITH"},{"data":"Seek","floor":30,"key":"SMITH"},{"data":"Core Surge","floor":32,"key":"SMITH"}],"neow_cost":"CURSE","seed_source_timestamp":14318150634082,"circlet_count":0,"master_deck":["Strike_B+1","Defend_B+1","Defend_B+1","Defend_B+1","Zap+1","Dualcast+1","Conserve Battery+1","Streamline+1","Self Repair+1","Leap+1","Conserve Battery+1","Core Surge+1","Electrodynamics+1","Defragment+1","Seek+1","Reboot","Compile Driver+1","Redo+1","Turbo","Reinforced Body","Conserve Battery","Loop+1","Storm+1","Tempest+1","Streamline+1","Streamline+1"],"relics":["Cracked Core","Frozen Egg 2","Bag of Marbles","Centennial Puzzle","Inserter","Art of War","War Paint","Lantern","Blue Candle","MawBank","Orrery","CatCart","Torii"],"potions_floor_usage":[16,16,23,28,33,38,39,39],"damage_taken":[{"damage":4,"enemies":"2 Louse","floor":1,"turns":2},{"damage":2,"enemies":"Jaw Worm","floor":4,"turns":4},{"damage":40,"enemies":"Gremlin Nob","floor":6,"turns":5},{"damage":0,"enemies":"Cultist","floor":11,"turns":2},{"damage":3,"enemies":"3 Louse","floor":13,"turns":3},{"damage":19,"enemies":"Slime Boss","floor":16,"turns":10},{"damage":15,"enemies":"2 Thieves","floor":18,"turns":3},{"damage":0,"enemies":"Chosen","floor":21,"turns":5},{"damage":14,"enemies":"Slavers","floor":23,"turns":2},{"damage":33,"enemies":"Gremlin Leader","floor":25,"turns":6},{"damage":2,"enemies":"Snake Plant","floor":27,"turns":3},{"damage":27,"enemies":"Book of Stabbing","floor":28,"turns":5},{"damage":0,"enemies":"3 Cultists","floor":29,"turns":3},{"damage":22,"enemies":"Collector","floor":33,"turns":9},{"damage":20,"enemies":"Orb Walker","floor":35,"turns":6},{"damage":17,"enemies":"3 Darklings","floor":37,"turns":3},{"damage":15,"enemies":"Orin","floor":38,"turns":6},{"damage":41,"enemies":"2 Orb Walkers","floor":39,"turns":3},{"damage":75,"enemies":"Giant Head","floor":40,"turns":7}],"seed_played":"-7046295809276932220","potions_obtained":[{"floor":6,"key":"FearPotion"},{"floor":13,"key":"EntropicBrew"},{"floor":16,"key":"EssenceOfSteel"},{"floor":20,"key":"PowerPotion"},{"floor":20,"key":"Energy Potion"},{"floor":28,"key":"Block Potion"},{"floor":33,"key":"Strength Potion"},{"floor":37,"key":"Poison Potion"},{"floor":38,"key":"Regen Potion"}],"is_trial":false,"path_per_floor":["M","?","$","M","$","E","?","R","T","R","M","?","M","?","R","B",null,"M","?","?","M","$","E","R","E","T","M","E","M","R","?","R","B",null,"M","$","M","?","?","E"],"character_chosen":"DEFECT","items_purchased":["Frozen Egg 2","Self Repair+1","Art of War","Storm+1"],"campfire_rested":0,"item_purchase_floors":[3,5,22,36],"current_hp_per_floor":[71,71,71,69,69,39,39,39,39,39,49,49,56,61,61,52,77,62,62,62,72,72,58,58,35,35,43,26,36,36,36,36,24,77,67,67,60,55,33,0],"gold":244,"neow_bonus":"TWO_FIFTY_GOLD","is_prod":false,"is_daily":false,"chose_seed":false,"campfire_upgraded":6,"win_rate":0,"timestamp":1557098374,"path_taken":["M","?","$","M","$","E","?","R","T","R","?","?","?","?","R","BOSS","M","?","?","?","?","E","R","E","T","M","E","M","R","?","R","BOSS","M","$","M","?","?","E"],"build_version":"2019-01-23","purchased_purges":4,"victory":false,"max_hp_per_floor":[75,75,75,75,72,72,72,72,72,72,72,72,72,77,77,77,77,77,77,77,77,77,77,77,77,77,77,77,77,77,77,77,77,77,77,77,77,77,77,77],"card_choices":[{"not_picked":["Steam","Reinforced Body"],"picked":"Conserve Battery","floor":1},{"not_picked":["Fusion","Hologram"],"picked":"Streamline","floor":4},{"not_picked":["Stack","Steam"],"picked":"Leap","floor":6},{"not_picked":["Glacier","Rebound"],"picked":"Conserve Battery","floor":11},{"not_picked":["Auto Shields","Stack"],"picked":"Core Surge","floor":13},{"not_picked":["Multi-Cast","Biased Cognition+1"],"picked":"Electrodynamics+1","floor":16},{"not_picked":["Streamline","Auto Shields","Compile Driver"],"picked":"SKIP","floor":18},{"not_picked":["Lockon","Darkness","Redo"],"picked":"SKIP","floor":21},{"not_picked":["Ball Lightning+1","Aggregate"],"picked":"Defragment+1","floor":23},{"not_picked":["Conserve Battery","Steam+1","Darkness"],"picked":"SKIP","floor":25},{"not_picked":["Beam Cell+1","Sweeping Beam"],"picked":"Seek","floor":27},{"not_picked":["Go for the Eyes","Blizzard","Auto Shields"],"picked":"SKIP","floor":28},{"not_picked":["Gash","Chill","Beam Cell"],"picked":"SKIP","floor":29},{"not_picked":["All For One","Hyperbeam"],"picked":"Reboot","floor":33},{"not_picked":["Ball Lightning","Go for the Eyes"],"picked":"Compile Driver+1","floor":34},{"not_picked":["Hologram+1","Steam"],"picked":"Redo+1","floor":34},{"not_picked":["Compile Driver","Stack+1"],"picked":"Turbo","floor":34},{"not_picked":["Chill","Go for the Eyes"],"picked":"Reinforced Body","floor":34},{"not_picked":["Rebound","Auto Shields"],"picked":"Conserve Battery","floor":34},{"not_picked":["Hyperbeam","Skim+1"],"picked":"Loop+1","floor":35},{"not_picked":["Reinforced Body+1","Ball Lightning+1"],"picked":"Tempest+1","floor":37},{"not_picked":["Leap","Hologram"],"picked":"Streamline+1","floor":38},{"not_picked":["Hologram+1","Rebound+1"],"picked":"Streamline+1","floor":39}],"player_experience":218056,"relics_obtained":[{"floor":6,"key":"Bag of Marbles"},{"floor":9,"key":"Centennial Puzzle"},{"floor":23,"key":"War Paint"},{"floor":25,"key":"Lantern"},{"floor":26,"key":"Blue Candle"},{"floor":28,"key":"MawBank"},{"floor":38,"key":"CatCart"},{"floor":39,"key":"Torii"}],"event_choices":[{"damage_healed":0,"gold_gain":175,"player_choice":"AGREE","damage_taken":0,"max_hp_gain":0,"max_hp_loss":0,"event_name":"Liars Game","floor":2,"gold_loss":0,"cards_obtained":["Doubt"]},{"cards_removed":["Defend_B"],"damage_healed":0,"gold_gain":0,"player_choice":"Purged","damage_taken":0,"max_hp_gain":0,"max_hp_loss":0,"event_name":"Purifier","floor":7,"gold_loss":0},{"damage_healed":0,"gold_gain":100,"player_choice":"Pray","damage_taken":0,"max_hp_gain":0,"max_hp_loss":0,"event_name":"Golden Shrine","floor":12,"gold_loss":0},{"damage_healed":0,"gold_gain":0,"player_choice":"Donut","damage_taken":0,"max_hp_gain":5,"max_hp_loss":0,"event_name":"Big Fish","floor":14,"gold_loss":0},{"damage_healed":0,"gold_gain":0,"player_choice":"Simplicity","damage_taken":0,"max_hp_gain":0,"max_hp_loss":0,"event_name":"Back to Basics","floor":19,"gold_loss":0,"cards_upgraded":["Strike_B","Strike_B","Strike_B","Strike_B","Defend_B","Defend_B","Defend_B"]},{"damage_healed":0,"gold_gain":0,"player_choice":"Got Potions","damage_taken":0,"max_hp_gain":0,"max_hp_loss":0,"event_name":"Lab","floor":20,"gold_loss":0},{"cards_removed":["Strike_B"],"damage_healed":0,"gold_gain":0,"player_choice":"Gave Gold","damage_taken":0,"max_hp_gain":0,"max_hp_loss":0,"event_name":"Beggar","floor":31,"gold_loss":75},{"damage_healed":0,"gold_gain":0,"player_choice":"Fight","damage_taken":0,"max_hp_gain":0,"max_hp_loss":0,"event_name":"OrinTheCat","floor":38,"gold_loss":0},{"damage_healed":0,"gold_gain":0,"player_choice":"Fight","damage_taken":0,"max_hp_gain":0,"max_hp_loss":0,"event_name":"Mysterious Sphere","floor":39,"gold_loss":0}],"is_beta":false,"boss_relics":[{"not_picked":["Runic Dome","Eternal Feather"],"picked":"Inserter"},{"not_picked":["Lizard Tail","Philosopher\u0027s Stone"],"picked":"Orrery"}],"items_purged_floors":[3,5,22,36],"is_endless":false,"potions_floor_spawned":[6,13,16,28,33,37,38],"killed_by":"Giant Head","ascension_level":4}