{"gold_per_floor":[110,124,142,142,157,190,190,218,270,270,281,281,310,330,330,425,425,445,455,132,132,152,182,182,207,207,242,242,267,322,335,335,430,430,448,448,20,20,47,47,73,73,73,90,104,133,133,152,152,152],"floor_reached":50,"playtime":3395,"items_purged":["Doubt"],"score":1083,"play_id":"f1507953-7e7f-417e-a322-aaf0cba6a216","local_time":"20190910142813","is_ascension_mode":true,"campfire_choices":[{"floor":7,"key":"REST"},{"data":"Predator","floor":10,"key":"SMITH"},{"data":"Predator","floor":12,"key":"SMITH"},{"data":"Footwork","floor":15,"key":"SMITH"},{"floor":24,"key":"REST"},{"floor":28,"key":"RECALL"},{"floor":32,"key":"REST"},{"data":"Predator","floor":40,"key":"SMITH"},{"data":"Noxious Fumes","floor":42,"key":"SMITH"},{"floor":47,"key":"REST"},{"floor":49,"key":"REST"}],"neow_cost":"NONE","seed_source_timestamp":333164570251900,"circlet_count":0,"master_deck":["Strike_G","Strike_G","Strike_G+1","Strike_G+1","Strike_G","Defend_G+1","Defend_G","Defend_G","Defend_G","Defend_G","Neutralize","Blade Dance","Predator+1","Cloak And Dagger","Predator+1","Leg Sweep","Underhanded Strike","Flying Knee","After Image","Footwork+1","Adrenaline","Cloak And Dagger","Dagger Throw","Predator+1","Madness","Eviscerate","Masterful Stab","Underhanded Strike","Noxious Fumes+1","Clumsy","A Thousand Cuts","Dagger Throw+1","Leg Sweep","Bullet Time","Underhanded Strike+1","Writhe","Mayhem","Doubt","Envenom","Doubt","Choke+1","PiercingWail+1","Dash+1","Underhanded Strike+1","Accuracy","After Image"],"relics":["Snecko Eye","War Paint","Dodecahedron","Centennial Puzzle","Strawberry","Snake Skull","Cursed Key","Darkstone Periapt","Question Card","Molten Egg 2","Letter Opener","Whetstone","Red Mask","Lizard Tail","Oddly Smooth Stone","Dream Catcher","Potion Belt","Bottled Lightning","StoneCalendar"],"potions_floor_usage":[8,16,23,33,46,46,46,50,50],"damage_taken":[{"damage":4,"enemies":"Cultist","floor":1,"turns":5},{"damage":2,"enemies":"Small Slimes","floor":2,"turns":3},{"damage":0,"enemies":"Jaw Worm","floor":3,"turns":3},{"damage":0,"enemies":"Blue Slaver","floor":5,"turns":2},{"damage":12,"enemies":"Gremlin Nob","floor":6,"turns":3},{"damage":0,"enemies":"3 Sentries","floor":8,"turns":10},{"damage":12,"enemies":"Large Slime","floor":11,"turns":6},{"damage":0,"enemies":"Gremlin Nob","floor":13,"turns":3},{"damage":3,"enemies":"Red Slaver","floor":14,"turns":4},{"damage":0,"enemies":"Slime Boss","floor":16,"turns":10},{"damage":0,"enemies":"3 Byrds","floor":18,"turns":6},{"damage":0,"enemies":"Spheric Guardian","floor":19,"turns":3},{"damage":2,"enemies":"Centurion and Healer","floor":22,"turns":5},{"damage":31,"enemies":"Slavers","floor":23,"turns":5},{"damage":6,"enemies":"Book of Stabbing","floor":25,"turns":5},{"damage":0,"enemies":"Slavers","floor":27,"turns":4},{"damage":37,"enemies":"Masked Bandits","floor":29,"turns":4},{"damage":9,"enemies":"Snake Plant","floor":31,"turns":2},{"damage":20,"enemies":"Automaton","floor":33,"turns":8},{"damage":25,"enemies":"3 Shapes","floor":35,"turns":4},{"damage":0,"enemies":"Nemesis","floor":41,"turns":7},{"damage":13,"enemies":"3 Darklings","floor":44,"turns":6},{"damage":18,"enemies":"Maw","floor":45,"turns":7},{"damage":44,"enemies":"Giant Head","floor":46,"turns":7},{"damage":16,"enemies":"Jaw Worm Horde","floor":48,"turns":4},{"damage":131,"enemies":"Time Eater","floor":50,"turns":12}],"seed_played":"5806788719586225537","potions_obtained":[{"floor":2,"key":"FearPotion"},{"floor":5,"key":"AttackPotion"},{"floor":11,"key":"Swift Potion"},{"floor":18,"key":"Dexterity Potion"},{"floor":27,"key":"SteroidPotion"},{"floor":29,"key":"Energy Potion"},{"floor":31,"key":"SkillPotion"},{"floor":33,"key":"Strength Potion"},{"floor":35,"key":"LiquidBronze"},{"floor":44,"key":"Strength Potion"},{"floor":48,"key":"LiquidBronze"}],"is_trial":false,"path_per_floor":["M","M","M","?","M","E","R","E","T","R","M","R","E","M","R","B",null,"M","M","$","?","M","E","R","E","T","E","R","?","T","M","R","B",null,"M","?","$","?","T","R","E","R","T","M","M","E","R","M","R","B"],"character_chosen":"THE_SILENT","items_purchased":["Darkstone Periapt","Predator","Mayhem","Oddly Smooth Stone"],"campfire_rested":5,"item_purchase_floors":[20,20,37,37],"current_hp_per_floor":[59,57,57,57,57,45,66,66,73,73,61,61,61,58,58,58,72,72,72,72,72,70,39,62,56,62,62,62,25,31,22,48,28,74,49,77,77,77,83,83,83,83,89,76,58,14,46,30,62,0],"gold":152,"neow_bonus":"BOSS_RELIC","is_prod":false,"is_daily":false,"chose_seed":false,"campfire_upgraded":5,"win_rate":0,"timestamp":1568140093,"path_taken":["M","?","M","?","?","E","R","E","T","R","M","R","E","M","R","BOSS","M","M","$","?","?","E","R","E","T","E","R","?","?","M","R","BOSS","M","?","$","?","?","R","E","R","T","M","M","E","R","M","R","BOSS"],"build_version":"2019-07-17","purchased_purges":1,"victory":false,"max_hp_per_floor":[70,70,70,70,70,70,70,70,77,77,77,77,77,77,77,77,77,77,77,77,77,77,77,77,77,83,83,83,83,89,89,89,89,89,89,95,95,95,101,101,101,101,107,107,107,107,107,107,107,107],"card_choices":[{"not_picked":["Slice","Terror"],"picked":"Blade Dance","floor":1},{"not_picked":["Dagger Spray","Acrobatics"],"picked":"Predator","floor":2},{"not_picked":["Reflex","Infinite Blades"],"picked":"Cloak And Dagger","floor":3},{"not_picked":["Outmaneuver","Quick Slash"],"picked":"Predator","floor":5},{"not_picked":["PiercingWail","Blur"],"picked":"Leg Sweep","floor":6},{"not_picked":["Malaise","Sucker Punch"],"picked":"Underhanded Strike","floor":8},{"not_picked":["Dagger Throw","Caltrops"],"picked":"Flying Knee","floor":11},{"not_picked":["Blade Dance","Skewer"],"picked":"After Image","floor":13},{"not_picked":["Acrobatics","Catalyst"],"picked":"Footwork","floor":14},{"not_picked":["After Image","Die Die Die"],"picked":"Adrenaline","floor":16},{"not_picked":["Distraction+1","PiercingWail"],"picked":"Cloak And Dagger","floor":18},{"not_picked":["Dagger Spray","Cloak And Dagger"],"picked":"Dagger Throw","floor":19},{"not_picked":["Catalyst+1","Skewer"],"picked":"Masterful Stab","floor":22},{"not_picked":["Dodge and Roll","Outmaneuver+1"],"picked":"Underhanded Strike","floor":23},{"not_picked":["Terror+1","Dagger Spray","Slice+1"],"picked":"Noxious Fumes","floor":25},{"not_picked":["All Out Attack+1","Eviscerate+1","Malaise"],"picked":"A Thousand Cuts","floor":27},{"not_picked":["Poisoned Stab+1","Deadly Poison","Dodge and Roll+1"],"picked":"Dagger Throw+1","floor":29},{"not_picked":["Dodge and Roll","Masterful Stab+1","Quick Slash+1"],"picked":"Leg Sweep","floor":31},{"not_picked":["Adrenaline","Envenom","Wraith Form v2"],"picked":"Bullet Time","floor":33},{"not_picked":["Blade Dance+1","Backflip","Dodge and Roll+1"],"picked":"Underhanded Strike+1","floor":35},{"not_picked":["Bane+1","Deadly Poison","Flying Knee+1"],"picked":"Envenom","floor":41},{"not_picked":["Heel Hook+1","Deflect+1","Setup"],"picked":"Choke+1","floor":44},{"not_picked":["Blur","Outmaneuver","Well Laid Plans"],"picked":"PiercingWail+1","floor":45},{"not_picked":["Terror+1","Blade Dance+1","Cloak And Dagger"],"picked":"Dash+1","floor":46},{"not_picked":["Outmaneuver","Bane+1","Poisoned Stab+1"],"picked":"Underhanded Strike+1","floor":47},{"not_picked":["Slice+1","Dagger Spray+1","Endless Agony+1"],"picked":"Accuracy","floor":48},{"not_picked":["Acrobatics+1","Poisoned Stab+1","Backflip+1"],"picked":"After Image","floor":49}],"player_experience":535285,"relics_obtained":[{"floor":6,"key":"Dodecahedron"},{"floor":8,"key":"Centennial Puzzle"},{"floor":9,"key":"Strawberry"},{"floor":13,"key":"Snake Skull"},{"floor":23,"key":"Question Card"},{"floor":25,"key":"Molten Egg 2"},{"floor":26,"key":"Letter Opener"},{"floor":27,"key":"Whetstone"},{"floor":29,"key":"Red Mask"},{"floor":39,"key":"Dream Catcher"},{"floor":41,"key":"Potion Belt"},{"floor":43,"key":"Bottled Lightning"},{"floor":46,"key":"StoneCalendar"}],"event_choices":[{"damage_healed":0,"gold_gain":0,"player_choice":"Gave Potion","damage_taken":0,"relics_obtained":["War Paint"],"max_hp_gain":0,"max_hp_loss":0,"event_name":"WeMeetAgain","floor":4,"gold_loss":0},{"damage_healed":0,"gold_gain":0,"player_choice":"2 cards matched","damage_taken":0,"max_hp_gain":0,"max_hp_loss":0,"event_name":"Match and Keep!","floor":21,"gold_loss":0,"cards_obtained":["Madness","Eviscerate"]},{"damage_healed":0,"gold_gain":0,"player_choice":"Fought Bandits","damage_taken":0,"max_hp_gain":0,"max_hp_loss":0,"event_name":"Masked Bandits","floor":29,"gold_loss":0},{"damage_healed":22,"gold_gain":0,"player_choice":"Writhe","damage_taken":0,"max_hp_gain":0,"max_hp_loss":0,"event_name":"Winding Halls","floor":36,"gold_loss":0,"cards_obtained":["Writhe"]},{"cards_removed":["Survivor"],"damage_healed":0,"gold_gain":0,"player_choice":"Removed Skill","damage_taken":0,"max_hp_gain":0,"max_hp_loss":0,"event_name":"Falling","floor":38,"gold_loss":0}],"is_beta":false,"boss_relics":[{"not_picked":["Empty Cage","Runic Pyramid"],"picked":"Cursed Key"},{"not_picked":["Sozu","Black Star"],"picked":"Lizard Tail"}],"items_purged_floors":[37],"is_endless":false,"potions_floor_spawned":[2,5,11,18,27,29,31,33,35,44,48],"killed_by":"Time Eater","ascension_level":7}