{"gold_per_floor":[119,129,129,152,227,227,253,5,5,22,50,50,66,114,114,213,213,229,245,74,74,93,93],"floor_reached":23,"playtime":766,"items_purged":[],"score":269,"play_id":"19f73b21-1759-4202-bdcc-55313cb7532b","local_time":"20190907224609","is_ascension_mode":true,"campfire_choices":[{"floor":6,"key":"REST"},{"floor":12,"key":"REST"},{"floor":15,"key":"REST"}],"neow_cost":"TEN_PERCENT_HP_LOSS","seed_source_timestamp":106466587884800,"circlet_count":0,"master_deck":["Strike_R","Strike_R","Strike_R","Strike_R","Strike_R","Defend_R","Defend_R","Defend_R","Defend_R","Bash","Cleave","Havoc","Flex","Heavy Blade","Perfected Strike","Twin Strike","Demon Form","Uppercut","Shrug It Off","Double Tap","RitualDagger","Warcry"],"relics":["Burning Blood","Turnip","Paper Frog","Bronze Scales","Bottled Lightning","Mercury Hourglass","Letter Opener","Happy Flower","Black Star"],"potions_floor_usage":[11,18,19,20],"damage_taken":[{"damage":6,"enemies":"Cultist","floor":1,"turns":3},{"damage":0,"enemies":"Small Slimes","floor":2,"turns":3},{"damage":28,"enemies":"Gremlin Nob","floor":7,"turns":4},{"damage":7,"enemies":"Jaw Worm","floor":10,"turns":3},{"damage":35,"enemies":"Lagavulin","floor":11,"turns":5},{"damage":6,"enemies":"Looter","floor":13,"turns":2},{"damage":47,"enemies":"Slime Boss","floor":16,"turns":10},{"damage":4,"enemies":"3 Byrds","floor":18,"turns":3},{"damage":33,"enemies":"Shell Parasite","floor":19,"turns":5},{"damage":12,"enemies":"Snecko","floor":22,"turns":4},{"damage":30,"enemies":"Gremlin Leader","floor":23,"turns":2}],"seed_played":"1571164897507813912","potions_obtained":[{"floor":7,"key":"Poison Potion"},{"floor":10,"key":"Weak Potion"},{"floor":11,"key":"Poison Potion"},{"floor":19,"key":"Explosive Potion"}],"is_trial":false,"path_per_floor":["M","M","?","T","?","R","E","$","T","M","E","R","M","T","R","B",null,"M","M","$","?","M","E"],"character_chosen":"IRONCLAD","items_purchased":["Mercury Hourglass","Fruit Juice","Double Tap"],"campfire_rested":3,"item_purchase_floors":[8,20,20],"current_hp_per_floor":[72,72,60,60,53,72,50,50,50,49,20,41,41,41,62,21,59,61,34,39,33,27,0],"gold":93,"neow_bonus":"ONE_RARE_RELIC","is_prod":false,"is_daily":false,"chose_seed":false,"campfire_upgraded":0,"win_rate":0,"timestamp":1567910769,"path_taken":["M","?","?","?","?","R","E","$","T","M","E","R","?","?","R","BOSS","M","M","$","?","M","E"],"build_version":"2019-07-17","purchased_purges":0,"victory":false,"max_hp_per_floor":[72,72,72,72,72,72,72,72,72,72,72,72,72,72,72,72,72,72,72,77,77,77,77],"card_choices":[{"not_picked":["Sword Boomerang","Anger"],"picked":"Cleave","floor":1},{"not_picked":["Cleave","Clothesline"],"picked":"Havoc","floor":2},{"not_picked":["Burning Pact","Exhume"],"picked":"Flex","floor":7},{"not_picked":["Warcry","Pommel Strike"],"picked":"Heavy Blade","floor":10},{"not_picked":["Fire Breathing","Heavy Blade"],"picked":"Perfected Strike","floor":11},{"not_picked":["Warcry","Intimidate"],"picked":"Twin Strike","floor":13},{"not_picked":["Reaper","Impervious"],"picked":"Demon Form","floor":16},{"not_picked":["Anger","Armaments"],"picked":"Uppercut","floor":18},{"not_picked":["Iron Wave","Seeing Red"],"picked":"Shrug It Off","floor":19},{"not_picked":["Pommel Strike","Clash"],"picked":"Warcry","floor":22}],"player_experience":503107,"relics_obtained":[{"floor":4,"key":"Bronze Scales"},{"floor":7,"key":"Bottled Lightning"},{"floor":9,"key":"Letter Opener"},{"floor":11,"key":"Happy Flower"}],"event_choices":[{"damage_healed":0,"gold_gain":0,"player_choice":"Success","damage_taken":12,"relics_obtained":["Paper Frog"],"max_hp_gain":0,"max_hp_loss":0,"event_name":"Scrap Ooze","floor":3,"gold_loss":0},{"damage_healed":0,"gold_gain":75,"player_choice":"Touch","damage_taken":7,"max_hp_gain":0,"max_hp_loss":0,"event_name":"FaceTrader","floor":5,"gold_loss":0},{"damage_healed":0,"gold_gain":0,"player_choice":"Joined the Cult","damage_taken":6,"max_hp_gain":0,"max_hp_loss":0,"event_name":"Nest","floor":21,"gold_loss":0,"cards_obtained":["RitualDagger"]}],"is_beta":false,"boss_relics":[{"not_picked":["Runic Dome","Astrolabe"],"picked":"Black Star"}],"items_purged_floors":[],"is_endless":false,"potions_floor_spawned":[7,10,11,19],"killed_by":"Gremlin Leader","ascension_level":7}