{"gold_per_floor":[113,63,76,1,21,50,50,84,84,84,84,103,103,118,118,118],"floor_reached":16,"playtime":764,"items_purged":["Strike_R"],"score":176,"play_id":"513b4aaf-f339-4b42-b978-699dec0e2e81","local_time":"20190928201220","is_ascension_mode":true,"campfire_choices":[{"floor":7,"key":"REST"},{"floor":11,"key":"REST"},{"floor":13,"key":"REST"},{"data":"Havoc","floor":15,"key":"SMITH"}],"neow_cost":"NONE","seed_source_timestamp":957846700953600,"circlet_count":0,"master_deck":["AscendersBane","Strike_R","Strike_R","Strike_R","Strike_R","Defend_R","Defend_R","Defend_R","Bash","Cleave","Flame Barrier","Clash","Dropkick","Armaments","Thunderclap","Havoc+1"],"relics":["Burning Blood","Boot","Happy Flower","Frozen Egg 2","Smiling Mask","NlothsMask"],"potions_floor_usage":[3,6,16],"damage_taken":[{"damage":6,"enemies":"Jaw Worm","floor":1,"turns":4},{"damage":3,"enemies":"2 Louse","floor":3,"turns":2},{"damage":0,"enemies":"Cultist","floor":5,"turns":4},{"damage":59,"enemies":"Lagavulin","floor":6,"turns":7},{"damage":43,"enemies":"3 Sentries","floor":8,"turns":11},{"damage":10,"enemies":"2 Fungi Beasts","floor":12,"turns":3},{"damage":1,"enemies":"Large Slime","floor":14,"turns":5},{"damage":85,"enemies":"Hexaghost","floor":16,"turns":11}],"seed_played":"5928787995482138134","potions_obtained":[{"floor":1,"key":"SkillPotion"},{"floor":5,"key":"Energy Potion"},{"floor":12,"key":"BloodPotion"}],"is_trial":false,"path_per_floor":["M","?","M","$","M","E","R","E","T","?","R","M","R","M","R","B"],"character_chosen":"IRONCLAD","items_purchased":[],"campfire_rested":3,"item_purchase_floors":[],"current_hp_per_floor":[72,72,75,75,80,27,51,14,14,14,38,34,58,63,63,0],"gold":118,"neow_bonus":"RANDOM_COMMON_RELIC","is_prod":false,"is_daily":false,"chose_seed":false,"campfire_upgraded":1,"win_rate":0,"timestamp":1569715940,"path_taken":["M","?","M","$","M","E","R","E","T","?","R","M","R","?","R","BOSS"],"build_version":"2019-07-17","purchased_purges":1,"victory":false,"max_hp_per_floor":[80,80,80,80,80,80,80,80,80,80,80,80,80,80,80,80],"card_choices":[{"not_picked":["Clothesline","Body Slam"],"picked":"Cleave","floor":1},{"not_picked":["Perfected Strike","True Grit"],"picked":"Flame Barrier","floor":3},{"not_picked":["Reckless Charge","Thunderclap"],"picked":"Clash","floor":5},{"not_picked":["Berserk","Shockwave"],"picked":"Dropkick","floor":6},{"not_picked":["Perfected Strike","Fire Breathing"],"picked":"Armaments","floor":8},{"not_picked":["Body Slam","Sword Boomerang"],"picked":"Thunderclap","floor":12},{"not_picked":["Warcry","Rupture+1"],"picked":"Havoc","floor":14}],"player_experience":726240,"relics_obtained":[{"floor":6,"key":"Happy Flower"},{"floor":8,"key":"Frozen Egg 2"},{"floor":9,"key":"Smiling Mask"}],"event_choices":[{"cards_removed":["Defend_R"],"damage_healed":0,"gold_gain":0,"player_choice":"Card Removal","damage_taken":0,"max_hp_gain":0,"max_hp_loss":0,"event_name":"The Cleric","floor":2,"gold_loss":50},{"damage_healed":0,"gold_gain":0,"player_choice":"Trade","damage_taken":0,"relics_obtained":["NlothsMask"],"max_hp_gain":0,"max_hp_loss":0,"event_name":"FaceTrader","floor":10,"gold_loss":0}],"is_beta":false,"boss_relics":[],"items_purged_floors":[4],"is_endless":false,"potions_floor_spawned":[1,5,12],"killed_by":"Hexaghost","ascension_level":12}