{"gold_per_floor":[111,128,128,146,321,321,346,346,346,76,96,124,138,157,157,252,252,270,195,205,222,137,137,37,37,62,62,62,62,62,72,72,168,168,188,207,259,259,259,259],"floor_reached":40,"playtime":2780,"items_purged":["Doubt","Strike_R"],"score":433,"play_id":"4f1d36cf-6d78-4372-962f-8da47dc1d749","local_time":"20181223230859","is_ascension_mode":true,"campfire_choices":[{"data":"Twin Strike","floor":6,"key":"SMITH"},{"data":"1","floor":8,"key":"LIFT"},{"data":"2","floor":15,"key":"LIFT"},{"data":"3","floor":23,"key":"LIFT"},{"data":"Seeing Red","floor":25,"key":"SMITH"},{"data":"Reaper","floor":27,"key":"SMITH"},{"floor":32,"key":"REST"}],"neow_cost":"NONE","seed_source_timestamp":279694248246668,"circlet_count":0,"master_deck":["Strike_R","Strike_R","Strike_R","Strike_R","Defend_R","Defend_R","Defend_R","Bash","Warcry+1","Flame Barrier","Twin Strike+1","Cleave","Master of Strategy","Reaper+1","True Grit","Exhume","True Grit","Anger","Seeing Red+1","Rampage","Offering","Spot Weakness","Heavy Blade","Flash of Steel","Thinking Ahead","Dramatic Entrance"],"relics":["Black Blood","NeowsBlessing","Girya","Pantograph","Busted Crown","Shuriken","Blood Vial","Unceasing Top"],"potions_floor_usage":[12,33,33,33,37],"damage_taken":[{"damage":0,"enemies":"Jaw Worm","floor":1,"turns":1},{"damage":0,"enemies":"Cultist","floor":2,"turns":1},{"damage":0,"enemies":"Small Slimes","floor":4,"turns":1},{"damage":32,"enemies":"Gremlin Nob","floor":7,"turns":5},{"damage":22,"enemies":"Exordium Wildlife","floor":11,"turns":4},{"damage":22,"enemies":"3 Sentries","floor":12,"turns":8},{"damage":23,"enemies":"3 Louse","floor":13,"turns":3},{"damage":3,"enemies":"Blue Slaver","floor":14,"turns":5},{"damage":47,"enemies":"Slime Boss","floor":16,"turns":10},{"damage":24,"enemies":"2 Thieves","floor":18,"turns":5},{"damage":23,"enemies":"Shell Parasite","floor":20,"turns":6},{"damage":31,"enemies":"Snake Plant","floor":21,"turns":5},{"damage":16,"enemies":"Shelled Parasite and Fungi","floor":31,"turns":3},{"damage":73,"enemies":"Automaton","floor":33,"turns":8},{"damage":29,"enemies":"Orb Walker","floor":35,"turns":3},{"damage":57,"enemies":"3 Shapes","floor":36,"turns":5},{"damage":54,"enemies":"2 Orb Walkers","floor":37,"turns":4},{"damage":94,"enemies":"Nemesis","floor":40,"turns":5}],"seed_played":"-4545289633948620112","potions_obtained":[{"floor":2,"key":"SpeedPotion"},{"floor":11,"key":"Fire Potion"},{"floor":16,"key":"SteroidPotion"},{"floor":20,"key":"Energy Potion"},{"floor":36,"key":"Block Potion"}],"is_trial":false,"path_per_floor":["M","M","?","M","?","R","E","R","T","$","M","E","M","M","R","B",null,"M","?","M","M","?","R","$","R","T","R","$","?","?","M","R","B",null,"M","M","?","?","?","E"],"character_chosen":"IRONCLAD","items_purchased":["Master of Strategy"],"campfire_rested":1,"item_purchase_floors":[10],"current_hp_per_floor":[80,80,80,80,80,80,54,54,54,54,38,37,35,38,38,28,80,68,68,57,38,38,38,38,38,38,38,38,23,23,28,53,36,85,70,49,50,40,40,0],"gold":259,"neow_bonus":"THREE_ENEMY_KILL","is_prod":false,"is_daily":false,"chose_seed":false,"campfire_upgraded":3,"win_rate":0,"timestamp":1545624539,"path_taken":["M","M","?","?","?","R","E","R","T","$","M","E","M","M","R","BOSS","M","?","M","M","?","R","?","R","T","R","$","?","?","M","R","BOSS","M","M","?","?","?","E"],"build_version":"2018-12-20","purchased_purges":2,"victory":false,"max_hp_per_floor":[80,80,80,80,80,80,80,80,80,80,80,80,80,80,80,80,80,80,80,80,80,80,80,80,80,80,80,80,85,85,85,85,85,85,85,85,85,85,81,81],"card_choices":[{"not_picked":["Corruption","Pommel Strike"],"picked":"Warcry","floor":1},{"not_picked":["Iron Wave","Burning Pact"],"picked":"Flame Barrier","floor":2},{"not_picked":["Perfected Strike","Sentinel"],"picked":"Twin Strike","floor":4},{"not_picked":["Sword Boomerang","True Grit"],"picked":"Cleave","floor":7},{"not_picked":["Flex","Perfected Strike"],"picked":"Reaper","floor":11},{"not_picked":["Feel No Pain","Warcry","Twin Strike"],"picked":"SKIP","floor":12},{"not_picked":["Wild Strike","Clothesline","Intimidate"],"picked":"SKIP","floor":13},{"not_picked":["Pommel Strike","Metallicize"],"picked":"True Grit","floor":14},{"not_picked":["Dark Embrace","Immolate"],"picked":"Exhume","floor":16},{"not_picked":[],"picked":"True Grit","floor":18},{"not_picked":[],"picked":"Anger","floor":20},{"not_picked":[],"picked":"Seeing Red","floor":21},{"not_picked":["Clash"],"picked":"SKIP","floor":31},{"not_picked":[],"picked":"Offering","floor":33},{"not_picked":["Clothesline+1"],"picked":"SKIP","floor":35},{"not_picked":[],"picked":"Spot Weakness","floor":36},{"not_picked":[],"picked":"Heavy Blade","floor":37},{"not_picked":[],"picked":"Flash of Steel","floor":38},{"not_picked":[],"picked":"Thinking Ahead","floor":38},{"not_picked":[],"picked":"Dramatic Entrance","floor":38}],"player_experience":100667,"relics_obtained":[{"floor":7,"key":"Girya"},{"floor":12,"key":"Pantograph"},{"floor":26,"key":"Blood Vial"},{"floor":37,"key":"Unceasing Top"}],"event_choices":[{"damage_healed":0,"gold_gain":0,"player_choice":"Forge","damage_taken":0,"max_hp_gain":0,"max_hp_loss":0,"event_name":"Accursed Blacksmith","floor":3,"gold_loss":0,"cards_upgraded":["Warcry"]},{"damage_healed":0,"gold_gain":175,"player_choice":"AGREE","damage_taken":0,"max_hp_gain":0,"max_hp_loss":0,"event_name":"Liars Game","floor":5,"gold_loss":0,"cards_obtained":["Doubt"]},{"cards_removed":["Defend_R"],"damage_healed":0,"gold_gain":0,"player_choice":"Gave Gold","damage_taken":0,"max_hp_gain":0,"max_hp_loss":0,"event_name":"Beggar","floor":19,"gold_loss":75},{"damage_healed":0,"gold_gain":0,"player_choice":"Obtained Relic","damage_taken":0,"relics_obtained":["Shuriken"],"max_hp_gain":0,"max_hp_loss":0,"event_name":"Addict","floor":22,"gold_loss":85},{"damage_healed":0,"gold_gain":0,"player_choice":"Shed Blood","damage_taken":20,"max_hp_gain":5,"max_hp_loss":0,"event_name":"Forgotten Altar","floor":29,"gold_loss":0},{"damage_healed":0,"gold_gain":0,"player_choice":"Read","damage_taken":0,"max_hp_gain":0,"max_hp_loss":0,"event_name":"The Library","floor":30,"gold_loss":0,"cards_obtained":["Rampage"]},{"damage_healed":0,"gold_gain":0,"player_choice":"Fight","damage_taken":0,"max_hp_gain":0,"max_hp_loss":0,"event_name":"Mysterious Sphere","floor":37,"gold_loss":0},{"damage_healed":0,"gold_gain":0,"player_choice":"Memory 3","damage_taken":10,"max_hp_gain":0,"max_hp_loss":0,"event_name":"SensoryStone","floor":38,"gold_loss":0},{"damage_healed":0,"gold_gain":0,"player_choice":"Max HP","damage_taken":0,"max_hp_gain":0,"max_hp_loss":4,"event_name":"Winding Halls","floor":39,"gold_loss":0}],"is_beta":false,"boss_relics":[{"not_picked":["Mark of Pain","Velvet Choker"],"picked":"Busted Crown"},{"not_picked":["Cursed Key","Eternal Feather"],"picked":"Black Blood"}],"items_purged_floors":[10,24],"is_endless":false,"potions_floor_spawned":[2,11,16,20,36],"killed_by":"Nemesis","ascension_level":2}