{"gold_per_floor":[117,135,148,70,86,111,16,16,16,0,33,33,33],"floor_reached":13,"playtime":579,"items_purged":[],"score":126,"play_id":"8b2879e4-4c85-4e84-8073-70c98b8aa37f","local_time":"20190915145748","is_ascension_mode":true,"campfire_choices":[{"floor":8,"key":"REST"}],"neow_cost":"TEN_PERCENT_HP_LOSS","seed_source_timestamp":247522398147200,"circlet_count":0,"master_deck":["Strike_G","Strike_G","Strike_G","Strike_G","Strike_G","Defend_G","Defend_G","Defend_G","Defend_G","Defend_G","Survivor","Neutralize","Cloak And Dagger","Caltrops","Blade Dance","Accuracy","Quick Slash","Blade Dance","Dagger Throw+1","Bullet Time+1","Pain"],"relics":["Ring of the Snake","Bird Faced Urn","Molten Egg 2","Toxic Egg 2","Paper Crane","WarpedTongs"],"potions_floor_usage":[1,11,11,13],"damage_taken":[{"damage":0,"enemies":"2 Louse","floor":1,"turns":3},{"damage":0,"enemies":"Small Slimes","floor":2,"turns":5},{"damage":2,"enemies":"Cultist","floor":3,"turns":4},{"damage":9,"enemies":"Looter","floor":5,"turns":4},{"damage":62,"enemies":"Lagavulin","floor":6,"turns":7},{"damage":13,"enemies":"Gremlin Nob","floor":11,"turns":3},{"damage":27,"enemies":"3 Sentries","floor":13,"turns":5}],"seed_played":"4236464832003524481","potions_obtained":[{"floor":1,"key":"Fruit Juice"},{"floor":6,"key":"SteroidPotion"},{"floor":11,"key":"PowerPotion"}],"is_trial":false,"path_per_floor":["M","M","M","$","M","E","$","R","T","?","E","?","E"],"character_chosen":"THE_SILENT","items_purchased":["Accuracy","Dagger Throw+1","Regen Potion"],"campfire_rested":1,"item_purchase_floors":[4,7,7],"current_hp_per_floor":[68,68,66,66,61,3,3,23,23,23,21,21,0],"gold":33,"neow_bonus":"ONE_RARE_RELIC","is_prod":false,"is_daily":false,"chose_seed":false,"campfire_upgraded":0,"win_rate":0,"timestamp":1568573868,"path_taken":["M","M","M","$","M","E","$","R","T","?","E","?","E"],"build_version":"2019-07-17","purchased_purges":0,"victory":false,"max_hp_per_floor":[68,68,68,68,68,68,68,68,68,68,68,68,68],"card_choices":[{"not_picked":["Setup","Poisoned Stab"],"picked":"Cloak And Dagger","floor":1},{"not_picked":["Flying Knee","Deadly Poison"],"picked":"Caltrops","floor":2},{"not_picked":["Prepared","PiercingWail"],"picked":"Blade Dance","floor":3},{"not_picked":["Underhanded Strike","Reflex"],"picked":"Quick Slash","floor":5},{"not_picked":["PiercingWail","Acrobatics"],"picked":"Blade Dance","floor":6},{"not_picked":["Cloak And Dagger+1","Crippling Poison+1"],"picked":"Bullet Time+1","floor":11}],"player_experience":626765,"relics_obtained":[{"floor":6,"key":"Molten Egg 2"},{"floor":9,"key":"Toxic Egg 2"},{"floor":11,"key":"Paper Crane"}],"event_choices":[{"damage_healed":0,"gold_gain":0,"player_choice":"Left Gold","damage_taken":0,"max_hp_gain":0,"max_hp_loss":0,"event_name":"World of Goop","floor":10,"gold_loss":16},{"damage_healed":0,"gold_gain":0,"player_choice":"Rummage","damage_taken":0,"relics_obtained":["WarpedTongs"],"max_hp_gain":0,"max_hp_loss":0,"event_name":"Accursed Blacksmith","floor":12,"gold_loss":0,"cards_obtained":["Pain"]}],"is_beta":false,"boss_relics":[],"items_purged_floors":[],"is_endless":false,"potions_floor_spawned":[1,6,11],"killed_by":"3 Sentries","ascension_level":7}