{"gold_per_floor":[118,129,304,319,334,365,376,390,390,390,406,416,416],"floor_reached":13,"playtime":1276,"items_purged":[],"score":96,"play_id":"c997c5fc-259e-4f10-9efe-63295a2ed5c5","local_time":"20181222192942","is_ascension_mode":true,"campfire_choices":[{"floor":10,"key":"RECALL"}],"neow_cost":"PERCENT_DAMAGE","seed_source_timestamp":181617842387962,"circlet_count":0,"master_deck":["Strike_R","Strike_R","Strike_R","Strike_R","Strike_R","Defend_R","Defend_R","Defend_R","Defend_R","Bash","Panache","The Bomb","Heavy Blade","Pummel","Doubt","Carnage","Clothesline","Corruption","Rage","Flame Barrier","Double Tap"],"relics":["Burning Blood","Ornamental Fan"],"potions_floor_usage":[6,8,13,13],"damage_taken":[{"damage":5,"enemies":"Cultist","floor":1,"turns":4},{"damage":4,"enemies":"2 Louse","floor":2,"turns":4},{"damage":11,"enemies":"Jaw Worm","floor":4,"turns":4},{"damage":8,"enemies":"2 Fungi Beasts","floor":5,"turns":3},{"damage":26,"enemies":"Gremlin Nob","floor":6,"turns":4},{"damage":13,"enemies":"3 Louse","floor":7,"turns":4},{"damage":8,"enemies":"Exordium Wildlife","floor":8,"turns":4},{"damage":10,"enemies":"Red Slaver","floor":11,"turns":4},{"damage":0,"enemies":"Exordium Thugs","floor":12,"turns":3},{"damage":35,"enemies":"Lagavulin","floor":13,"turns":6}],"seed_played":"6363431443860739943","potions_obtained":[{"floor":1,"key":"Weak Potion"},{"floor":2,"key":"Dexterity Potion"},{"floor":7,"key":"GamblersBrew"},{"floor":8,"key":"Fruit Juice"}],"is_trial":false,"path_per_floor":["M","M","?","M","M","E","M","M","T","R","M","M","E"],"character_chosen":"IRONCLAD","items_purchased":[],"campfire_rested":0,"item_purchase_floors":[],"current_hp_per_floor":[57,59,59,54,52,32,25,28,28,28,24,30,0],"gold":416,"neow_bonus":"RANDOM_COLORLESS_2","is_prod":false,"is_daily":false,"chose_seed":false,"campfire_upgraded":0,"win_rate":0,"timestamp":1545524982,"path_taken":["M","M","?","M","M","E","M","M","T","R","M","M","E"],"build_version":"2018-12-20","purchased_purges":0,"victory":false,"max_hp_per_floor":[80,80,80,80,80,80,80,85,85,85,85,85,85],"card_choices":[{"not_picked":["Iron Wave","Cleave"],"picked":"Heavy Blade","floor":1},{"not_picked":["Thunderclap","Burning Pact"],"picked":"Pummel","floor":2},{"not_picked":["Body Slam","Entrench"],"picked":"Carnage","floor":4},{"not_picked":["Thunderclap","Searing Blow"],"picked":"Clothesline","floor":5},{"not_picked":["Anger","Headbutt"],"picked":"Corruption","floor":6},{"not_picked":["Cleave","Iron Wave"],"picked":"Rage","floor":7},{"not_picked":["Dual Wield","Twin Strike"],"picked":"Flame Barrier","floor":8},{"not_picked":["Heavy Blade","Body Slam"],"picked":"Double Tap","floor":11},{"not_picked":["Cleave","Anger","Hemokinesis"],"picked":"SKIP","floor":12}],"player_experience":56946,"relics_obtained":[{"floor":6,"key":"Ornamental Fan"}],"event_choices":[{"damage_healed":0,"gold_gain":175,"player_choice":"AGREE","damage_taken":0,"max_hp_gain":0,"max_hp_loss":0,"event_name":"Liars Game","floor":3,"gold_loss":0,"cards_obtained":["Doubt"]}],"is_beta":false,"boss_relics":[],"items_purged_floors":[],"is_endless":false,"potions_floor_spawned":[1,2,7,8],"killed_by":"Lagavulin","ascension_level":1}