{"gold_per_floor":[114,114,137,137,212,212,253,253,276,300,314,358,358,35,35,161,161,174,189,212,3,3,36,36,75,113,125,178,45,68,68],"floor_reached":31,"playtime":1852,"items_purged":["Strike_G"],"score":354,"play_id":"7210e37d-1daa-48df-8912-f5e8b9908c18","local_time":"20181230153853","is_ascension_mode":true,"campfire_choices":[{"data":"Leg Sweep","floor":6,"key":"SMITH"},{"floor":8,"key":"REST"},{"floor":13,"key":"REST"},{"data":"A Thousand Cuts","floor":15,"key":"SMITH"},{"floor":24,"key":"REST"},{"floor":27,"key":"REST"}],"neow_cost":"NONE","seed_source_timestamp":79669458473863,"circlet_count":0,"master_deck":["Defend_G","Defend_G","Defend_G","Defend_G","Defend_G","Strike_G","Strike_G","Strike_G","Strike_G","Survivor","Neutralize","Cloak And Dagger","Leg Sweep+1","Backflip","Flying Knee","Sucker Punch","A Thousand Cuts+1","Dagger Throw","Corpse Explosion","Deflect","Riddle With Holes+1","Shame","Noxious Fumes+1","Poisoned Stab+1","Underhanded Strike+1","Dash"],"relics":["Ring of the Snake","Golden Idol","Bottled Flame","Pen Nib","Bottled Lightning","Art of War","Eternal Feather","ClockworkSouvenir","Tough Bandages","Juzu Bracelet","MawBank","Potion Belt","Pear","Blood Vial"],"potions_floor_usage":[12,16,18,25,31,31],"damage_taken":[{"damage":7,"enemies":"Small Slimes","floor":1,"turns":4},{"damage":9,"enemies":"2 Louse","floor":3,"turns":4},{"damage":30,"enemies":"3 Sentries","floor":7,"turns":22},{"damage":1,"enemies":"Jaw Worm","floor":10,"turns":6},{"damage":0,"enemies":"Red Slaver","floor":11,"turns":5},{"damage":13,"enemies":"Lagavulin","floor":12,"turns":7},{"damage":32,"enemies":"Hexaghost","floor":16,"turns":12},{"damage":4,"enemies":"Shell Parasite","floor":18,"turns":9},{"damage":26,"enemies":"Spheric Guardian","floor":19,"turns":10},{"damage":24,"enemies":"Book of Stabbing","floor":23,"turns":8},{"damage":29,"enemies":"Gremlin Leader","floor":25,"turns":6},{"damage":44,"enemies":"Book of Stabbing","floor":28,"turns":8},{"damage":18,"enemies":"Cultist and Chosen","floor":30,"turns":5},{"damage":18,"enemies":"Gremlin Leader","floor":31,"turns":2}],"seed_played":"5978018692992320465","potions_obtained":[{"floor":10,"key":"PowerPotion"},{"floor":16,"key":"SkillPotion"},{"floor":23,"key":"GamblersBrew"},{"floor":28,"key":"SneckoOil"},{"floor":30,"key":"SkillPotion"}],"is_trial":false,"path_per_floor":["M","?","M","?","?","R","E","R","T","M","M","E","R","$","R","B",null,"M","M","T","$","?","E","R","E","T","R","E","$","M","E"],"character_chosen":"THE_SILENT","items_purchased":["Art of War","PowerPotion","Dagger Throw","ClockworkSouvenir","Blood Vial"],"campfire_rested":4,"item_purchase_floors":[14,14,14,21,29],"current_hp_per_floor":[70,70,61,61,50,50,20,43,43,42,42,29,52,52,52,20,77,73,47,47,47,47,23,58,29,29,64,30,30,14,0],"gold":68,"neow_bonus":"TEN_PERCENT_HP_BONUS","is_prod":false,"is_daily":false,"chose_seed":false,"campfire_upgraded":2,"win_rate":0,"timestamp":1546202333,"path_taken":["M","?","M","?","?","R","E","R","T","?","M","E","R","?","R","BOSS","M","?","?","?","?","E","R","E","T","R","E","?","M","E"],"build_version":"2018-12-20","purchased_purges":1,"victory":false,"max_hp_per_floor":[77,77,77,77,77,77,77,77,77,77,77,77,77,77,77,77,77,77,77,77,77,77,77,77,77,77,77,87,87,87,87],"card_choices":[{"not_picked":["Bane","Acrobatics"],"picked":"Cloak And Dagger","floor":1},{"not_picked":["Catalyst","Calculated Gamble"],"picked":"Leg Sweep","floor":3},{"not_picked":["Riddle With Holes","Prepared"],"picked":"Backflip","floor":7},{"not_picked":["Night Terror","Bane"],"picked":"Flying Knee","floor":10},{"not_picked":["Deadly Poison","Flechettes"],"picked":"Sucker Punch","floor":11},{"not_picked":["Flying Knee","Slice"],"picked":"A Thousand Cuts","floor":12},{"not_picked":["Unload","Tools of the Trade"],"picked":"Corpse Explosion","floor":16},{"not_picked":["Outmaneuver","Dodge and Roll"],"picked":"Deflect","floor":18},{"not_picked":["Flying Knee","Accuracy"],"picked":"Riddle With Holes+1","floor":19},{"not_picked":["Dash+1","Poisoned Stab"],"picked":"Noxious Fumes+1","floor":23},{"not_picked":["Blade Dance","Slice"],"picked":"Poisoned Stab+1","floor":25},{"not_picked":["Slice+1","Flechettes"],"picked":"Underhanded Strike+1","floor":28},{"not_picked":["Flying Knee","Outmaneuver"],"picked":"Dash","floor":30}],"player_experience":282854,"relics_obtained":[{"floor":7,"key":"Bottled Flame"},{"floor":9,"key":"Pen Nib"},{"floor":12,"key":"Bottled Lightning"},{"floor":23,"key":"Juzu Bracelet"},{"floor":25,"key":"MawBank"},{"floor":26,"key":"Potion Belt"},{"floor":28,"key":"Pear"}],"event_choices":[{"damage_healed":0,"gold_gain":0,"player_choice":"Take Wound","damage_taken":0,"relics_obtained":["Golden Idol"],"max_hp_gain":0,"max_hp_loss":0,"event_name":"Golden Idol","floor":2,"gold_loss":0,"cards_obtained":["Injury"]},{"cards_removed":["Injury"],"damage_healed":0,"gold_gain":0,"player_choice":"Forget","damage_taken":0,"max_hp_gain":0,"max_hp_loss":0,"event_name":"Living Wall","floor":4,"gold_loss":0},{"damage_healed":0,"gold_gain":75,"player_choice":"Gather Gold","damage_taken":11,"max_hp_gain":0,"max_hp_loss":0,"event_name":"World of Goop","floor":5,"gold_loss":0},{"damage_healed":0,"gold_gain":0,"player_choice":"Stole Relic","damage_taken":0,"relics_obtained":["Tough Bandages"],"max_hp_gain":0,"max_hp_loss":0,"event_name":"Addict","floor":22,"gold_loss":0,"cards_obtained":["Shame"]}],"is_beta":false,"boss_relics":[{"not_picked":["Calling Bell","Velvet Choker"],"picked":"Eternal Feather"}],"items_purged_floors":[14],"is_endless":false,"potions_floor_spawned":[10,16,23,28,30],"killed_by":"Gremlin Leader","ascension_level":2}