{"gold_per_floor":[119,130,146,160,172,200,210,210,235,250,250,270,270,286,286,390,390,405,405,505,505,137,137,163,63,63,63,81,93,106,136,136,236,236,248,298,398,0,0,0,18,53,53,53,53,78,78,89,89,89],"floor_reached":51,"playtime":3934,"items_purged":["Strike_G","Strike_G"],"score":913,"play_id":"99f601ca-5ae8-4804-b61a-e6a73c0874be","local_time":"20190418222353","is_ascension_mode":true,"campfire_choices":[{"data":"Terror","floor":8.0,"key":"SMITH"},{"data":"Choke","floor":11.0,"key":"SMITH"},{"data":"Neutralize","floor":13.0,"key":"SMITH"},{"data":"Malaise","floor":15.0,"key":"SMITH"},{"data":"Burst","floor":23,"key":"SMITH"},{"data":"Escape Plan","floor":27,"key":"SMITH"},{"data":"Expertise","floor":32,"key":"SMITH"},{"data":"Choke","floor":40,"key":"SMITH"},{"data":"Adrenaline","floor":44,"key":"SMITH"},{"data":"Envenom","floor":47,"key":"SMITH"},{"data":"Backflip","floor":49,"key":"SMITH"}],"neow_cost":"TEN_PERCENT_HP_LOSS","seed_source_timestamp":0,"circlet_count":0,"master_deck":["Defend_G+1","Defend_G","Defend_G","Defend_G","Strike_G","Strike_G","Survivor","Neutralize+1","Adrenaline+1","Backstab","Terror+1","Choke+1","Well Laid Plans","Slice","Malaise+1","Slice","Endless Agony","Burst+1","Escape Plan+1","Prepared+1","Expertise+1","Backflip+1","Expertise+1","Envenom+1","Prepared+1","Choke+1","Distraction+1","Adrenaline+1"],"special_seed":0,"relics":["Ring of the Snake","Incense Burner","War Paint","Philosopher\u0027s Stone","Centennial Puzzle","Mango","Bottled Lightning","Torii","Snake Skull","Letter Opener","Regal Pillow","Coffee Dripper","Prayer Wheel","Gambling Chip","Red Mask","Tingsha","Ice Cream","Blue Candle"],"potions_floor_usage":[20,24,31,31,50,50],"damage_taken":[{"damage":0.0,"enemies":"Cultist","floor":1.0,"turns":3.0},{"damage":0.0,"enemies":"2 Louse","floor":2.0,"turns":2.0},{"damage":0.0,"enemies":"Jaw Worm","floor":3.0,"turns":2.0},{"damage":1.0,"enemies":"Exordium Wildlife","floor":4.0,"turns":4.0},{"damage":3.0,"enemies":"Large Slime","floor":5.0,"turns":6.0},{"damage":12.0,"enemies":"3 Sentries","floor":6.0,"turns":9.0},{"damage":1.0,"enemies":"Looter","floor":7.0,"turns":2.0},{"damage":1.0,"enemies":"2 Fungi Beasts","floor":10.0,"turns":2.0},{"damage":0.0,"enemies":"Gremlin Gang","floor":12.0,"turns":2.0},{"damage":1.0,"enemies":"Red Slaver","floor":14.0,"turns":2.0},{"damage":25.0,"enemies":"Slime Boss","floor":16.0,"turns":18.0},{"damage":0,"enemies":"Shell Parasite","floor":18,"turns":3},{"damage":0,"enemies":"Colosseum Slavers","floor":20,"turns":3},{"damage":0,"enemies":"Colosseum Nobs","floor":20,"turns":5},{"damage":2,"enemies":"Gremlin Leader","floor":24,"turns":2},{"damage":0,"enemies":"2 Thieves","floor":28,"turns":3},{"damage":0,"enemies":"Shelled Parasite and Fungi","floor":29,"turns":2},{"damage":0,"enemies":"Centurion and Healer","floor":30,"turns":4},{"damage":11,"enemies":"Slavers","floor":31,"turns":2},{"damage":1,"enemies":"Collector","floor":33,"turns":3},{"damage":0,"enemies":"3 Shapes","floor":35,"turns":2},{"damage":13,"enemies":"2 Orb Walkers","floor":36,"turns":3},{"damage":1,"enemies":"Mind Bloom Boss Battle","floor":37,"turns":2},{"damage":0,"enemies":"3 Darklings","floor":41,"turns":1},{"damage":0,"enemies":"Giant Head","floor":42,"turns":2},{"damage":0,"enemies":"Nemesis","floor":46,"turns":1},{"damage":0,"enemies":"Sphere and 2 Shapes","floor":48,"turns":1},{"damage":23,"enemies":"Awakened One","floor":50,"turns":4}],"seed_played":"-1348967063165495435","potions_obtained":[{"floor":2.0,"key":"Block Potion"},{"floor":3.0,"key":"GhostInAJar"},{"floor":4.0,"key":"Block Potion"},{"floor":16.0,"key":"PowerPotion"},{"floor":24,"key":"PowerPotion"},{"floor":28,"key":"Energy Potion"},{"floor":29,"key":"SkillPotion"},{"floor":35,"key":"FearPotion"},{"floor":37,"key":"PowerPotion"},{"floor":42,"key":"Explosive Potion"}],"is_trial":false,"path_per_floor":["M","M","M","M","M","E","M","R","T","M","R","M","R","M","R","B",null,"M","?","?","?","$","R","E","$","T","R","M","M","M","E","R","B",null,"M","?","?","?","?","R","M","E","T","R","$","E","R","M","R","B",null],"character_chosen":"THE_SILENT","items_purchased":["Torii"],"campfire_rested":0,"item_purchase_floors":[22],"current_hp_per_floor":[63,63,63,62,59,47,46,46,46,45,45,45,45,44,44,19,63,63,63,77,63,63,63,61,61,61,61,61,61,61,50,50,49,82,82,69,68,68,60,60,60,60,60,60,60,60,60,60,60,37],"gold":89,"neow_bonus":"TRANSFORM_TWO_CARDS","is_prod":false,"is_daily":false,"chose_seed":false,"campfire_upgraded":11,"win_rate":0,"timestamp":1555622633,"path_taken":["M","?","?","?","?","E","M","R","T","?","R","?","R","M","R","BOSS","M","?","?","?","$","R","E","?","T","R","M","M","?","E","R","BOSS","M","?","?","?","?","R","?","E","T","R","?","E","R","M","R","BOSS"],"build_version":"2019-01-23","purchased_purges":2,"victory":true,"max_hp_per_floor":[63,63,63,63,63,63,63,63,63,63,63,63,63,63,63,63,63,63,63,77,82,82,82,82,82,82,82,82,82,82,82,82,82,82,82,82,82,82,82,82,82,82,82,82,82,82,82,82,82,82],"card_choices":[{"not_picked":["Acrobatics","Well Laid Plans"],"picked":"Terror","floor":1.0},{"not_picked":["Backflip","Quick Slash"],"picked":"Choke","floor":2.0},{"not_picked":["Outmaneuver","Backflip","Riddle With Holes"],"picked":"SKIP","floor":3.0},{"not_picked":["Deadly Poison","Dagger Throw"],"picked":"Well Laid Plans","floor":4.0},{"not_picked":["Dodge and Roll","Reflex"],"picked":"Slice","floor":5.0},{"not_picked":["Cloak And Dagger","Deadly Poison"],"picked":"Malaise","floor":6.0},{"not_picked":["Cloak And Dagger","Eviscerate"],"picked":"Slice","floor":7.0},{"not_picked":["Heel Hook","Cloak And Dagger"],"picked":"Endless Agony","floor":10.0},{"not_picked":["Caltrops","Dodge and Roll","Poisoned Stab"],"picked":"SKIP","floor":12.0},{"not_picked":["Night Terror","Concentrate","Masterful Stab"],"picked":"SKIP","floor":14.0},{"not_picked":["Corpse Explosion","Grand Finale"],"picked":"Burst","floor":16.0},{"not_picked":["Backflip","Quick Slash"],"picked":"Escape Plan","floor":18},{"not_picked":["Venomology","Terror+1"],"picked":"Prepared+1","floor":24},{"not_picked":["Outmaneuver","Sucker Punch"],"picked":"Expertise","floor":28},{"not_picked":["Underhanded Strike","Blade Dance+1","PiercingWail"],"picked":"SKIP","floor":29},{"not_picked":["Sucker Punch+1","A Thousand Cuts"],"picked":"Backflip","floor":30},{"not_picked":["Cloak And Dagger","Outmaneuver+1"],"picked":"Expertise+1","floor":31},{"not_picked":["Grand Finale","Doppelganger"],"picked":"Envenom","floor":33},{"not_picked":["Backflip","Dagger Throw+1","Deadly Poison+1"],"picked":"SKIP","floor":35},{"not_picked":["Blade Dance+1","Bane+1"],"picked":"Prepared+1","floor":36},{"not_picked":["Expertise+1","Flechettes"],"picked":"Choke","floor":37},{"not_picked":["Concentrate","Slice+1"],"picked":"Distraction+1","floor":41},{"not_picked":["Deflect","Predator"],"picked":"Adrenaline","floor":41},{"not_picked":["Deflect","Predator+1","Expertise"],"picked":"SKIP","floor":42},{"not_picked":["Crippling Poison+1","Terror","Quick Slash"],"picked":"SKIP","floor":46},{"not_picked":["Backflip+1","Acrobatics","Cloak And Dagger+1"],"picked":"SKIP","floor":48},{"not_picked":["Deflect","Masterful Stab","Prepared"],"picked":"SKIP","floor":48}],"player_experience":166845,"relics_obtained":[{"floor":6.0,"key":"Incense Burner"},{"floor":9.0,"key":"War Paint"},{"floor":20,"key":"Mango"},{"floor":20,"key":"Bottled Lightning"},{"floor":24,"key":"Snake Skull"},{"floor":26,"key":"Letter Opener"},{"floor":31,"key":"Regal Pillow"},{"floor":36,"key":"Prayer Wheel"},{"floor":37,"key":"Gambling Chip"},{"floor":42,"key":"Tingsha"},{"floor":43,"key":"Ice Cream"},{"floor":46,"key":"Blue Candle"}],"event_choices":[{"damage_healed":0,"gold_gain":0,"player_choice":"Opened","damage_taken":0,"relics_obtained":["Centennial Puzzle"],"max_hp_gain":0,"max_hp_loss":0,"event_name":"The Mausoleum","floor":19,"gold_loss":0},{"damage_healed":0,"gold_gain":0,"player_choice":"Fight","damage_taken":0,"max_hp_gain":0,"max_hp_loss":0,"event_name":"Colosseum","floor":20,"gold_loss":0},{"damage_healed":0,"gold_gain":0,"player_choice":"Fought Nobs","damage_taken":0,"max_hp_gain":0,"max_hp_loss":0,"event_name":"Colosseum","floor":20,"gold_loss":0},{"damage_healed":0,"gold_gain":0,"player_choice":"Shed Blood","damage_taken":19,"max_hp_gain":5,"max_hp_loss":0,"event_name":"Forgotten Altar","floor":21,"gold_loss":0},{"damage_healed":0,"gold_gain":0,"player_choice":"Fight","damage_taken":0,"max_hp_gain":0,"max_hp_loss":0,"event_name":"Mysterious Sphere","floor":36,"gold_loss":0},{"damage_healed":0,"gold_gain":0,"player_choice":"Fight","damage_taken":0,"max_hp_gain":0,"max_hp_loss":0,"event_name":"MindBloom","floor":37,"gold_loss":0},{"damage_healed":0,"gold_gain":0,"player_choice":"Paid","damage_taken":0,"relics_obtained":["Red Mask"],"max_hp_gain":0,"max_hp_loss":0,"event_name":"Tomb of Lord Red Mask","floor":38,"gold_loss":398},{"damage_healed":0,"gold_gain":0,"player_choice":"Damaged","damage_taken":8,"max_hp_gain":0,"max_hp_loss":0,"event_name":"Wheel of Change","floor":39,"gold_loss":0}],"is_beta":false,"boss_relics":[{"not_picked":["Orrery","Pandora\u0027s Box"],"picked":"Philosopher\u0027s Stone"},{"not_picked":["Ring of the Serpent","Lizard Tail"],"picked":"Coffee Dripper"}],"items_purged_floors":[22,25],"is_endless":false,"potions_floor_spawned":[2,3,4,16,24,28,29,30,35,37,42,48],"ascension_level":3}