{"gold_per_floor":[113,123,123,142,67,129,142,142,142,142,162,182,221,242,242,362,425,445,460,115,115,128,128,128,128,153,278,297,338,338,357,357,478,478,497,178,178,255,0,33,58,74,74,93,108,147,147,161,161,161,161,161,11,55,55],"floor_reached":55,"playtime":4823,"items_purged":["Pain","Defend_B","Strike_B","Defend_B"],"score":841,"play_id":"d4e73611-832c-4483-95af-edb6a72a8f76","local_time":"20181215142219","is_ascension_mode":false,"campfire_choices":[{"floor":10,"key":"RECALL"},{"data":"Zap","floor":15,"key":"SMITH"},{"data":"Redo","floor":23,"key":"SMITH"},{"data":"Dualcast","floor":30,"key":"SMITH"},{"data":"Hologram","floor":32,"key":"SMITH"},{"data":"Aggregate","floor":49,"key":"SMITH"},{"data":"Panache","floor":52,"key":"SMITH"}],"neow_cost":"NONE","seed_source_timestamp":132598674211455,"circlet_count":0,"master_deck":["Strike_B","Strike_B","Defend_B","Zap+1","Dualcast+1","Turbo","BootSequence","Chaos","Sunder","Coolheaded","Compile Driver","Sweeping Beam","Beam Cell","Machine Learning+1","Coolheaded","Coolheaded","Electrodynamics","Aggregate+1","Sunder","Redo+1","Melter","Defragment+1","Hologram+1","Redo+1","Coolheaded","Creative AI","Defragment","Turbo+1","Streamline+1","Go for the Eyes+1","Hologram+1","Chaos+1","Compile Driver","Sunder+1","Compile Driver+1","Hologram+1","Panache+1","Deep Breath+1","Flash of Steel","Coolheaded+1","Heatsinks","Double Energy+1"],"relics":["Cracked Core","Pen Nib","WarpedTongs","Tiny Chest","Golden Idol","Torii","Tiny House","Mercury Hourglass","Orichalcum","Prayer Wheel","Bottled Lightning","Meat on the Bone","Sozu","Bag of Preparation","Toxic Egg 2","Symbiotic Virus","Red Mask","Omamori","Blue Candle","Bag of Marbles","Bottled Tornado"],"potions_floor_usage":[4,13,14,16,27,27,29,33,33],"damage_taken":[{"damage":6,"enemies":"Jaw Worm","floor":1,"turns":4},{"damage":1,"enemies":"Cultist","floor":2,"turns":4},{"damage":0,"enemies":"2 Louse","floor":4,"turns":1},{"damage":24,"enemies":"3 Sentries","floor":6,"turns":8},{"damage":0,"enemies":"Looter","floor":7,"turns":2},{"damage":0,"enemies":"2 Fungi Beasts","floor":11,"turns":3},{"damage":1,"enemies":"Large Slime","floor":12,"turns":4},{"damage":10,"enemies":"Lagavulin","floor":13,"turns":8},{"damage":1,"enemies":"Exordium Thugs","floor":14,"turns":4},{"damage":11,"enemies":"Slime Boss","floor":16,"turns":8},{"damage":0,"enemies":"Spheric Guardian","floor":18,"turns":4},{"damage":1,"enemies":"2 Thieves","floor":19,"turns":4},{"damage":0,"enemies":"3 Cultists","floor":22,"turns":2},{"damage":7,"enemies":"Colosseum Slavers","floor":27,"turns":3},{"damage":27,"enemies":"Colosseum Nobs","floor":27,"turns":4},{"damage":0,"enemies":"Cultist and Chosen","floor":28,"turns":4},{"damage":17,"enemies":"Gremlin Leader","floor":29,"turns":5},{"damage":7,"enemies":"Centurion and Healer","floor":31,"turns":2},{"damage":25,"enemies":"Automaton","floor":33,"turns":8},{"damage":1,"enemies":"3 Shapes","floor":35,"turns":4},{"damage":23,"enemies":"Giant Head","floor":40,"turns":8},{"damage":1,"enemies":"3 Darklings","floor":41,"turns":4},{"damage":2,"enemies":"Writhing Mass","floor":42,"turns":6},{"damage":0,"enemies":"Sphere and 2 Shapes","floor":44,"turns":3},{"damage":0,"enemies":"Transient","floor":45,"turns":5},{"damage":7,"enemies":"Reptomancer","floor":46,"turns":5},{"damage":1,"enemies":"Jaw Worm Horde","floor":48,"turns":3},{"damage":43,"enemies":"Time Eater","floor":50,"turns":11},{"damage":6,"enemies":"Shield and Spear","floor":54,"turns":3},{"damage":74,"enemies":"The Heart","floor":55,"turns":5}],"seed_played":"4989287411754599811","potions_obtained":[{"floor":1,"key":"Explosive Potion"},{"floor":4,"key":"LiquidBronze"},{"floor":7,"key":"FocusPotion"},{"floor":13,"key":"PowerPotion"},{"floor":16,"key":"Regen Potion"},{"floor":17,"key":"SteroidPotion"},{"floor":19,"key":"Poison Potion"},{"floor":28,"key":"LiquidBronze"},{"floor":29,"key":"GamblersBrew"},{"floor":31,"key":"AttackPotion"}],"is_trial":false,"path_per_floor":["M","M","?","M","$","E","M","?","T","R","M","M","E","M","R","B",null,"M","M","$","?","M","R","?","?","T","?","M","E","R","M","R","B",null,"M","$","T","T","?","E","M","M","T","M","M","E","?","M","R","B",null,"R","$","E","B"],"character_chosen":"DEFECT","items_purchased":["Mercury Hourglass","Defragment","Bag of Preparation"],"campfire_rested":0,"item_purchase_floors":[20,36,36],"current_hp_per_floor":[69,68,68,68,68,44,44,26,26,26,26,25,15,14,14,3,80,80,79,79,79,79,79,79,79,79,54,54,37,37,42,42,29,80,79,79,79,79,79,56,55,53,53,53,53,46,36,47,47,16,80,80,80,74,0],"gold":55,"neow_bonus":"RANDOM_COMMON_RELIC","is_prod":false,"is_daily":false,"chose_seed":false,"campfire_upgraded":6,"win_rate":0,"timestamp":1544883739,"path_taken":["M","M","?","?","$","E","M","?","T","R","M","M","E","M","R","BOSS","M","M","$","?","M","R","?","?","T","?","?","E","R","M","R","BOSS","M","$","?","?","?","E","?","?","T","M","?","E","?","M","R","BOSS","R","$","E","BOSS"],"build_version":"2018-12-13","purchased_purges":4,"victory":false,"max_hp_per_floor":[75,75,75,75,75,75,75,75,75,75,75,75,75,75,75,75,80,80,80,80,80,80,80,80,80,80,80,80,80,80,80,80,80,80,80,80,80,80,80,80,80,80,80,80,80,80,80,80,80,80,80,80,80,80,80],"card_choices":[{"not_picked":["Undo","Gash"],"picked":"Turbo","floor":1},{"not_picked":["Gash","Reinforced Body"],"picked":"BootSequence","floor":2},{"not_picked":["Go for the Eyes","Turbo"],"picked":"Chaos","floor":4},{"not_picked":["Tempest","Hello World"],"picked":"Sunder","floor":6},{"not_picked":["BootSequence","Gash"],"picked":"Coolheaded","floor":7},{"not_picked":["Streamline","Leap"],"picked":"Compile Driver","floor":11},{"not_picked":["Amplify","Aggregate"],"picked":"Sweeping Beam","floor":12},{"not_picked":["Undo","White Noise","Barrage"],"picked":"SKIP","floor":13},{"not_picked":["Stack","Rebound"],"picked":"Beam Cell","floor":14},{"not_picked":["Biased Cognition","Multi-Cast"],"picked":"Machine Learning","floor":16},{"not_picked":["Stack","Rebound"],"picked":"Coolheaded","floor":17},{"not_picked":["Leap","Compile Driver"],"picked":"Coolheaded","floor":18},{"not_picked":["Gash","Conserve Battery"],"picked":"Electrodynamics","floor":19},{"not_picked":["Compile Driver","Rip and Tear"],"picked":"Redo","floor":22},{"not_picked":["Reprogram+1","BootSequence"],"picked":"Defragment+1","floor":28},{"not_picked":["Leap","Coolheaded","Barrage"],"picked":"SKIP","floor":28},{"not_picked":["Ball Lightning","Biased Cognition"],"picked":"Hologram","floor":29},{"not_picked":["Lockon","Steam Power"],"picked":"Redo+1","floor":31},{"not_picked":["Ball Lightning","Chaos"],"picked":"Coolheaded","floor":31},{"not_picked":["Seek","Amplify"],"picked":"Creative AI","floor":33},{"not_picked":["Glacier+1","Conserve Battery","Tempest"],"picked":"SKIP","floor":35},{"not_picked":["Go for the Eyes","Leap","Cold Snap"],"picked":"SKIP","floor":35},{"not_picked":["Sweeping Beam+1","Hello World"],"picked":"Turbo+1","floor":40},{"not_picked":["Conserve Battery+1","Beam Cell"],"picked":"Streamline+1","floor":41},{"not_picked":["Steam+1","Reprogram+1"],"picked":"Go for the Eyes+1","floor":41},{"not_picked":["Ball Lightning+1","Chaos+1"],"picked":"Hologram+1","floor":42},{"not_picked":["Streamline","Beam Cell+1"],"picked":"Chaos+1","floor":42},{"not_picked":["FTL","Loop"],"picked":"Compile Driver","floor":44},{"not_picked":["Buffer","Steam+1"],"picked":"Sunder+1","floor":44},{"not_picked":["Glacier+1","Gash+1"],"picked":"Compile Driver+1","floor":45},{"not_picked":["Barrage","Conserve Battery+1","Steam+1"],"picked":"SKIP","floor":45},{"not_picked":["Turbo+1","Melter"],"picked":"Hologram+1","floor":46},{"not_picked":["Trip+1","Panacea+1"],"picked":"Panache","floor":47},{"not_picked":["Secret Weapon+1","Purity+1"],"picked":"Deep Breath+1","floor":47},{"not_picked":["Master of Strategy+1","Good Instincts+1"],"picked":"Flash of Steel","floor":47},{"not_picked":["Redo+1","Sweeping Beam+1"],"picked":"Coolheaded+1","floor":48},{"not_picked":["Cold Snap","Streamline+1"],"picked":"Heatsinks","floor":48},{"not_picked":["Chill+1","Tempest+1"],"picked":"Double Energy+1","floor":54}],"player_experience":190943,"relics_obtained":[{"floor":6,"key":"Tiny Chest"},{"floor":13,"key":"Torii"},{"floor":26,"key":"Orichalcum"},{"floor":27,"key":"Prayer Wheel"},{"floor":27,"key":"Bottled Lightning"},{"floor":29,"key":"Meat on the Bone"},{"floor":37,"key":"Toxic Egg 2"},{"floor":38,"key":"Symbiotic Virus"},{"floor":40,"key":"Omamori"},{"floor":43,"key":"Blue Candle"},{"floor":46,"key":"Bag of Marbles"},{"floor":54,"key":"Bottled Tornado"}],"event_choices":[{"damage_healed":0,"gold_gain":0,"player_choice":"Rummage","damage_taken":0,"relics_obtained":["WarpedTongs"],"max_hp_gain":0,"max_hp_loss":0,"event_name":"Accursed Blacksmith","floor":3,"gold_loss":0,"cards_obtained":["Pain"]},{"damage_healed":0,"gold_gain":0,"player_choice":"Take Damage","damage_taken":18,"relics_obtained":["Golden Idol"],"max_hp_gain":0,"max_hp_loss":0,"event_name":"Golden Idol","floor":8,"gold_loss":0},{"damage_healed":0,"gold_gain":0,"cards_transformed":["Defend_B","Strike_B"],"player_choice":"Became Test Subject","damage_taken":0,"max_hp_gain":0,"max_hp_loss":0,"event_name":"Drug Dealer","floor":21,"gold_loss":0,"cards_obtained":["Aggregate","Sunder"]},{"damage_healed":0,"gold_gain":0,"player_choice":"Read","damage_taken":0,"max_hp_gain":0,"max_hp_loss":0,"event_name":"The Library","floor":24,"gold_loss":0,"cards_obtained":["Melter"]},{"damage_healed":0,"gold_gain":0,"player_choice":"Ignored","damage_taken":0,"max_hp_gain":0,"max_hp_loss":0,"event_name":"Ghosts","floor":25,"gold_loss":0},{"damage_healed":0,"gold_gain":0,"player_choice":"Fight","damage_taken":0,"max_hp_gain":0,"max_hp_loss":0,"event_name":"Colosseum","floor":27,"gold_loss":0},{"damage_healed":0,"gold_gain":0,"player_choice":"Fought Nobs","damage_taken":0,"max_hp_gain":0,"max_hp_loss":0,"event_name":"Colosseum","floor":27,"gold_loss":0},{"damage_healed":0,"gold_gain":0,"player_choice":"Paid","damage_taken":0,"relics_obtained":["Red Mask"],"max_hp_gain":0,"max_hp_loss":0,"event_name":"Tomb of Lord Red Mask","floor":39,"gold_loss":255},{"damage_healed":0,"gold_gain":0,"player_choice":"Memory 3","damage_taken":10,"max_hp_gain":0,"max_hp_loss":0,"event_name":"SensoryStone","floor":47,"gold_loss":0}],"is_beta":true,"boss_relics":[{"not_picked":["Eternal Feather","Snecko Eye"],"picked":"Tiny House"},{"not_picked":["Velvet Choker","Nuclear Battery"],"picked":"Sozu"}],"items_purged_floors":[5,20,36,53],"is_endless":false,"potions_floor_spawned":[1,4,7,13,16,19,28,29,31,40,45],"killed_by":"The Heart","ascension_level":0}