{"gold_per_floor":[112,112,34,52,72,72,90,90,90,105,180,105,105,134,134,230,230,247,261,261,273,273,273],"floor_reached":23,"playtime":1638,"items_purged":["Strike_G"],"score":216,"play_id":"ccc9d3c7-8934-49df-9e62-824c587d9b7a","local_time":"20181221130905","is_ascension_mode":false,"campfire_choices":[{"data":"Neutralize","floor":6,"key":"SMITH"},{"data":"Noxious Fumes","floor":13,"key":"SMITH"},{"floor":15,"key":"REST"}],"neow_cost":"NONE","seed_source_timestamp":72036730516147,"circlet_count":0,"master_deck":["Defend_G","Defend_G","Defend_G","Defend_G","Survivor","Neutralize+1","Dash","Noxious Fumes+1","Backstab","Dagger Throw","Poisoned Stab","Sucker Punch","Catalyst","Unload","Flechettes","Backflip","Eviscerate","Poisoned Stab","Heel Hook","Backflip+1","Slice","Poisoned Stab","Bite","Bite","Bite","Bite","Bite"],"relics":["WristBlade","Tough Bandages","StoneCalendar","Orrery","Enchiridion"],"potions_floor_usage":[],"damage_taken":[{"damage":1,"enemies":"Jaw Worm","floor":1,"turns":5},{"damage":0,"enemies":"Cultist","floor":4,"turns":4},{"damage":0,"enemies":"2 Louse","floor":5,"turns":2},{"damage":6,"enemies":"Lots of Slimes","floor":7,"turns":3},{"damage":0,"enemies":"Large Slime","floor":10,"turns":4},{"damage":7,"enemies":"Gremlin Nob","floor":14,"turns":4},{"damage":23,"enemies":"The Guardian","floor":16,"turns":7},{"damage":14,"enemies":"Spheric Guardian","floor":18,"turns":4},{"damage":22,"enemies":"Chosen","floor":19,"turns":5},{"damage":0,"enemies":"Snecko","floor":21,"turns":4},{"damage":34,"enemies":"Sentry and Sphere","floor":23,"turns":5}],"seed_played":"-2801575954054070342","potions_obtained":[{"floor":4,"key":"Fire Potion"},{"floor":5,"key":"Energy Potion"},{"floor":10,"key":"AttackPotion"},{"floor":16,"key":"Block Potion"}],"is_trial":false,"path_per_floor":["M","?","$","M","M","R","M","?","T","M","?","$","R","E","R","B",null,"M","M","?","M","?","M"],"character_chosen":"THE_SILENT","items_purchased":["Noxious Fumes"],"campfire_rested":1,"item_purchase_floors":[3],"current_hp_per_floor":[69,69,69,69,69,69,63,63,63,63,52,52,52,45,66,43,70,56,34,18,18,18,0],"gold":273,"neow_bonus":"BOSS_RELIC","is_prod":false,"is_daily":false,"chose_seed":false,"campfire_upgraded":2,"win_rate":0.0,"timestamp":1545415745,"path_taken":["M","?","?","M","M","R","M","?","T","?","?","$","R","E","R","BOSS","M","M","?","M","?","M"],"build_version":"2018-12-20","purchased_purges":1,"victory":false,"max_hp_per_floor":[70,70,70,70,70,70,70,70,70,70,70,70,70,70,70,70,70,70,70,70,70,49,49],"card_choices":[{"not_picked":["Dagger Spray","Deflect"],"picked":"Dash","floor":1},{"not_picked":["Acrobatics","Outmaneuver"],"picked":"Backstab","floor":4},{"not_picked":["Reflex","Acrobatics"],"picked":"Dagger Throw","floor":5},{"not_picked":["Dodge and Roll","Dash"],"picked":"Poisoned Stab","floor":7},{"not_picked":["Footwork","Deadly Poison"],"picked":"Sucker Punch","floor":10},{"not_picked":["Deadly Poison","Sucker Punch"],"picked":"Catalyst","floor":14},{"not_picked":["Wraith Form v2","Night Terror"],"picked":"Unload","floor":16},{"not_picked":["Skewer","Blade Dance"],"picked":"Flechettes","floor":17},{"not_picked":["Skewer","Flechettes"],"picked":"Backflip","floor":17},{"not_picked":["Underhanded Strike","Dagger Spray"],"picked":"Eviscerate","floor":17},{"not_picked":["PiercingWail","Flying Knee"],"picked":"Poisoned Stab","floor":17},{"not_picked":["Footwork","Backflip"],"picked":"Heel Hook","floor":17},{"not_picked":["Dagger Throw","Reflex"],"picked":"Backflip+1","floor":18},{"not_picked":["Footwork+1","Deadly Poison"],"picked":"Slice","floor":19},{"not_picked":["Acrobatics","Crippling Poison"],"picked":"Poisoned Stab","floor":21}],"player_experience":16314,"relics_obtained":[{"floor":9,"key":"Tough Bandages"},{"floor":14,"key":"StoneCalendar"},{"floor":20,"key":"Enchiridion"}],"event_choices":[{"cards_removed":["Defend_G"],"damage_healed":0,"gold_gain":0,"player_choice":"Card Removal","damage_taken":0,"max_hp_gain":0,"max_hp_loss":0,"event_name":"Wheel of Change","floor":2,"gold_loss":0},{"damage_healed":0,"gold_gain":0,"player_choice":"Bought 0 Potions","damage_taken":0,"max_hp_gain":0,"max_hp_loss":0,"event_name":"The Woman in Blue","floor":8,"gold_loss":0},{"damage_healed":0,"gold_gain":75,"player_choice":"Gather Gold","damage_taken":11,"max_hp_gain":0,"max_hp_loss":0,"event_name":"World of Goop","floor":11,"gold_loss":0},{"damage_healed":0,"gold_gain":0,"player_choice":"Obtained Book","damage_taken":16,"max_hp_gain":0,"max_hp_loss":0,"event_name":"Cursed Tome","floor":20,"gold_loss":0},{"damage_healed":0,"gold_gain":0,"player_choice":"Became a vampire","damage_taken":0,"max_hp_gain":0,"max_hp_loss":21,"event_name":"Vampires","floor":22,"gold_loss":0,"cards_obtained":["Bite","Bite","Bite","Bite","Bite"]}],"is_beta":false,"boss_relics":[{"not_picked":["Black Star","Calling Bell"],"picked":"Orrery"}],"items_purged_floors":[12],"is_endless":false,"potions_floor_spawned":[4,5,10,16],"killed_by":"Sentry and Sphere","ascension_level":0}