{"gold_per_floor":[119,119,137,39,55,55,55,55,55,69,69,84,11,24,24,24],"floor_reached":16,"playtime":1791,"items_purged":["Strike_R"],"score":92,"play_id":"42ee14e3-be7f-44e8-9594-583fd0f3ad92","local_time":"20181221002836","is_ascension_mode":false,"campfire_choices":[{"data":"Anger","floor":6,"key":"SMITH"},{"data":"Whirlwind","floor":15,"key":"SMITH"}],"neow_cost":"","seed_source_timestamp":26254758780906,"circlet_count":0,"master_deck":["Strike_R+1","Strike_R","Strike_R","Strike_R","Defend_R+1","Defend_R","Bash","Anger+1","Hemokinesis","Headbutt","Thunderclap","Iron Wave","Carnage","Whirlwind+1","Juggernaut"],"relics":["Burning Blood","Dodecahedron","Pear"],"potions_floor_usage":[],"damage_taken":[{"damage":5,"enemies":"Cultist","floor":1,"turns":4},{"damage":0,"enemies":"2 Louse","floor":3,"turns":3},{"damage":0,"enemies":"Small Slimes","floor":5,"turns":3},{"damage":22,"enemies":"Exordium Thugs","floor":10,"turns":4},{"damage":8,"enemies":"Looter","floor":12,"turns":2},{"damage":0,"enemies":"3 Louse","floor":14,"turns":1},{"damage":69,"enemies":"The Guardian","floor":16,"turns":8}],"seed_played":"-3925467368166923498","potions_obtained":[{"floor":1,"key":"Block Potion"},{"floor":10,"key":"SpeedPotion"},{"floor":12,"key":"SkillPotion"}],"is_trial":false,"path_per_floor":["M","?","M","$","M","R","?","?","T","M","?","M","$","M","R","B"],"character_chosen":"IRONCLAD","items_purchased":["Headbutt","Whirlwind"],"campfire_rested":0,"item_purchase_floors":[4,13],"current_hp_per_floor":[80,64,70,70,76,76,76,76,86,70,63,61,61,67,67,0],"gold":24,"neow_bonus":"","is_prod":false,"is_daily":false,"chose_seed":false,"campfire_upgraded":2,"win_rate":0.0,"timestamp":1545370116,"path_taken":["M","?","M","$","M","R","?","?","T","?","?","M","$","M","R","BOSS"],"build_version":"2018-12-20","purchased_purges":1,"victory":false,"max_hp_per_floor":[80,80,80,80,80,80,80,80,90,90,90,90,90,90,90,90],"card_choices":[{"not_picked":["Flame Barrier","Body Slam"],"picked":"Anger","floor":1},{"not_picked":["Pommel Strike","Body Slam"],"picked":"Hemokinesis","floor":3},{"not_picked":["Sword Boomerang","Clash"],"picked":"Thunderclap","floor":5},{"not_picked":["Perfected Strike","Feel No Pain"],"picked":"Iron Wave","floor":10},{"not_picked":["Shockwave","Headbutt"],"picked":"Carnage","floor":12},{"not_picked":["Feel No Pain","Cleave"],"picked":"Juggernaut","floor":14}],"player_experience":0,"relics_obtained":[{"floor":9,"key":"Pear"}],"event_choices":[{"damage_healed":0,"gold_gain":0,"player_choice":"Entered Light","damage_taken":16,"max_hp_gain":0,"max_hp_loss":0,"event_name":"Shining Light","floor":2,"gold_loss":0,"cards_upgraded":["Strike_R","Defend_R"]},{"cards_removed":["Defend_R"],"damage_healed":0,"gold_gain":0,"player_choice":"Forget","damage_taken":0,"max_hp_gain":0,"max_hp_loss":0,"event_name":"Living Wall","floor":7,"gold_loss":0},{"damage_healed":0,"gold_gain":0,"player_choice":"Gave Potion","damage_taken":0,"relics_obtained":["Dodecahedron"],"max_hp_gain":0,"max_hp_loss":0,"event_name":"WeMeetAgain","floor":8,"gold_loss":0},{"cards_removed":["Defend_R"],"damage_healed":0,"gold_gain":0,"player_choice":"Card Removal","damage_taken":7,"max_hp_gain":0,"max_hp_loss":0,"event_name":"Golden Wing","floor":11,"gold_loss":0}],"is_beta":false,"boss_relics":[],"items_purged_floors":[4],"is_endless":false,"potions_floor_spawned":[1,10,12],"killed_by":"The Guardian","ascension_level":0}