{"gold_per_floor":[115,115,40,40,40,40,40,64,64,64,64,87,87,122,134,269,281,308,235,271,283],"floor_reached":21,"playtime":919,"items_purged":["Defend_R"],"score":263,"play_id":"d16d7505-7e33-4253-8a5a-62a75140d4ed","local_time":"20191001210336","is_ascension_mode":true,"campfire_choices":[{"data":"Fire Breathing","floor":6,"key":"SMITH"},{"data":"Havoc","floor":10,"key":"SMITH"},{"data":"Corruption","floor":13,"key":"SMITH"},{"data":"Armaments","floor":15,"key":"SMITH"}],"neow_cost":"NONE","seed_source_timestamp":1069132516427500,"circlet_count":0,"master_deck":["AscendersBane","Defend_R","Defend_R","Defend_R","Bash","Dramatic Entrance","Iron Wave","Fire Breathing+1","Havoc+1","Corruption+1","Armaments+1","Berserk","Shockwave+1"],"relics":["Burning Blood","Golden Idol","Letter Opener","MawBank","Empty Cage","Omamori"],"potions_floor_usage":[14,16,16],"damage_taken":[{"damage":0,"enemies":"Small Slimes","floor":1,"turns":3},{"damage":1,"enemies":"Cultist","floor":8,"turns":4},{"damage":2,"enemies":"Jaw Worm","floor":12,"turns":3},{"damage":21,"enemies":"Lagavulin","floor":14,"turns":6},{"damage":22,"enemies":"Hexaghost","floor":16,"turns":8},{"damage":37,"enemies":"Spheric Guardian","floor":18,"turns":6},{"damage":11,"enemies":"Chosen","floor":20,"turns":6},{"damage":41,"enemies":"Centurion and Healer","floor":21,"turns":9}],"seed_played":"2647677358580652188","potions_obtained":[{"floor":8,"key":"Regen Potion"},{"floor":12,"key":"Weak Potion"},{"floor":14,"key":"PowerPotion"},{"floor":16,"key":"Dexterity Potion"}],"is_trial":false,"path_per_floor":["M","?","$","?","?","R","?","M","T","R","?","M","R","E","R","B",null,"M","?","M","M"],"character_chosen":"IRONCLAD","items_purchased":[],"campfire_rested":0,"item_purchase_floors":[],"current_hp_per_floor":[78,78,78,58,58,58,51,56,56,56,56,60,60,45,45,44,71,40,40,35,0],"gold":283,"neow_bonus":"RANDOM_COLORLESS","is_prod":false,"is_daily":false,"chose_seed":false,"campfire_upgraded":4,"win_rate":0,"timestamp":1569960216,"path_taken":["M","?","?","?","?","R","?","M","T","R","?","?","R","E","R","BOSS","M","?","M","M"],"build_version":"2019-07-17","purchased_purges":1,"victory":false,"max_hp_per_floor":[80,80,80,80,80,80,80,80,80,80,80,80,80,80,80,80,80,80,80,80,80],"card_choices":[{"not_picked":["Warcry","Pommel Strike"],"picked":"Iron Wave","floor":1},{"not_picked":["Clothesline","Headbutt"],"picked":"Havoc","floor":8},{"not_picked":["Clash","Dark Embrace"],"picked":"Corruption","floor":12},{"not_picked":["Pommel Strike","Searing Blow"],"picked":"Armaments","floor":14},{"not_picked":["Juggernaut","Barricade"],"picked":"Berserk","floor":16},{"not_picked":["True Grit","Clash","Body Slam+1"],"picked":"SKIP","floor":18},{"not_picked":["Thunderclap+1","Hemokinesis"],"picked":"Shockwave+1","floor":20}],"player_experience":226309,"relics_obtained":[{"floor":9,"key":"Letter Opener"},{"floor":14,"key":"MawBank"}],"event_choices":[{"damage_healed":0,"gold_gain":0,"cards_transformed":["Strike_R"],"player_choice":"Transformed","damage_taken":0,"max_hp_gain":0,"max_hp_loss":0,"event_name":"Transmorgrifier","floor":2,"gold_loss":0,"cards_obtained":["Fire Breathing"]},{"damage_healed":0,"gold_gain":0,"player_choice":"Take Damage","damage_taken":20,"relics_obtained":["Golden Idol"],"max_hp_gain":0,"max_hp_loss":0,"event_name":"Golden Idol","floor":4,"gold_loss":0},{"cards_removed":["Strike_R"],"damage_healed":0,"gold_gain":0,"player_choice":"Forget","damage_taken":0,"max_hp_gain":0,"max_hp_loss":0,"event_name":"Living Wall","floor":5,"gold_loss":0},{"cards_removed":["Strike_R"],"damage_healed":0,"gold_gain":0,"player_choice":"Card Removal","damage_taken":7,"max_hp_gain":0,"max_hp_loss":0,"event_name":"Golden Wing","floor":7,"gold_loss":0},{"damage_healed":0,"gold_gain":0,"player_choice":"Ignored","damage_taken":0,"max_hp_gain":0,"max_hp_loss":0,"event_name":"Liars Game","floor":11,"gold_loss":0},{"damage_healed":0,"gold_gain":0,"player_choice":"Obtained Relic","damage_taken":0,"relics_obtained":["Omamori"],"max_hp_gain":0,"max_hp_loss":0,"event_name":"Addict","floor":19,"gold_loss":85}],"is_beta":false,"boss_relics":[{"not_picked":["Black Blood","Snecko Eye"],"picked":"Empty Cage"}],"items_purged_floors":[3],"is_endless":false,"potions_floor_spawned":[8,12,14,16],"killed_by":"Centurion and Healer","ascension_level":10}