{"gold_per_floor":[113,128,14,14,14,41,41,53,53,67,97,108,138,20,20,125,125,141,158,158,258,270,332,332,343,366,391,33,33,60,60,60,164,214,226,0,19,39,54,80,60,60,60,60,77,108,108,157,157,157,157,157,4,37,37],"floor_reached":56,"playtime":3862,"items_purged":[],"score":1486,"play_id":"a715f29e-c509-4cab-92d1-2f7577d27db6","local_time":"20190114203927","is_ascension_mode":true,"campfire_choices":[{"floor":7,"key":"REST"},{"data":"After Image","floor":15,"key":"SMITH"},{"floor":24,"key":"REST"},{"data":"Blur","floor":29,"key":"SMITH"},{"floor":32,"key":"REST"},{"floor":44,"key":"RECALL"},{"data":"After Image","floor":47,"key":"SMITH"},{"floor":49,"key":"REST"},{"data":"Deflect","floor":52,"key":"SMITH"}],"neow_cost":"NONE","seed_source_timestamp":2140360945514,"circlet_count":0,"master_deck":["Defend_G","Defend_G","Defend_G","Strike_G","Strike_G+1","Survivor","Neutralize+1","Predator+1","Die Die Die+1","PiercingWail+1","Escape Plan","Deadly Poison+1","Well Laid Plans","Blur+1","Bouncing Flask+1","Adrenaline","Deflect+1","Sucker Punch+1","Endless Agony+1","Bane+1","After Image+1","Infinite Blades","Adrenaline","Heel Hook+1","Poisoned Stab+1","Slice+1","Die Die Die+1","Caltrops","Flechettes+1","Cloak And Dagger+1","Underhanded Strike+1","Backflip","Die Die Die+1","Deflect+1","Deadly Poison+1","Cloak And Dagger+1","After Image+1","Deadly Poison+1","Dodge and Roll+1","Backflip","Madness","Madness","Cloak And Dagger+1","Cloak And Dagger+1","Outmaneuver+1","Dark Shackles","Quick Slash+1","Bandage Up","Escape Plan+1"],"relics":["Astrolabe","The Courier","Ornamental Fan","Molten Egg 2","Oddly Smooth Stone","Black Star","Blue Candle","Tiny Chest","Happy Flower","Boot","War Paint","Snake Skull","Incense Burner","Pantograph","Gremlin Horn","Bag of Preparation","Tiny House","Red Mask","PreservedInsect","Shuriken","Centennial Puzzle","Blood Vial","Whetstone","Calipers","Vajra","Tough Bandages"],"potions_floor_usage":[6,11,22,33,39,54,55,55],"damage_taken":[{"damage":0,"enemies":"Cultist","floor":1,"turns":2},{"damage":0,"enemies":"Jaw Worm","floor":2,"turns":4},{"damage":26,"enemies":"Gremlin Nob","floor":6,"turns":4},{"damage":0,"enemies":"Small Slimes","floor":8,"turns":3},{"damage":0,"enemies":"Blue Slaver","floor":10,"turns":2},{"damage":0,"enemies":"3 Sentries","floor":11,"turns":8},{"damage":0,"enemies":"3 Louse","floor":12,"turns":3},{"damage":0,"enemies":"Lagavulin","floor":13,"turns":4},{"damage":0,"enemies":"The Guardian","floor":16,"turns":8},{"damage":0,"enemies":"3 Byrds","floor":18,"turns":5},{"damage":0,"enemies":"Chosen","floor":19,"turns":5},{"damage":7,"enemies":"3 Cultists","floor":22,"turns":5},{"damage":39,"enemies":"Slavers","floor":23,"turns":5},{"damage":0,"enemies":"Cultist and Chosen","floor":25,"turns":5},{"damage":7,"enemies":"Book of Stabbing","floor":27,"turns":5},{"damage":28,"enemies":"Slavers","floor":30,"turns":4},{"damage":11,"enemies":"Champ","floor":33,"turns":11},{"damage":0,"enemies":"3 Darklings","floor":35,"turns":4},{"damage":0,"enemies":"3 Shapes","floor":37,"turns":2},{"damage":1,"enemies":"Sphere and 2 Shapes","floor":38,"turns":4},{"damage":9,"enemies":"Jaw Worm Horde","floor":39,"turns":3},{"damage":13,"enemies":"Giant Head","floor":40,"turns":9},{"damage":0,"enemies":"Maw","floor":45,"turns":7},{"damage":3,"enemies":"Reptomancer","floor":46,"turns":5},{"damage":21,"enemies":"2 Orb Walkers","floor":48,"turns":5},{"damage":9,"enemies":"Awakened One","floor":50,"turns":11},{"damage":15,"enemies":"Shield and Spear","floor":54,"turns":6},{"damage":73,"enemies":"The Heart","floor":55,"turns":11}],"seed_played":"3700731077761423186","potions_obtained":[{"floor":2,"key":"Strength Potion"},{"floor":10,"key":"Block Potion"},{"floor":11,"key":"Dexterity Potion"},{"floor":22,"key":"Fruit Juice"},{"floor":25,"key":"GhostInAJar"},{"floor":30,"key":"PowerPotion"},{"floor":33,"key":"SmokeBomb"},{"floor":34,"key":"FearPotion"},{"floor":39,"key":"Explosive Potion"},{"floor":40,"key":"Regen Potion"},{"floor":54,"key":"SmokeBomb"}],"is_trial":false,"path_per_floor":["M","M","$","?","?","E","R","M","T","M","E","M","E","$","R","B",null,"M","M","?","?","M","E","R","M","T","E","$","R","E","?","R","B",null,"M","?","M","M","M","E","$","?","T","R","M","E","R","?","R","B",null,"R","$","E","B",null],"character_chosen":"THE_SILENT","items_purchased":["Well Laid Plans","Blur","After Image","Infinite Blades","Snake Skull","Incense Burner","Backflip","Dark Shackles","Quick Slash+1","Bandage Up"],"campfire_rested":4,"item_purchase_floors":[3,3,14,14,28,28,41,53,53,53],"current_hp_per_floor":[70,70,70,63,68,42,64,64,64,64,64,64,64,64,64,64,75,75,75,75,75,73,34,58,58,58,51,51,51,23,23,47,61,85,85,85,85,84,75,62,62,51,51,51,51,48,48,29,54,72,85,85,85,74,24],"gold":37,"neow_bonus":"BOSS_RELIC","is_prod":false,"is_daily":false,"chose_seed":false,"campfire_upgraded":4,"win_rate":0,"timestamp":1547516367,"path_taken":["M","M","?","?","?","E","R","M","T","M","E","M","E","?","R","BOSS","M","M","?","?","M","E","R","?","T","E","?","R","E","?","R","BOSS","M","?","M","M","M","E","$","?","T","R","M","E","R","?","R","BOSS","R","$","E","BOSS"],"build_version":"2019-01-10","purchased_purges":0,"victory":true,"max_hp_per_floor":[70,70,70,70,75,75,75,75,75,75,75,75,75,75,75,75,75,75,75,75,75,80,80,80,80,80,80,80,80,80,80,80,80,85,85,85,85,85,85,85,85,85,85,85,85,85,85,85,85,85,85,85,85,85,85],"card_choices":[{"not_picked":["Deadly Poison","Endless Agony"],"picked":"Escape Plan","floor":1},{"not_picked":["Flying Knee","Catalyst"],"picked":"Deadly Poison","floor":2},{"not_picked":["Setup","Expertise"],"picked":"Bouncing Flask","floor":6},{"not_picked":["Poisoned Stab","Slice"],"picked":"Adrenaline","floor":8},{"not_picked":["Flying Knee","Well Laid Plans"],"picked":"Deflect","floor":10},{"not_picked":["Quick Slash","Flying Knee"],"picked":"Sucker Punch","floor":11},{"not_picked":["Prepared","Reflex"],"picked":"Endless Agony+1","floor":12},{"not_picked":["Well Laid Plans","Outmaneuver"],"picked":"Bane+1","floor":13},{"not_picked":["Bullet Time","Unload+1"],"picked":"Adrenaline","floor":16},{"not_picked":["Expertise+1","Deadly Poison"],"picked":"Heel Hook+1","floor":18},{"not_picked":["Acrobatics","Deflect"],"picked":"Poisoned Stab+1","floor":19},{"not_picked":["Skewer+1","Dagger Spray+1"],"picked":"Caltrops","floor":22},{"not_picked":["Deadly Poison","Tactician"],"picked":"Flechettes+1","floor":23},{"not_picked":["Eviscerate+1","Slice+1"],"picked":"Cloak And Dagger","floor":25},{"not_picked":["Night Terror","Grand Finale+1"],"picked":"Underhanded Strike+1","floor":27},{"not_picked":["Grand Finale+1","Prepared"],"picked":"Backflip","floor":30},{"not_picked":["Envenom","Bullet Time"],"picked":"Die Die Die+1","floor":33},{"not_picked":["Caltrops","Blade Dance"],"picked":"Deflect+1","floor":34},{"not_picked":["Acrobatics+1","Slice+1"],"picked":"Deadly Poison+1","floor":35},{"not_picked":["Slice+1","Choke+1"],"picked":"Cloak And Dagger+1","floor":37},{"not_picked":["Underhanded Strike+1","All Out Attack+1"],"picked":"After Image","floor":38},{"not_picked":["Sucker Punch+1","Flying Knee+1"],"picked":"Deadly Poison+1","floor":39},{"not_picked":["Slice+1","Phantasmal Killer"],"picked":"Dodge and Roll+1","floor":40},{"not_picked":["Underhanded Strike+1","Deadly Poison"],"picked":"Cloak And Dagger+1","floor":45},{"not_picked":["Bane+1","Deflect+1"],"picked":"Cloak And Dagger+1","floor":46},{"not_picked":["Acrobatics","Prepared"],"picked":"Outmaneuver+1","floor":48},{"not_picked":["Deadly Poison","Grand Finale+1"],"picked":"Escape Plan+1","floor":54}],"player_experience":405472,"relics_obtained":[{"floor":6,"key":"Ornamental Fan"},{"floor":11,"key":"Molten Egg 2"},{"floor":13,"key":"Oddly Smooth Stone"},{"floor":23,"key":"Blue Candle"},{"floor":23,"key":"Tiny Chest"},{"floor":26,"key":"Happy Flower"},{"floor":27,"key":"Boot"},{"floor":27,"key":"War Paint"},{"floor":30,"key":"Pantograph"},{"floor":30,"key":"Gremlin Horn"},{"floor":40,"key":"PreservedInsect"},{"floor":40,"key":"Shuriken"},{"floor":43,"key":"Centennial Puzzle"},{"floor":46,"key":"Blood Vial"},{"floor":46,"key":"Whetstone"},{"floor":48,"key":"Calipers"},{"floor":54,"key":"Vajra"},{"floor":54,"key":"Tough Bandages"}],"event_choices":[{"damage_healed":0,"gold_gain":0,"player_choice":"Success","damage_taken":7,"relics_obtained":["The Courier"],"max_hp_gain":0,"max_hp_loss":0,"event_name":"Scrap Ooze","floor":4,"gold_loss":0},{"damage_healed":0,"gold_gain":0,"player_choice":"Donut","damage_taken":0,"max_hp_gain":5,"max_hp_loss":0,"event_name":"Big Fish","floor":5,"gold_loss":0},{"damage_healed":0,"gold_gain":0,"cards_transformed":["Strike_G","Defend_G"],"player_choice":"Became Test Subject","damage_taken":0,"max_hp_gain":0,"max_hp_loss":0,"event_name":"Drug Dealer","floor":20,"gold_loss":0,"cards_obtained":["Slice","Die Die Die"]},{"damage_healed":0,"gold_gain":100,"player_choice":"Pray","damage_taken":0,"max_hp_gain":0,"max_hp_loss":0,"event_name":"Golden Shrine","floor":21,"gold_loss":0},{"damage_healed":0,"gold_gain":0,"player_choice":"Opened","damage_taken":0,"relics_obtained":["Bag of Preparation"],"max_hp_gain":0,"max_hp_loss":0,"event_name":"The Mausoleum","floor":31,"gold_loss":0},{"damage_healed":0,"gold_gain":0,"player_choice":"Paid","damage_taken":0,"relics_obtained":["Red Mask"],"max_hp_gain":0,"max_hp_loss":0,"event_name":"Tomb of Lord Red Mask","floor":36,"gold_loss":226},{"damage_healed":0,"gold_gain":0,"player_choice":"Embrace Madness","damage_taken":11,"max_hp_gain":0,"max_hp_loss":0,"event_name":"Winding Halls","floor":42,"gold_loss":0,"cards_obtained":["Madness","Madness"]},{"damage_healed":0,"gold_gain":0,"player_choice":"Fight","damage_taken":0,"max_hp_gain":0,"max_hp_loss":0,"event_name":"Mysterious Sphere","floor":48,"gold_loss":0}],"is_beta":false,"boss_relics":[{"not_picked":["Eternal Feather","Runic Pyramid"],"picked":"Black Star"},{"not_picked":["HoveringKite","Snecko Eye"],"picked":"Tiny House"}],"items_purged_floors":[],"is_endless":false,"potions_floor_spawned":[2,10,11,22,25,30,33,39,40,46,54],"ascension_level":1}