{"gold_per_floor":[118,118,135,235,250,250,269,269,349,369,403,403,428,442,442,514,514,530,510,523,226,226,226],"floor_reached":23,"playtime":1647,"items_purged":["Strike_B"],"score":473,"play_id":"a3a8d151-98a3-4e3e-9836-3c76827b0ed6","local_time":"20191003070356","is_ascension_mode":true,"campfire_choices":[{"data":"Zap","floor":6,"key":"SMITH"},{"data":"Dualcast","floor":8,"key":"SMITH"},{"data":"Buffer","floor":12,"key":"SMITH"},{"data":"Echo Form","floor":15,"key":"SMITH"}],"neow_cost":"NONE","seed_source_timestamp":527145539277085,"circlet_count":0,"master_deck":["AscendersBane","Strike_B","Strike_B","Defend_B","Defend_B","Defend_B","Defend_B","Zap+1","Dualcast+1","Buffer+1","Cold Snap","Self Repair","BootSequence","Amplify","Echo Form+1","Machine Learning","Conserve Battery","FTL","Loop","Creative AI","Genetic Algorithm"],"relics":["Cracked Core","Symbiotic Virus","Dream Catcher","Blood Vial","Philosopher\u0027s Stone"],"potions_floor_usage":[16,16,19,20,23],"damage_taken":[{"damage":2,"enemies":"2 Louse","floor":1,"turns":3},{"damage":8,"enemies":"Small Slimes","floor":3,"turns":3},{"damage":0,"enemies":"Cultist","floor":5,"turns":3},{"damage":12,"enemies":"3 Louse","floor":7,"turns":4},{"damage":0,"enemies":"Red Slaver","floor":10,"turns":3},{"damage":17,"enemies":"3 Sentries","floor":11,"turns":9},{"damage":0,"enemies":"Lagavulin","floor":13,"turns":6},{"damage":0,"enemies":"Large Slime","floor":14,"turns":4},{"damage":0,"enemies":"The Guardian","floor":16,"turns":9},{"damage":0,"enemies":"Shell Parasite","floor":18,"turns":5},{"damage":19,"enemies":"2 Thieves","floor":19,"turns":4},{"damage":0,"enemies":"Snecko","floor":20,"turns":5},{"damage":64,"enemies":"Gremlin Leader","floor":23,"turns":4}],"seed_played":"8313453441728039855","potions_obtained":[{"floor":5,"key":"FearPotion"},{"floor":11,"key":"FocusPotion"},{"floor":13,"key":"EssenceOfSteel"},{"floor":18,"key":"GamblersBrew"},{"floor":19,"key":"Block Potion"}],"is_trial":false,"path_per_floor":["M","?","M","?","M","R","M","R","T","M","E","R","E","M","R","B",null,"M","M","M","$","?","E"],"character_chosen":"DEFECT","items_purchased":["Creative AI","Genetic Algorithm","Block Potion"],"campfire_rested":0,"item_purchase_floors":[21,21,21],"current_hp_per_floor":[62,62,54,54,54,54,49,49,49,56,53,53,60,69,69,71,71,71,59,68,68,55,0],"gold":226,"neow_bonus":"ONE_RANDOM_RARE_CARD","is_prod":false,"is_daily":false,"chose_seed":false,"campfire_upgraded":4,"win_rate":0,"timestamp":1570111436,"path_taken":["M","?","M","?","M","R","M","R","T","M","E","R","E","M","R","BOSS","M","M","M","$","?","E"],"build_version":"2019-07-17","purchased_purges":1,"victory":false,"max_hp_per_floor":[71,71,71,71,71,71,71,71,71,71,71,71,71,71,71,71,71,71,71,71,71,76,76],"card_choices":[{"not_picked":["Stack","Sweeping Beam","Steam"],"picked":"SKIP","floor":1},{"not_picked":["Sweeping Beam","Doom and Gloom"],"picked":"Cold Snap","floor":3},{"not_picked":["Turbo","Aggregate"],"picked":"Self Repair","floor":5},{"not_picked":["Hologram","Turbo"],"picked":"BootSequence","floor":7},{"not_picked":["Redo","Compile Driver"],"picked":"Amplify","floor":10},{"not_picked":["Hello World","Aggregate","Doom and Gloom"],"picked":"SKIP","floor":11},{"not_picked":["Thunder Strike","Cold Snap","Coolheaded"],"picked":"SKIP","floor":13},{"not_picked":["Reprogram","Streamline"],"picked":"Echo Form","floor":14},{"not_picked":["Multi-Cast","Core Surge"],"picked":"Machine Learning","floor":16},{"not_picked":["Fusion","Hologram"],"picked":"Conserve Battery","floor":18},{"not_picked":["Rip and Tear","Coolheaded+1"],"picked":"FTL","floor":19},{"not_picked":["Rip and Tear","Rebound"],"picked":"Loop","floor":20}],"player_experience":670296,"relics_obtained":[{"floor":9,"key":"Symbiotic Virus"},{"floor":11,"key":"Dream Catcher"},{"floor":13,"key":"Blood Vial"}],"event_choices":[{"cards_removed":["Strike_B"],"damage_healed":0,"gold_gain":0,"player_choice":"Forget","damage_taken":0,"max_hp_gain":0,"max_hp_loss":0,"event_name":"Living Wall","floor":2,"gold_loss":0},{"damage_healed":0,"gold_gain":100,"player_choice":"Gold","damage_taken":0,"max_hp_gain":0,"max_hp_loss":0,"event_name":"Wheel of Change","floor":4,"gold_loss":0},{"damage_healed":0,"gold_gain":0,"player_choice":"Shed Blood","damage_taken":18,"max_hp_gain":5,"max_hp_loss":0,"event_name":"Forgotten Altar","floor":22,"gold_loss":0}],"is_beta":false,"boss_relics":[{"not_picked":["Fusion Hammer","Busted Crown"],"picked":"Philosopher\u0027s Stone"}],"items_purged_floors":[21],"is_endless":false,"potions_floor_spawned":[5,11,13,18,19],"killed_by":"Gremlin Leader","ascension_level":14}