{"gold_per_floor":[119,69,89,89,89,115,115,142,142,162,162,181,10,10,10,114,114,134,153,153,153,163,163,194,207,207,240,86,86,112,145,145,246,246,256,256,24,246,261,296,308,318,318,332,37,71,71,101,101,101,101,101,19,49,49],"floor_reached":55,"playtime":3446,"items_purged":["Defend_G","Defend_G"],"score":1164,"play_id":"dfc69933-fb05-4b63-8937-57f1aaf4a6b8","local_time":"20190922223248","is_ascension_mode":true,"campfire_choices":[{"floor":7,"key":"REST"},{"floor":11,"key":"REST"},{"floor":15,"key":"REST"},{"floor":23,"key":"REST"},{"floor":29,"key":"REST"},{"floor":32,"key":"REST"},{"floor":47,"key":"REST"},{"floor":49,"key":"RECALL"},{"data":"Venomology","floor":52,"key":"SMITH"}],"neow_cost":"NONE","seed_source_timestamp":445187564666100,"circlet_count":0,"master_deck":["Strike_G","Strike_G","Defend_G","Survivor","Neutralize","Terror","Dagger Throw","Dash","Dash","Well Laid Plans","Prepared","Glass Knife","Storm of Steel+1","A Thousand Cuts+1","Terror+1","Caltrops","Calculated Gamble+1","Dash+1","Escape Plan","Glass Knife","Cloak And Dagger","Venomology+1","Sadistic Nature","Panache","Noxious Fumes","PiercingWail","Reflex+1","Escape Plan+1","Dramatic Entrance","Finisher+1"],"relics":["Ring of the Snake","Dead Branch","Ornamental Fan","Letter Opener","Blue Candle","Astrolabe","Gremlin Horn","Singing Bowl","The Specimen","PreservedInsect","Incense Burner","Red Mask","WristBlade","Art of War","Lee\u0027s Waffle","Centennial Puzzle","Pocketwatch","Bottled Tornado"],"potions_floor_usage":[8,12,24,24,24,33,33,44,44,46,46,50,50,54,55,55,55],"damage_taken":[{"damage":5,"enemies":"Jaw Worm","floor":1,"turns":7},{"damage":7,"enemies":"Small Slimes","floor":3,"turns":3},{"damage":39,"enemies":"Gremlin Nob","floor":6,"turns":5},{"damage":13,"enemies":"3 Sentries","floor":8,"turns":11},{"damage":0,"enemies":"Cultist","floor":10,"turns":3},{"damage":0,"enemies":"3 Louse","floor":12,"turns":3},{"damage":8,"enemies":"The Guardian","floor":16,"turns":10},{"damage":0,"enemies":"Spheric Guardian","floor":18,"turns":3},{"damage":13,"enemies":"Shell Parasite","floor":19,"turns":5},{"damage":0,"enemies":"Cultist and Chosen","floor":22,"turns":6},{"damage":30,"enemies":"Gremlin Leader","floor":24,"turns":6},{"damage":0,"enemies":"Snecko","floor":25,"turns":3},{"damage":25,"enemies":"Book of Stabbing","floor":27,"turns":4},{"damage":0,"enemies":"Gremlin Leader","floor":30,"turns":2},{"damage":24,"enemies":"Masked Bandits","floor":31,"turns":4},{"damage":30,"enemies":"Automaton","floor":33,"turns":8},{"damage":4,"enemies":"Orb Walker","floor":35,"turns":2},{"damage":16,"enemies":"3 Darklings","floor":39,"turns":4},{"damage":6,"enemies":"Reptomancer","floor":40,"turns":2},{"damage":16,"enemies":"Sphere and 2 Shapes","floor":41,"turns":5},{"damage":12,"enemies":"Jaw Worm Horde","floor":42,"turns":3},{"damage":1,"enemies":"4 Shapes","floor":44,"turns":3},{"damage":32,"enemies":"Nemesis","floor":46,"turns":5},{"damage":4,"enemies":"Reptomancer","floor":48,"turns":2},{"damage":25,"enemies":"Donu and Deca","floor":50,"turns":5},{"damage":44,"enemies":"Shield and Spear","floor":54,"turns":4},{"damage":79,"enemies":"The Heart","floor":55,"turns":3}],"seed_played":"4694110021180208363","potions_obtained":[{"floor":1,"key":"Dexterity Potion"},{"floor":10,"key":"Fire Potion"},{"floor":12,"key":"SpeedPotion"},{"floor":16,"key":"EssenceOfSteel"},{"floor":19,"key":"Poison Potion"},{"floor":30,"key":"FearPotion"},{"floor":31,"key":"PowerPotion"},{"floor":41,"key":"EssenceOfSteel"},{"floor":42,"key":"SteroidPotion"},{"floor":44,"key":"Strength Potion"},{"floor":46,"key":"Swift Potion"},{"floor":48,"key":"SkillPotion"}],"is_trial":false,"path_per_floor":["M","?","M","?","?","E","R","E","T","M","R","M","$","?","R","B",null,"M","M","?","?","M","R","E","M","T","E","$","R","E","?","R","B",null,"M","?","$","?","M","E","M","M","T","M","$","E","R","E","R","B",null,"R","$","E","B"],"character_chosen":"THE_SILENT","items_purchased":["Prepared","GhostInAJar","PreservedInsect","Panache","Noxious Fumes","Lee\u0027s Waffle","Dramatic Entrance"],"campfire_rested":7,"item_purchase_floors":[13,13,28,37,37,45,53],"current_hp_per_floor":[65,65,58,58,58,19,42,29,29,29,52,52,52,49,72,64,74,74,61,47,47,47,71,41,41,41,18,18,43,43,19,44,14,67,65,65,65,65,49,43,29,19,19,20,99,69,99,95,95,70,93,93,93,49,0],"gold":49,"neow_bonus":"TEN_PERCENT_HP_BONUS","is_prod":false,"is_daily":false,"chose_seed":false,"campfire_upgraded":1,"win_rate":0,"timestamp":1569205968,"path_taken":["M","?","M","?","?","E","R","E","T","?","R","M","$","?","R","BOSS","M","M","?","?","?","R","E","M","T","E","$","R","E","?","R","BOSS","M","?","$","?","M","E","M","M","T","M","?","E","R","E","R","BOSS","R","$","E","BOSS"],"build_version":"2019-07-17","purchased_purges":2,"victory":false,"max_hp_per_floor":[77,77,77,77,77,77,77,77,77,77,77,77,77,77,77,77,77,77,77,82,82,82,82,82,82,82,84,84,84,84,84,84,84,84,86,86,86,86,86,86,88,90,90,92,99,101,101,101,101,101,101,101,101,101,101],"card_choices":[{"not_picked":["Dagger Spray","Bane"],"picked":"Terror","floor":1},{"not_picked":["Finisher","Underhanded Strike"],"picked":"Dagger Throw","floor":3},{"not_picked":["Blade Dance","Dodge and Roll"],"picked":"Dash","floor":6},{"not_picked":["Prepared","Expertise"],"picked":"Dash","floor":8},{"not_picked":["Quick Slash","Poisoned Stab","Flechettes"],"picked":"SKIP","floor":10},{"not_picked":["Flechettes","Doppelganger"],"picked":"Well Laid Plans","floor":12},{"not_picked":["Malaise","Storm of Steel"],"picked":"Glass Knife","floor":16},{"not_picked":["Crippling Poison","Slice","Poisoned Stab"],"picked":"SKIP","floor":18},{"not_picked":["Riddle With Holes","Slice"],"picked":"Caltrops","floor":19},{"not_picked":["Dagger Spray","Sucker Punch"],"picked":"Calculated Gamble+1","floor":22},{"not_picked":["Calculated Gamble","Deflect"],"picked":"Dash+1","floor":24},{"not_picked":["Poisoned Stab","Acrobatics"],"picked":"Escape Plan","floor":25},{"not_picked":["Riddle With Holes","Flying Knee","Distraction"],"picked":"Singing Bowl","floor":27},{"not_picked":["Eviscerate+1","Quick Slash"],"picked":"Glass Knife","floor":30},{"not_picked":["Dagger Throw+1","Dodge and Roll"],"picked":"Cloak And Dagger","floor":31},{"not_picked":["Malaise","A Thousand Cuts"],"picked":"Venomology","floor":33},{"not_picked":["Deadly Poison+1","Underhanded Strike+1","Calculated Gamble+1"],"picked":"Singing Bowl","floor":35},{"not_picked":["Jack Of All Trades","Trip"],"picked":"Sadistic Nature","floor":36},{"not_picked":["Deflect+1","Flying Knee+1"],"picked":"PiercingWail","floor":39},{"not_picked":["Dagger Spray","Blur+1"],"picked":"Reflex+1","floor":40},{"not_picked":["Bane","Cloak And Dagger","Deadly Poison+1"],"picked":"Singing Bowl","floor":41},{"not_picked":["Dodge and Roll+1","Blade Dance+1","Underhanded Strike"],"picked":"Singing Bowl","floor":42},{"not_picked":["Reflex","Deflect","Wraith Form v2"],"picked":"Singing Bowl","floor":44},{"not_picked":["Slice","Quick Slash","Outmaneuver+1"],"picked":"Singing Bowl","floor":46},{"not_picked":["Slice","Acrobatics+1"],"picked":"Escape Plan+1","floor":48},{"not_picked":["Slice+1","Acrobatics"],"picked":"Finisher+1","floor":54}],"player_experience":719535,"relics_obtained":[{"floor":6,"key":"Dead Branch"},{"floor":8,"key":"Ornamental Fan"},{"floor":9,"key":"Letter Opener"},{"floor":24,"key":"Gremlin Horn"},{"floor":26,"key":"Singing Bowl"},{"floor":27,"key":"The Specimen"},{"floor":30,"key":"Incense Burner"},{"floor":31,"key":"Red Mask"},{"floor":40,"key":"Art of War"},{"floor":46,"key":"Centennial Puzzle"},{"floor":48,"key":"Pocketwatch"},{"floor":54,"key":"Bottled Tornado"}],"event_choices":[{"cards_removed":["Defend_G"],"damage_healed":0,"gold_gain":0,"player_choice":"Card Removal","damage_taken":0,"max_hp_gain":0,"max_hp_loss":0,"event_name":"The Cleric","floor":2,"gold_loss":50},{"damage_healed":0,"gold_gain":0,"player_choice":"Ignored","damage_taken":0,"max_hp_gain":0,"max_hp_loss":0,"event_name":"Liars Game","floor":4,"gold_loss":0},{"cards_removed":["Strike_G"],"damage_healed":0,"gold_gain":0,"player_choice":"Forget","damage_taken":0,"max_hp_gain":0,"max_hp_loss":0,"event_name":"Living Wall","floor":5,"gold_loss":0},{"damage_healed":0,"gold_gain":0,"player_choice":"Success","damage_taken":3,"relics_obtained":["Blue Candle"],"max_hp_gain":0,"max_hp_loss":0,"event_name":"Scrap Ooze","floor":14,"gold_loss":0},{"damage_healed":0,"gold_gain":0,"player_choice":"Shed Blood","damage_taken":19,"max_hp_gain":5,"max_hp_loss":0,"event_name":"Forgotten Altar","floor":20,"gold_loss":0},{"damage_healed":0,"gold_gain":0,"player_choice":"Bought 0 Potions","damage_taken":0,"max_hp_gain":0,"max_hp_loss":0,"event_name":"The Woman in Blue","floor":21,"gold_loss":0},{"damage_healed":0,"gold_gain":0,"player_choice":"Fought Bandits","damage_taken":0,"max_hp_gain":0,"max_hp_loss":0,"event_name":"Masked Bandits","floor":31,"gold_loss":0},{"damage_healed":0,"gold_gain":0,"player_choice":"Memory 1","damage_taken":0,"max_hp_gain":0,"max_hp_loss":0,"event_name":"SensoryStone","floor":36,"gold_loss":0},{"damage_healed":0,"gold_gain":222,"player_choice":"Wore Mask","damage_taken":0,"max_hp_gain":0,"max_hp_loss":0,"event_name":"Tomb of Lord Red Mask","floor":38,"gold_loss":0}],"is_beta":false,"boss_relics":[{"not_picked":["Pandora\u0027s Box","Coffee Dripper"],"picked":"Astrolabe"},{"not_picked":["Philosopher\u0027s Stone","Black Star"],"picked":"WristBlade"}],"items_purged_floors":[13,45],"is_endless":false,"potions_floor_spawned":[1,10,12,16,18,19,30,31,41,42,44,46,48],"killed_by":"The Heart","ascension_level":8}