{"gold_per_floor":[113,38,58,74,85,85,116,116,141,141,166,177,209,229,229,326,326,338,338,438,338,355,380,82,112,112,132,142,142,158,2,2,99,99,118,340,300,316,330,330,330,330,356,391,391,391,391,416,416,416,416,416,21,53,53],"floor_reached":56,"playtime":3016,"items_purged":["Strike_B","Strike_B","Defend_B","Defend_B"],"score":1398,"play_id":"6a51be04-47ed-4f61-a056-6c704d54e076","local_time":"20181215233834","is_ascension_mode":false,"campfire_choices":[{"data":"Zap","floor":6,"key":"SMITH"},{"data":"Redo","floor":8,"key":"SMITH"},{"data":"Dualcast","floor":10,"key":"SMITH"},{"floor":15,"key":"REST"},{"floor":29,"key":"REST"},{"floor":32,"key":"RECALL"},{"data":"Panache","floor":40,"key":"SMITH"},{"data":"Gash","floor":42,"key":"SMITH"},{"floor":45,"key":"DIG"},{"floor":49,"key":"DIG"},{"floor":52,"key":"DIG"}],"neow_cost":"NONE","seed_source_timestamp":167788833141235,"circlet_count":0,"master_deck":["Defend_B+1","Defend_B","Zap+1","Dualcast+1","Scrape+1","Scrape+1","Redo+1","Skim","Go for the Eyes+1","Reboot","Skim","Reboot","Double Energy+1","Leap+1","Reboot+1","Panache+1","Gash+1","Go for the Eyes","Gash+1","Madness+1","Madness+1","Chrysalis+1","Double Energy+1"],"relics":["Cracked Core","Anchor","Regal Pillow","Juzu Bracelet","Bronze Scales","PreservedInsect","Empty Cage","Unceasing Top","Toxic Egg 2","Kunai","Red Mask","Whetstone","Lizard Tail","Orichalcum","Shovel","Bottled Flame","Bag of Marbles","Potion Belt","Dodecahedron","Blue Candle","Mango"],"potions_floor_usage":[7,11,12,16,20,20,33,38,50,50,55],"damage_taken":[{"damage":0,"enemies":"Cultist","floor":1,"turns":3},{"damage":0,"enemies":"Jaw Worm","floor":3,"turns":4},{"damage":0,"enemies":"Small Slimes","floor":4,"turns":4},{"damage":9,"enemies":"Exordium Wildlife","floor":5,"turns":4},{"damage":28,"enemies":"Gremlin Nob","floor":7,"turns":5},{"damage":26,"enemies":"Lagavulin","floor":11,"turns":6},{"damage":0,"enemies":"3 Louse","floor":12,"turns":1},{"damage":8,"enemies":"3 Sentries","floor":13,"turns":4},{"damage":0,"enemies":"Red Slaver","floor":14,"turns":2},{"damage":22,"enemies":"The Guardian","floor":16,"turns":8},{"damage":12,"enemies":"2 Thieves","floor":18,"turns":4},{"damage":0,"enemies":"Colosseum Slavers","floor":20,"turns":3},{"damage":46,"enemies":"Colosseum Nobs","floor":20,"turns":4},{"damage":0,"enemies":"Chosen","floor":22,"turns":2},{"damage":0,"enemies":"Gremlin Leader","floor":23,"turns":3},{"damage":0,"enemies":"Masked Bandits","floor":25,"turns":1},{"damage":0,"enemies":"3 Cultists","floor":27,"turns":1},{"damage":0,"enemies":"Chosen and Byrds","floor":28,"turns":1},{"damage":0,"enemies":"Snake Plant","floor":30,"turns":2},{"damage":18,"enemies":"Champ","floor":33,"turns":5},{"damage":0,"enemies":"3 Shapes","floor":35,"turns":2},{"damage":0,"enemies":"3 Darklings","floor":38,"turns":2},{"damage":0,"enemies":"Transient","floor":39,"turns":5},{"damage":0,"enemies":"Nemesis","floor":44,"turns":1},{"damage":0,"enemies":"Reptomancer","floor":48,"turns":1},{"damage":43,"enemies":"Time Eater","floor":50,"turns":7},{"damage":0,"enemies":"Shield and Spear","floor":54,"turns":1},{"damage":107,"enemies":"The Heart","floor":55,"turns":6}],"seed_played":"-3510228914002255210","potions_obtained":[{"floor":1,"key":"Block Potion"},{"floor":4,"key":"Explosive Potion"},{"floor":7,"key":"SteroidPotion"},{"floor":12,"key":"GamblersBrew"},{"floor":14,"key":"GamblersBrew"},{"floor":16,"key":"PowerPotion"},{"floor":23,"key":"Block Potion"},{"floor":25,"key":"Poison Potion"},{"floor":30,"key":"Strength Potion"},{"floor":33,"key":"Strength Potion"},{"floor":38,"key":"SteroidPotion"},{"floor":39,"key":"Regen Potion"}],"is_trial":false,"path_per_floor":["M","$","M","M","M","R","E","R","T","R","E","M","E","M","R","B",null,"M","?","?","$","M","E","$","?","T","M","M","R","M","$","R","B",null,"M","?","?","M","M","R","?","R","T","E","R","?","?","E","R","B",null,"R","$","E","B",null],"character_chosen":"DEFECT","items_purchased":["Panache","Whetstone","Chrysalis+1","Swift Potion"],"campfire_rested":2,"item_purchase_floors":[24,31,53,53],"current_hp_per_floor":[75,75,75,75,66,66,38,38,38,38,12,12,4,4,41,19,75,63,49,3,3,3,3,3,3,3,3,3,42,42,42,42,24,80,80,80,80,80,80,80,70,70,70,70,70,70,70,70,70,32,80,80,80,94,35],"gold":53,"neow_bonus":"RANDOM_COMMON_RELIC","is_prod":false,"is_daily":false,"chose_seed":false,"campfire_upgraded":5,"win_rate":0,"timestamp":1544917114,"path_taken":["M","?","M","M","M","R","E","R","T","R","E","M","E","M","R","BOSS","M","?","?","$","M","E","$","?","T","M","M","R","M","$","R","BOSS","M","?","?","M","M","R","?","R","T","E","R","?","?","E","R","BOSS","R","$","E","BOSS"],"build_version":"2018-12-13","purchased_purges":4,"victory":true,"max_hp_per_floor":[75,75,75,75,75,75,75,75,75,75,75,75,75,75,75,75,75,75,80,80,80,80,80,80,80,80,80,80,80,80,80,80,80,80,80,80,80,80,80,80,80,80,80,80,80,80,80,80,80,80,80,80,80,94,94],"card_choices":[{"not_picked":["Compile Driver","Tempest"],"picked":"Scrape","floor":1},{"not_picked":["Conserve Battery","Darkness","Leap"],"picked":"SKIP","floor":3},{"not_picked":["Force Field","Steam"],"picked":"Scrape","floor":4},{"not_picked":["Melter","Leap"],"picked":"Redo","floor":5},{"not_picked":["Rip and Tear","Leap"],"picked":"Skim","floor":7},{"not_picked":["Hello World","Cold Snap"],"picked":"Go for the Eyes","floor":11},{"not_picked":["Steam","Leap"],"picked":"Reboot","floor":12},{"not_picked":["Barrage","Creative AI","Reprogram"],"picked":"SKIP","floor":13},{"not_picked":["White Noise","Double Energy"],"picked":"Skim","floor":14},{"not_picked":["Creative AI","Core Surge"],"picked":"Reboot","floor":16},{"not_picked":["Leap","Hologram"],"picked":"Double Energy+1","floor":18},{"not_picked":["Force Field","Undo"],"picked":"Leap","floor":20},{"not_picked":["Static Discharge","Compile Driver+1","Rebound+1"],"picked":"SKIP","floor":22},{"not_picked":["Beam Cell","Electrodynamics"],"picked":"Reboot+1","floor":23},{"not_picked":["Tempest+1","Ball Lightning"],"picked":"Gash","floor":25},{"not_picked":["Capacitor","Hello World+1","Rebound"],"picked":"SKIP","floor":27},{"not_picked":["Leap+1","Heatsinks","Fusion+1"],"picked":"SKIP","floor":28},{"not_picked":["Hologram+1","Steam+1"],"picked":"Go for the Eyes","floor":30},{"not_picked":["Rebound+1","Recycle+1","Self Repair"],"picked":"SKIP","floor":35},{"not_picked":["BootSequence+1","Auto Shields+1","Heatsinks"],"picked":"SKIP","floor":38},{"not_picked":["Turbo+1","Beam Cell+1"],"picked":"Gash+1","floor":39},{"not_picked":["Stack+1","Cold Snap+1","Reprogram+1"],"picked":"SKIP","floor":44},{"not_picked":["Barrage","Heatsinks","Self Repair+1"],"picked":"SKIP","floor":48},{"not_picked":["Steam+1","Recycle+1"],"picked":"Double Energy+1","floor":54}],"player_experience":199095,"relics_obtained":[{"floor":7,"key":"Regal Pillow"},{"floor":9,"key":"Juzu Bracelet"},{"floor":11,"key":"Bronze Scales"},{"floor":13,"key":"PreservedInsect"},{"floor":20,"key":"Unceasing Top"},{"floor":20,"key":"Toxic Egg 2"},{"floor":23,"key":"Kunai"},{"floor":25,"key":"Red Mask"},{"floor":43,"key":"Orichalcum"},{"floor":44,"key":"Shovel"},{"floor":45,"key":"Bottled Flame"},{"floor":48,"key":"Potion Belt"},{"floor":49,"key":"Dodecahedron"},{"floor":52,"key":"Blue Candle"},{"floor":54,"key":"Mango"}],"event_choices":[{"damage_healed":0,"gold_gain":0,"player_choice":"Shed Blood","damage_taken":19,"max_hp_gain":5,"max_hp_loss":0,"event_name":"Forgotten Altar","floor":19,"gold_loss":0},{"damage_healed":0,"gold_gain":0,"player_choice":"Fight","damage_taken":0,"max_hp_gain":0,"max_hp_loss":0,"event_name":"Colosseum","floor":20,"gold_loss":0},{"damage_healed":0,"gold_gain":0,"player_choice":"Fought Nobs","damage_taken":0,"max_hp_gain":0,"max_hp_loss":0,"event_name":"Colosseum","floor":20,"gold_loss":0},{"damage_healed":0,"gold_gain":0,"player_choice":"Fought Bandits","damage_taken":0,"max_hp_gain":0,"max_hp_loss":0,"event_name":"Masked Bandits","floor":25,"gold_loss":0},{"damage_healed":0,"gold_gain":222,"player_choice":"Wore Mask","damage_taken":0,"max_hp_gain":0,"max_hp_loss":0,"event_name":"Tomb of Lord Red Mask","floor":36,"gold_loss":0},{"damage_healed":0,"gold_gain":0,"player_choice":"Upgraded Two","damage_taken":0,"max_hp_gain":0,"max_hp_loss":0,"event_name":"Designer","floor":37,"gold_loss":40,"cards_upgraded":["Go for the Eyes","Defend_B"]},{"damage_healed":0,"gold_gain":0,"player_choice":"Embrace Madness","damage_taken":10,"max_hp_gain":0,"max_hp_loss":0,"event_name":"Winding Halls","floor":41,"gold_loss":0,"cards_obtained":["Madness","Madness"]},{"damage_healed":0,"gold_gain":0,"player_choice":"Bought 0 Potions","damage_taken":0,"max_hp_gain":0,"max_hp_loss":0,"event_name":"The Woman in Blue","floor":46,"gold_loss":0},{"damage_healed":0,"gold_gain":0,"player_choice":"Gave Potion","damage_taken":0,"relics_obtained":["Bag of Marbles"],"max_hp_gain":0,"max_hp_loss":0,"event_name":"WeMeetAgain","floor":47,"gold_loss":0}],"is_beta":true,"boss_relics":[{"not_picked":["Runic Pyramid","Astrolabe"],"picked":"Empty Cage"},{"not_picked":["Tiny House","Calling Bell"],"picked":"Lizard Tail"}],"items_purged_floors":[2,21,24,53],"is_endless":false,"potions_floor_spawned":[1,4,7,12,14,16,23,25,30,33,38,39],"ascension_level":0}