{"gold_per_floor":[18,34,51,71,89,116,132,196,222,234,261,276,291,291,291,291],"floor_reached":16,"playtime":1780,"items_purged":[],"score":143,"play_id":"eaacee0a-2cad-42e6-aa3c-843685debd70","local_time":"20181225213150","is_ascension_mode":true,"campfire_choices":[{"floor":15,"key":"REST"}],"neow_cost":"NO_GOLD","seed_source_timestamp":447662787304711,"circlet_count":0,"master_deck":["Strike_R","Strike_R","Strike_R","Strike_R","Defend_R","Defend_R","Defend_R","Bash","Perfected Strike","Searing Blow","Cleave","Pommel Strike","Clothesline","Twin Strike","True Grit","Sword Boomerang","Headbutt","Armaments","Thunderclap","Perfected Strike","Shrug It Off","Seeing Red"],"relics":["Burning Blood","Oddly Smooth Stone","Tiny Chest","Centennial Puzzle"],"potions_floor_usage":[6,7,8,14],"damage_taken":[{"damage":9,"enemies":"Jaw Worm","floor":1,"turns":4},{"damage":4,"enemies":"Small Slimes","floor":2,"turns":3},{"damage":8,"enemies":"2 Louse","floor":3,"turns":2},{"damage":16,"enemies":"Blue Slaver","floor":4,"turns":3},{"damage":3,"enemies":"Looter","floor":5,"turns":3},{"damage":27,"enemies":"3 Sentries","floor":6,"turns":6},{"damage":10,"enemies":"Gremlin Gang","floor":7,"turns":3},{"damage":4,"enemies":"Gremlin Nob","floor":8,"turns":3},{"damage":20,"enemies":"Large Slime","floor":10,"turns":5},{"damage":21,"enemies":"3 Sentries","floor":11,"turns":5},{"damage":11,"enemies":"Looter","floor":12,"turns":3},{"damage":12,"enemies":"Gremlin Gang","floor":13,"turns":4},{"damage":0,"enemies":"Large Slime","floor":14,"turns":3},{"damage":38,"enemies":"Hexaghost","floor":16,"turns":11}],"seed_played":"6336019938261644545","potions_obtained":[{"floor":1,"key":"LiquidBronze"},{"floor":2,"key":"SteroidPotion"},{"floor":3,"key":"Fire Potion"},{"floor":10,"key":"SmokeBomb"}],"is_trial":false,"path_per_floor":["M","M","M","M","M","E","M","E","T","M","E","M","M","M","R","B"],"character_chosen":"IRONCLAD","items_purchased":[],"campfire_rested":1,"item_purchase_floors":[],"current_hp_per_floor":[77,79,77,67,70,49,45,47,47,33,18,13,7,13,37,0],"gold":291,"neow_bonus":"TRANSFORM_TWO_CARDS","is_prod":false,"is_daily":false,"chose_seed":false,"campfire_upgraded":0,"win_rate":0,"timestamp":1545791510,"path_taken":["M","M","M","M","M","E","M","E","T","M","E","M","M","M","R","BOSS"],"build_version":"2018-12-20","purchased_purges":0,"victory":false,"max_hp_per_floor":[80,80,80,80,80,80,80,80,80,80,80,80,80,80,80,80],"card_choices":[{"not_picked":["Clothesline","True Grit"],"picked":"Cleave","floor":1},{"not_picked":["Armaments","Uppercut"],"picked":"Pommel Strike","floor":2},{"not_picked":["Anger","Warcry"],"picked":"Clothesline","floor":3},{"not_picked":["Corruption","Iron Wave"],"picked":"Twin Strike","floor":4},{"not_picked":["Rupture","Cleave"],"picked":"True Grit","floor":5},{"not_picked":["Bloodletting","Limit Break"],"picked":"Sword Boomerang","floor":6},{"not_picked":["Warcry","Iron Wave"],"picked":"Headbutt","floor":7},{"not_picked":["Body Slam","Searing Blow"],"picked":"Armaments","floor":8},{"not_picked":["Body Slam","Clash"],"picked":"Thunderclap","floor":10},{"not_picked":["Thunderclap","Body Slam"],"picked":"Perfected Strike","floor":11},{"not_picked":["Anger","Headbutt"],"picked":"Shrug It Off","floor":12},{"not_picked":["Evolve","Berserk"],"picked":"Seeing Red","floor":13}],"player_experience":151782,"relics_obtained":[{"floor":6,"key":"Oddly Smooth Stone"},{"floor":8,"key":"Tiny Chest"},{"floor":11,"key":"Centennial Puzzle"}],"event_choices":[],"is_beta":false,"boss_relics":[],"items_purged_floors":[],"is_endless":false,"potions_floor_spawned":[1,2,3,10],"killed_by":"Hexaghost","ascension_level":2}