{"gold_per_floor":[117,130,143,157,174,174,193,211,211,236,246,246,246,280,280,280],"floor_reached":16,"playtime":2274,"items_purged":[],"score":186,"play_id":"c45b8509-9aec-4367-b163-d4f165356c26","local_time":"20191003011220","is_ascension_mode":true,"campfire_choices":[{"floor":6.0,"key":"REST"},{"data":"Deadly Poison","floor":12.0,"key":"SMITH"},{"floor":15,"key":"REST"}],"neow_cost":"NONE","seed_source_timestamp":2084249476653608,"circlet_count":0,"master_deck":["AscendersBane","Strike_G","Strike_G","Strike_G","Strike_G","Strike_G","Defend_G","Defend_G","Defend_G","Defend_G","Survivor","Neutralize","After Image","Backflip","Well Laid Plans","Calculated Gamble","Tactician","Catalyst","Deadly Poison+1","Blur"],"special_seed":0,"relics":["Ring of the Snake","Peace Pipe","Meat on the Bone","Shuriken"],"potions_floor_usage":[14,16],"damage_taken":[{"damage":1.0,"enemies":"Cultist","floor":1.0,"turns":5.0},{"damage":0.0,"enemies":"Jaw Worm","floor":2.0,"turns":8.0},{"damage":1.0,"enemies":"Small Slimes","floor":3.0,"turns":5.0},{"damage":9.0,"enemies":"Exordium Wildlife","floor":4.0,"turns":12.0},{"damage":19.0,"enemies":"Gremlin Gang","floor":5.0,"turns":11.0},{"damage":1.0,"enemies":"2 Fungi Beasts","floor":7.0,"turns":5.0},{"damage":8.0,"enemies":"Exordium Thugs","floor":8.0,"turns":8.0},{"damage":19.0,"enemies":"Lagavulin","floor":10.0,"turns":10.0},{"damage":0.0,"enemies":"Blue Slaver","floor":11.0,"turns":5.0},{"damage":24,"enemies":"Gremlin Nob","floor":14,"turns":4},{"damage":24,"enemies":"Slime Boss","floor":16,"turns":9}],"seed_played":"8473414881546885179","potions_obtained":[{"floor":2.0,"key":"EssenceOfSteel"},{"floor":5.0,"key":"GhostInAJar"},{"floor":8.0,"key":"Block Potion"},{"floor":10.0,"key":"SkillPotion"},{"floor":11.0,"key":"Weak Potion"}],"is_trial":false,"path_per_floor":["M","M","M","M","M","R","M","M","T","E","M","R","?","E","R","B"],"character_chosen":"THE_SILENT","items_purchased":[],"campfire_rested":2,"item_purchase_floors":[],"current_hp_per_floor":[62,62,61,52,33,54,53,45,45,26,38,38,31,19,40,16],"gold":280,"neow_bonus":"ONE_RANDOM_RARE_CARD","is_prod":false,"is_daily":false,"chose_seed":false,"campfire_upgraded":1,"win_rate":0,"timestamp":1570079540,"path_taken":["M","M","M","M","M","R","?","M","T","E","M","R","?","E","R","BOSS"],"build_version":"2019-07-17","purchased_purges":0,"victory":false,"max_hp_per_floor":[70,70,70,70,70,70,70,70,70,70,70,70,70,70,70,70],"card_choices":[{"not_picked":["PiercingWail","Blade Dance"],"picked":"Backflip","floor":1.0},{"not_picked":["Skewer","PiercingWail"],"picked":"Well Laid Plans","floor":2.0},{"not_picked":["Dagger Throw","Sucker Punch"],"picked":"Calculated Gamble","floor":3.0},{"not_picked":["Calculated Gamble","Blade Dance"],"picked":"Tactician","floor":4.0},{"not_picked":["Underhanded Strike","Backflip","Well Laid Plans"],"picked":"SKIP","floor":5.0},{"not_picked":["Riddle With Holes","Deflect"],"picked":"Catalyst","floor":7.0},{"not_picked":["All Out Attack","Sucker Punch"],"picked":"Deadly Poison","floor":8.0},{"not_picked":["Dodge and Roll","Blade Dance","Storm of Steel"],"picked":"SKIP","floor":10.0},{"not_picked":["Caltrops","Backflip","Flechettes"],"picked":"SKIP","floor":11.0},{"not_picked":["Outmaneuver","Eviscerate"],"picked":"Blur","floor":14}],"player_experience":624863,"relics_obtained":[{"floor":9.0,"key":"Peace Pipe"},{"floor":10.0,"key":"Meat on the Bone"},{"floor":14,"key":"Shuriken"}],"event_choices":[{"cards_removed":["Defend_G"],"damage_healed":0.0,"max_hp_gain":0.0,"max_hp_loss":0.0,"gold_gain":0.0,"event_name":"Golden Wing","player_choice":"Card Removal","floor":13.0,"gold_loss":0.0,"damage_taken":7.0}],"is_beta":false,"boss_relics":[],"items_purged_floors":[],"is_endless":false,"potions_floor_spawned":[2,5,8,10,11],"killed_by":"Slime Boss","ascension_level":12}