{"gold_per_floor":[115,125,125,138,157,191,191,226,226,255,255,284,284,310,310,408,408,408,408,408,408,408,408,408],"floor_reached":24,"playtime":1960,"items_purged":[],"score":261,"play_id":"4527bce2-ec92-4ac5-a0a3-85c653218a6f","local_time":"20180705200743","daily_mods":["Draft","Elite Swarm"],"is_ascension_mode":false,"campfire_choices":[{"data":"Machine Learning","floor":7,"key":"SMITH"},{"data":"Coolheaded","floor":13,"key":"SMITH"},{"data":"White Noise","floor":15,"key":"SMITH"}],"neow_cost":"","seed_source_timestamp":0,"circlet_count":0,"master_deck":["White Noise+1","Go for the Eyes","Sweeping Beam","Loop","Compile Driver","Ball Lightning","Beam Cell","Coolheaded+1","Aggregate","Conserve Battery","Ball Lightning","Defragment","Barrage","FTL","Beam Cell","Rainbow","Defragment","Doom and Gloom","Machine Learning+1","Rainbow+1","Echo Form","Amplify+1","Meteor Strike","Amplify+1","Coolheaded+1","Static Discharge","Seek+1","Coolheaded+1","Normality","Sunder","Static Discharge+1","Heatsinks","Streamline+1"],"relics":["Cracked Core","Toxic Egg 2","Mummified Hand","Gambling Chip","Vajra","Prayer Wheel","Lantern","Matryoshka","Ectoplasm","Darkstone Periapt"],"potions_floor_usage":[5],"damage_taken":[{"damage":0,"enemies":"Cultist","floor":1,"turns":3},{"damage":1,"enemies":"Jaw Worm","floor":2,"turns":2},{"damage":5,"enemies":"Small Slimes","floor":4,"turns":2},{"damage":6,"enemies":"3 Louse","floor":5,"turns":2},{"damage":6,"enemies":"Gremlin Nob","floor":6,"turns":3},{"damage":13,"enemies":"3 Sentries","floor":8,"turns":3},{"damage":0,"enemies":"Lagavulin","floor":10,"turns":3},{"damage":4,"enemies":"Gremlin Nob","floor":12,"turns":3},{"damage":1,"enemies":"3 Sentries","floor":14,"turns":2},{"damage":10,"enemies":"Hexaghost","floor":16,"turns":5},{"damage":0,"enemies":"Spheric Guardian","floor":18,"turns":2},{"damage":0,"enemies":"3 Byrds","floor":20,"turns":2},{"damage":0,"enemies":"Snecko","floor":22,"turns":2},{"damage":4,"enemies":"Cultist and Chosen","floor":23,"turns":3},{"damage":30,"enemies":"Slavers","floor":24,"turns":2}],"seed_played":"-1777739872304599669","potions_obtained":[{"floor":1,"key":"Block Potion"},{"floor":10,"key":"FearPotion"},{"floor":12,"key":"SpeedPotion"},{"floor":16,"key":"FocusPotion"},{"floor":22,"key":"PowerPotion"}],"is_trial":true,"path_per_floor":["M","M","T","M","M","E","R","E","T","E","?","E","R","E","R","B",null,"M","?","M","?","M","M"],"character_chosen":"DEFECT","items_purchased":[],"campfire_rested":0,"item_purchase_floors":[],"current_hp_per_floor":[75,74,74,69,63,57,57,44,44,44,44,40,40,39,39,36,75,75,75,75,81,81,77,47],"gold":408,"neow_bonus":"","is_prod":false,"is_daily":false,"chose_seed":false,"campfire_upgraded":3,"win_rate":0,"timestamp":1530817663,"path_taken":["M","M","?","?","M","E","R","E","T","E","?","E","R","E","R","BOSS","M","?","M","?","M","M","E"],"build_version":"2018-07-04","purchased_purges":0,"victory":false,"max_hp_per_floor":[75,75,75,75,75,75,75,75,75,75,75,75,75,75,75,75,75,75,75,75,81,81,81,81],"card_choices":[{"not_picked":["Steam","Compile Driver"],"picked":"White Noise","floor":0},{"not_picked":["Leap","Hologram"],"picked":"Beam Cell","floor":0},{"not_picked":["Sweeping Beam","Rebound"],"picked":"Go for the Eyes","floor":0},{"not_picked":["Hologram","Barrage"],"picked":"Sweeping Beam","floor":0},{"not_picked":["Defragment","Gash"],"picked":"Loop","floor":0},{"not_picked":["Leap","Turbo"],"picked":"Compile Driver","floor":0},{"not_picked":["Hologram","Tempest"],"picked":"Ball Lightning","floor":0},{"not_picked":["Consume","Fusion"],"picked":"Beam Cell","floor":0},{"not_picked":["Compile Driver","Beam Cell"],"picked":"Coolheaded","floor":0},{"not_picked":["Turbo","Cold Snap"],"picked":"Aggregate","floor":0},{"not_picked":["Reprogram","Stack"],"picked":"Conserve Battery","floor":0},{"not_picked":["Stack","Gash"],"picked":"Ball Lightning","floor":0},{"not_picked":["Gash","Loop"],"picked":"Defragment","floor":0},{"not_picked":["Rebound","Steam Power"],"picked":"Barrage","floor":0},{"not_picked":["Leap","Redo"],"picked":"FTL","floor":0},{"not_picked":["Leap","Turbo"],"picked":"Beam Cell","floor":1},{"not_picked":["Ball Lightning","Redo"],"picked":"Rainbow","floor":2},{"not_picked":["Static Discharge","Coolheaded+1"],"picked":"Defragment","floor":4},{"not_picked":["Sweeping Beam","Leap+1"],"picked":"Doom and Gloom","floor":5},{"not_picked":["Meteor Strike","All For One"],"picked":"Machine Learning","floor":6},{"not_picked":["Hyperbeam","Core Surge"],"picked":"Rainbow+1","floor":8},{"not_picked":["Multi-Cast+1","Fission+1"],"picked":"Echo Form","floor":10},{"not_picked":["Thunder Strike","Core Surge"],"picked":"Amplify+1","floor":12},{"not_picked":["Thunder Strike","Multi-Cast+1"],"picked":"Meteor Strike","floor":14},{"not_picked":["Rainbow+1","Core Surge"],"picked":"Amplify+1","floor":16},{"not_picked":["Turbo+1","Streamline"],"picked":"Coolheaded+1","floor":18},{"not_picked":["Cold Snap","Doom and Gloom+1"],"picked":"Static Discharge","floor":18},{"not_picked":["Sweeping Beam","Rebound+1"],"picked":"Seek+1","floor":20},{"not_picked":["Barrage","Steam+1"],"picked":"Coolheaded+1","floor":20},{"not_picked":["Streamline+1","Turbo+1"],"picked":"Sunder","floor":22},{"not_picked":["Streamline","Blizzard"],"picked":"Static Discharge+1","floor":22},{"not_picked":["FTL+1","Turbo+1"],"picked":"Heatsinks","floor":23},{"not_picked":["Go for the Eyes","Reprogram+1"],"picked":"Streamline+1","floor":23}],"player_experience":44208,"relics_obtained":[{"floor":3,"key":"Toxic Egg 2"},{"floor":6,"key":"Mummified Hand"},{"floor":8,"key":"Gambling Chip"},{"floor":9,"key":"Vajra"},{"floor":10,"key":"Prayer Wheel"},{"floor":12,"key":"Lantern"},{"floor":14,"key":"Matryoshka"}],"event_choices":[{"event_name":"Purifier","player_choice":"One Purge","floor":11,"damage_taken":0},{"event_name":"Ghosts","player_choice":"Ignored","floor":19,"damage_taken":0},{"event_name":"Accursed Blacksmith","player_choice":"Rummage","floor":21,"damage_taken":0}],"boss_relics":[{"not_picked":["Cursed Key","Empty Cage"],"picked":"Ectoplasm"}],"items_purged_floors":[],"is_endless":false,"potions_floor_spawned":[1,10,12,16,22],"killed_by":"Slavers","ascension_level":0}