{"gold_per_floor":[110,124,135,152,122,157,172,207,207,227,244,244,275,290,290,385,385,399,44,59,88,42,42],"floor_reached":23,"playtime":2607,"items_purged":[],"score":292,"play_id":"62dc22ee-08ee-40e2-a373-58d10905ad72","local_time":"20181225163228","is_ascension_mode":true,"campfire_choices":[{"floor":12,"key":"REST"},{"data":"Infernal Blade","floor":15,"key":"SMITH"}],"neow_cost":"NONE","seed_source_timestamp":428882020887799,"circlet_count":0,"master_deck":["Strike_R","Strike_R","Strike_R","Strike_R","Defend_R","Defend_R","Bash","Berserk","Battle Trance","Clothesline","Pommel Strike","Headbutt","Blood for Blood+1","Thunderclap+1","Fiend Fire+1","Wild Strike+1","Infernal Blade+1","Iron Wave+1","Demon Form","Intimidate+1","Heavy Blade+1","Limit Break+1","Clash+1","Flash of Steel+1","Burning Pact","Heavy Blade+1","Clash+1"],"relics":["Burning Blood","Molten Egg 2","Dead Branch","Sundial","Astrolabe","Bottled Tornado","Red Mask"],"potions_floor_usage":[6,6,7,10,11,13,21],"damage_taken":[{"damage":7,"enemies":"Jaw Worm","floor":1,"turns":4},{"damage":4,"enemies":"Cultist","floor":2,"turns":3},{"damage":6,"enemies":"Small Slimes","floor":3,"turns":3},{"damage":8,"enemies":"Red Slaver","floor":4,"turns":4},{"damage":15,"enemies":"Gremlin Nob","floor":6,"turns":3},{"damage":37,"enemies":"Gremlin Gang","floor":7,"turns":5},{"damage":28,"enemies":"Lagavulin","floor":8,"turns":6},{"damage":15,"enemies":"Exordium Thugs","floor":10,"turns":3},{"damage":8,"enemies":"3 Louse","floor":11,"turns":2},{"damage":24,"enemies":"Gremlin Nob","floor":13,"turns":4},{"damage":0,"enemies":"2 Fungi Beasts","floor":14,"turns":2},{"damage":0,"enemies":"Slime Boss","floor":16,"turns":5},{"damage":6,"enemies":"Spheric Guardian","floor":18,"turns":3},{"damage":12,"enemies":"Shell Parasite","floor":20,"turns":2},{"damage":44,"enemies":"Masked Bandits","floor":21,"turns":4},{"damage":41,"enemies":"Book of Stabbing","floor":23,"turns":3}],"seed_played":"-7920560007876570388","potions_obtained":[{"floor":3,"key":"Strength Potion"},{"floor":5,"key":"Weak Potion"},{"floor":5,"key":"Strength Potion"},{"floor":7,"key":"FearPotion"},{"floor":8,"key":"Weak Potion"},{"floor":10,"key":"Regen Potion"},{"floor":18,"key":"AttackPotion"}],"is_trial":false,"path_per_floor":["M","M","M","M","?","E","M","E","T","M","M","R","E","M","R","B",null,"M","$","M","?","$","E"],"character_chosen":"IRONCLAD","items_purchased":["Bottled Tornado","Flash of Steel+1","Clash+1"],"campfire_rested":1,"item_purchase_floors":[19,19,22],"current_hp_per_floor":[79,80,80,78,78,69,38,16,16,7,10,34,16,22,22,28,80,80,80,74,36,36,0],"gold":42,"neow_bonus":"ONE_RANDOM_RARE_CARD","is_prod":false,"is_daily":false,"chose_seed":false,"campfire_upgraded":1,"win_rate":0,"timestamp":1545773548,"path_taken":["M","M","M","M","?","E","M","E","T","M","?","R","E","M","R","BOSS","M","$","?","?","?","E"],"build_version":"2018-12-20","purchased_purges":0,"victory":false,"max_hp_per_floor":[80,80,80,80,80,80,80,80,80,80,80,80,80,80,80,80,80,80,80,80,80,80,80],"card_choices":[{"not_picked":["Twin Strike","Flex"],"picked":"Battle Trance","floor":1},{"not_picked":["Perfected Strike","Combust"],"picked":"Clothesline","floor":2},{"not_picked":["Wild Strike","Heavy Blade"],"picked":"Pommel Strike","floor":3},{"not_picked":["Heavy Blade","Sword Boomerang"],"picked":"Headbutt","floor":4},{"not_picked":["Dual Wield","Iron Wave","Corruption"],"picked":"SKIP","floor":6},{"not_picked":["Dual Wield","Flex"],"picked":"Blood for Blood+1","floor":7},{"not_picked":["Body Slam+1","Havoc"],"picked":"Thunderclap+1","floor":8},{"not_picked":["Dual Wield","Power Through"],"picked":"Fiend Fire+1","floor":10},{"not_picked":["Uppercut+1","Flex"],"picked":"Wild Strike+1","floor":11},{"not_picked":["Blood for Blood+1","Iron Wave+1"],"picked":"Infernal Blade","floor":13},{"not_picked":["Perfected Strike+1","Body Slam+1"],"picked":"Iron Wave+1","floor":14},{"not_picked":["Double Tap","Limit Break"],"picked":"Demon Form","floor":16},{"not_picked":["Rampage+1","Armaments+1"],"picked":"Clash+1","floor":18},{"not_picked":["Armaments","Clash+1"],"picked":"Burning Pact","floor":20},{"not_picked":["Perfected Strike+1","Body Slam+1"],"picked":"Heavy Blade+1","floor":21}],"player_experience":142974,"relics_obtained":[{"floor":6,"key":"Molten Egg 2"},{"floor":8,"key":"Dead Branch"},{"floor":13,"key":"Sundial"},{"floor":21,"key":"Red Mask"}],"event_choices":[{"damage_healed":0,"gold_gain":0,"player_choice":"Bought 2 Potions","damage_taken":0,"max_hp_gain":0,"max_hp_loss":0,"event_name":"The Woman in Blue","floor":5,"gold_loss":0},{"damage_healed":0,"gold_gain":0,"player_choice":"Fought Bandits","damage_taken":0,"max_hp_gain":0,"max_hp_loss":0,"event_name":"Masked Bandits","floor":21,"gold_loss":0}],"is_beta":false,"boss_relics":[{"not_picked":["Empty Cage","Snecko Eye"],"picked":"Astrolabe"}],"items_purged_floors":[],"is_endless":false,"potions_floor_spawned":[3,7,8,10,18],"killed_by":"Book of Stabbing","ascension_level":2}