{"gold_per_floor":[113,131,148,423,433,459,39,50,50,67,83,98,123,141,141,141],"floor_reached":16,"playtime":725,"items_purged":["Regret"],"score":177,"play_id":"a1287621-dac5-4c57-bcb7-28d43c5e39b4","local_time":"20190912012055","is_ascension_mode":true,"campfire_choices":[{"floor":15,"key":"REST"}],"neow_cost":"NONE","seed_source_timestamp":461395540410100,"circlet_count":0,"master_deck":["AscendersBane","Strike_R","Strike_R","Strike_R","Strike_R","Strike_R","Defend_R","Defend_R","Defend_R","Defend_R","Bash","Shrug It Off","Anger","Rampage","Pummel","Uppercut","Metamorphosis","True Grit","Twin Strike","Anger","Pommel Strike","Feed","Searing Blow","Havoc","Iron Wave"],"relics":["Burning Blood","Ancient Tea Set","Dream Catcher","Centennial Puzzle","Juzu Bracelet"],"potions_floor_usage":[6,6,8,8,12,13,14,16],"damage_taken":[{"damage":4,"enemies":"Small Slimes","floor":1,"turns":4},{"damage":6,"enemies":"Cultist","floor":2,"turns":4},{"damage":8,"enemies":"Jaw Worm","floor":3,"turns":4},{"damage":21,"enemies":"Blue Slaver","floor":5,"turns":4},{"damage":24,"enemies":"3 Sentries","floor":6,"turns":7},{"damage":5,"enemies":"Exordium Thugs","floor":8,"turns":3},{"damage":5,"enemies":"3 Louse","floor":10,"turns":4},{"damage":8,"enemies":"Blue Slaver","floor":11,"turns":2},{"damage":11,"enemies":"Looter","floor":12,"turns":2},{"damage":8,"enemies":"Gremlin Nob","floor":13,"turns":3},{"damage":22,"enemies":"Gremlin Gang","floor":14,"turns":5},{"damage":55,"enemies":"The Guardian","floor":16,"turns":8}],"seed_played":"4601550438501497372","potions_obtained":[{"floor":3,"key":"Fire Potion"},{"floor":5,"key":"AttackPotion"},{"floor":6,"key":"EntropicBrew"},{"floor":10,"key":"Swift Potion"},{"floor":13,"key":"PowerPotion"}],"is_trial":false,"path_per_floor":["M","M","M","?","M","E","$","M","T","M","M","M","E","M","R","B"],"character_chosen":"IRONCLAD","items_purchased":["Dream Catcher","Metamorphosis","True Grit"],"campfire_rested":1,"item_purchase_floors":[7,7,7],"current_hp_per_floor":[82,82,80,80,65,47,47,48,48,49,47,42,40,27,54,0],"gold":141,"neow_bonus":"TEN_PERCENT_HP_BONUS","is_prod":false,"is_daily":false,"chose_seed":false,"campfire_upgraded":0,"win_rate":0,"timestamp":1568265655,"path_taken":["M","M","M","?","M","E","$","M","T","M","?","M","E","M","R","BOSS"],"build_version":"2019-07-17","purchased_purges":1,"victory":false,"max_hp_per_floor":[88,88,88,88,88,88,88,88,88,88,88,88,88,91,91,91],"card_choices":[{"not_picked":["Armaments","Cleave"],"picked":"Shrug It Off","floor":1},{"not_picked":["Sword Boomerang","Havoc"],"picked":"Anger","floor":2},{"not_picked":["Wild Strike","Shockwave"],"picked":"Rampage","floor":3},{"not_picked":["Pommel Strike","Perfected Strike"],"picked":"Pummel","floor":5},{"not_picked":["Ghostly Armor","Evolve"],"picked":"Uppercut","floor":6},{"not_picked":["Second Wind","Body Slam"],"picked":"Twin Strike","floor":8},{"not_picked":["Dark Embrace","Disarm"],"picked":"Anger","floor":10},{"not_picked":["Warcry","Perfected Strike"],"picked":"Pommel Strike","floor":11},{"not_picked":["Sever Soul","Shrug It Off"],"picked":"Feed","floor":12},{"not_picked":["Wild Strike","Armaments"],"picked":"Searing Blow","floor":13},{"not_picked":["Anger","Perfected Strike"],"picked":"Havoc","floor":14},{"not_picked":["Anger","Warcry"],"picked":"Iron Wave","floor":15}],"player_experience":580941,"relics_obtained":[{"floor":6,"key":"Ancient Tea Set"},{"floor":9,"key":"Centennial Puzzle"},{"floor":13,"key":"Juzu Bracelet"}],"event_choices":[{"damage_healed":0,"gold_gain":275,"player_choice":"Desecrate","damage_taken":0,"max_hp_gain":0,"max_hp_loss":0,"event_name":"Golden Shrine","floor":4,"gold_loss":0,"cards_obtained":["Regret"]}],"is_beta":false,"boss_relics":[],"items_purged_floors":[7],"is_endless":false,"potions_floor_spawned":[3,5,6,10,13],"killed_by":"The Guardian","ascension_level":10}