{"gold_per_floor":[114,131,131,150,163,207,207,231,231,231,231],"floor_reached":11,"playtime":664,"items_purged":[],"score":86,"play_id":"765b4737-7e35-49bf-b1ee-c1273ea9d61a","local_time":"20190105000002","is_ascension_mode":true,"campfire_choices":[{"floor":7,"key":"REST"}],"neow_cost":"NONE","seed_source_timestamp":98009102850469,"circlet_count":0,"master_deck":["Defend_G","Defend_G","Defend_G","Defend_G","Defend_G","Strike_G","Strike_G","Strike_G","Strike_G","Survivor","Neutralize","Dagger Throw","Sucker Punch","Acrobatics","Prepared","Cloak And Dagger","Well Laid Plans","Backflip"],"relics":["Ring of the Snake","Golden Idol","Ginger","Ornamental Fan"],"potions_floor_usage":[5],"damage_taken":[{"damage":3,"enemies":"Small Slimes","floor":1,"turns":5},{"damage":0,"enemies":"2 Louse","floor":2,"turns":4},{"damage":0,"enemies":"Jaw Worm","floor":4,"turns":4},{"damage":0,"enemies":"Red Slaver","floor":5,"turns":4},{"damage":47,"enemies":"3 Sentries","floor":6,"turns":16},{"damage":17,"enemies":"Large Slime","floor":8,"turns":8},{"damage":22,"enemies":"Gremlin Nob","floor":11,"turns":3}],"seed_played":"8684522669557245775","potions_obtained":[{"floor":2,"key":"Fire Potion"},{"floor":4,"key":"Ancient Potion"}],"is_trial":false,"path_per_floor":["M","M","?","M","M","E","R","M","T","?","E"],"character_chosen":"THE_SILENT","items_purchased":[],"campfire_rested":1,"item_purchase_floors":[],"current_hp_per_floor":[67,67,67,67,67,20,41,24,24,17,0],"gold":231,"neow_bonus":"TRANSFORM_CARD","is_prod":false,"is_daily":false,"chose_seed":false,"campfire_upgraded":0,"win_rate":0,"timestamp":1546664402,"path_taken":["M","M","?","M","M","E","R","M","T","?","E"],"build_version":"2019-01-03v4","purchased_purges":0,"victory":false,"max_hp_per_floor":[70,70,70,70,70,70,70,70,70,70,70],"card_choices":[{"not_picked":["Blade Dance","Reflex"],"picked":"Sucker Punch","floor":1},{"not_picked":["Slice","Sucker Punch"],"picked":"Acrobatics","floor":2},{"not_picked":["Reflex","Riddle With Holes"],"picked":"Prepared","floor":4},{"not_picked":["A Thousand Cuts","Dodge and Roll"],"picked":"Cloak And Dagger","floor":5},{"not_picked":["Backflip","Prepared"],"picked":"Well Laid Plans","floor":6},{"not_picked":["Calculated Gamble","Blade Dance"],"picked":"Backflip","floor":8}],"player_experience":325852,"relics_obtained":[{"floor":6,"key":"Ginger"},{"floor":9,"key":"Ornamental Fan"}],"event_choices":[{"damage_healed":0,"gold_gain":0,"player_choice":"Take Wound","damage_taken":0,"relics_obtained":["Golden Idol"],"max_hp_gain":0,"max_hp_loss":0,"event_name":"Golden Idol","floor":3,"gold_loss":0,"cards_obtained":["Injury"]},{"cards_removed":["Injury"],"damage_healed":0,"gold_gain":0,"player_choice":"Card Removal","damage_taken":7,"max_hp_gain":0,"max_hp_loss":0,"event_name":"Golden Wing","floor":10,"gold_loss":0}],"is_beta":false,"boss_relics":[],"items_purged_floors":[],"is_endless":false,"potions_floor_spawned":[2,4],"killed_by":"Gremlin Nob","ascension_level":3}