{"gold_per_floor":[116,116,291,24,24,57,57,74,97,97,117,144,94,110,110,182,182,197,217,39,56,56,81,81,93,93,120,51,61,61,61,61,61],"floor_reached":33,"playtime":1768,"items_purged":["Strike_G","Strike_G"],"score":566,"play_id":"8e7de221-0ca7-43eb-aa35-ded0669e3d84","local_time":"20191002161055","is_ascension_mode":true,"campfire_choices":[{"data":"Cloak And Dagger","floor":7,"key":"SMITH"},{"data":"Survivor","floor":10,"key":"SMITH"},{"floor":15,"key":"REST"},{"data":"Burst","floor":24,"key":"SMITH"},{"floor":30,"key":"REST"},{"floor":32,"key":"REST"}],"neow_cost":"NONE","seed_source_timestamp":3417560301577,"circlet_count":0,"master_deck":["AscendersBane","Defend_G","Defend_G","Defend_G","Defend_G","Survivor+1","Neutralize","Cloak And Dagger+1","Bane","Deadly Poison","Leg Sweep","Backflip","Bane","After Image","Dagger Spray+1","Noxious Fumes","Burst+1","Bouncing Flask","Caltrops+1","Leg Sweep+1","Caltrops+1","Grand Finale","Setup+1"],"relics":["Ring of the Snake","NeowsBlessing","PreservedInsect","Bottled Lightning","Ancient Tea Set","Bottled Flame","Velvet Choker","Lantern","Potion Belt","Frozen Egg 2","Toxic Egg 2"],"potions_floor_usage":[12,16,18,23,27],"damage_taken":[{"damage":0,"enemies":"Cultist","floor":1,"turns":1},{"damage":0,"enemies":"Lagavulin","floor":6,"turns":1},{"damage":0,"enemies":"2 Louse","floor":8,"turns":1},{"damage":0,"enemies":"Jaw Worm","floor":11,"turns":3},{"damage":0,"enemies":"3 Sentries","floor":12,"turns":7},{"damage":9,"enemies":"Exordium Wildlife","floor":14,"turns":5},{"damage":59,"enemies":"Hexaghost","floor":16,"turns":16},{"damage":2,"enemies":"Spheric Guardian","floor":18,"turns":7},{"damage":0,"enemies":"Shell Parasite","floor":19,"turns":8},{"damage":1,"enemies":"Snecko","floor":21,"turns":7},{"damage":9,"enemies":"Slavers","floor":23,"turns":5},{"damage":5,"enemies":"3 Cultists","floor":25,"turns":6},{"damage":8,"enemies":"Gremlin Leader","floor":27,"turns":6},{"damage":26,"enemies":"Centurion and Healer","floor":29,"turns":9},{"damage":46,"enemies":"Collector","floor":33,"turns":3}],"seed_played":"6246107955682093326","potions_obtained":[{"floor":11,"key":"AttackPotion"},{"floor":12,"key":"Block Potion"},{"floor":16,"key":"Weak Potion"},{"floor":18,"key":"Poison Potion"},{"floor":25,"key":"SkillPotion"}],"is_trial":false,"path_per_floor":["M","?","?","$","?","E","R","M","T","R","M","E","?","M","R","B",null,"M","M","$","M","?","E","R","M","T","E","$","M","R","?","R","B"],"character_chosen":"THE_SILENT","items_purchased":["PreservedInsect","Bane","Noxious Fumes","Leg Sweep+1"],"campfire_rested":3,"item_purchase_floors":[4,4,20,28],"current_hp_per_floor":[63,56,56,56,56,56,56,56,56,56,56,56,56,47,68,9,55,53,53,53,52,52,43,43,38,38,30,30,4,25,25,46,0],"gold":61,"neow_bonus":"THREE_ENEMY_KILL","is_prod":false,"is_daily":false,"chose_seed":false,"campfire_upgraded":3,"win_rate":0,"timestamp":1570025455,"path_taken":["M","?","?","$","?","E","R","M","T","R","M","E","?","M","R","BOSS","M","M","$","M","?","E","R","M","T","E","$","?","R","?","R","BOSS"],"build_version":"2019-07-17","purchased_purges":2,"victory":false,"max_hp_per_floor":[70,70,70,70,70,70,70,70,70,70,70,70,70,70,70,70,70,70,70,70,70,70,70,70,70,70,70,70,70,70,70,70,70],"card_choices":[{"not_picked":["PiercingWail","Flechettes"],"picked":"Cloak And Dagger","floor":1},{"not_picked":["Envenom","Prepared"],"picked":"Deadly Poison","floor":6},{"not_picked":["Choke","Dodge and Roll"],"picked":"Leg Sweep","floor":8},{"not_picked":["Tactician","Dodge and Roll"],"picked":"Backflip","floor":11},{"not_picked":["Blade Dance","Sucker Punch"],"picked":"Bane","floor":12},{"not_picked":["Slice","Choke","Tactician"],"picked":"SKIP","floor":14},{"not_picked":["Storm of Steel","A Thousand Cuts"],"picked":"After Image","floor":16},{"not_picked":["Quick Slash","Calculated Gamble","Dagger Spray"],"picked":"SKIP","floor":18},{"not_picked":["Outmaneuver","Endless Agony"],"picked":"Dagger Spray+1","floor":19},{"not_picked":["Endless Agony","All Out Attack","Infinite Blades"],"picked":"SKIP","floor":21},{"not_picked":["Eviscerate","Quick Slash"],"picked":"Burst","floor":23},{"not_picked":["Slice","Cloak And Dagger"],"picked":"Bouncing Flask","floor":25},{"not_picked":["Bane","Flechettes"],"picked":"Caltrops+1","floor":27},{"not_picked":["Outmaneuver+1","Deflect+1"],"picked":"Caltrops+1","floor":29}],"player_experience":343065,"relics_obtained":[{"floor":6,"key":"Bottled Lightning"},{"floor":9,"key":"Ancient Tea Set"},{"floor":12,"key":"Bottled Flame"},{"floor":22,"key":"Lantern"},{"floor":23,"key":"Potion Belt"},{"floor":26,"key":"Frozen Egg 2"},{"floor":27,"key":"Toxic Egg 2"}],"event_choices":[{"cards_removed":["Strike_G"],"damage_healed":0,"gold_gain":0,"player_choice":"Card Removal","damage_taken":7,"max_hp_gain":0,"max_hp_loss":0,"event_name":"Golden Wing","floor":2,"gold_loss":0},{"damage_healed":0,"gold_gain":175,"player_choice":"AGREE","damage_taken":0,"max_hp_gain":0,"max_hp_loss":0,"event_name":"Liars Game","floor":3,"gold_loss":0,"cards_obtained":["Doubt"]},{"cards_removed":["Doubt"],"damage_healed":0,"gold_gain":0,"player_choice":"Forget","damage_taken":0,"max_hp_gain":0,"max_hp_loss":0,"event_name":"Living Wall","floor":5,"gold_loss":0},{"cards_removed":["Strike_G"],"damage_healed":0,"gold_gain":0,"player_choice":"Card Removal","damage_taken":0,"max_hp_gain":0,"max_hp_loss":0,"event_name":"The Cleric","floor":13,"gold_loss":50},{"damage_healed":0,"gold_gain":0,"player_choice":"Relic","damage_taken":0,"max_hp_gain":0,"max_hp_loss":0,"event_name":"Wheel of Change","floor":22,"gold_loss":0},{"damage_healed":0,"gold_gain":0,"cards_transformed":["Strike_G","Defend_G"],"player_choice":"Became Test Subject","damage_taken":0,"max_hp_gain":0,"max_hp_loss":0,"event_name":"Drug Dealer","floor":31,"gold_loss":0,"cards_obtained":["Grand Finale","Setup"]}],"is_beta":false,"boss_relics":[{"not_picked":["Calling Bell","White Beast Statue"],"picked":"Velvet Choker"}],"items_purged_floors":[4,20],"is_endless":false,"potions_floor_spawned":[11,12,16,18,25],"killed_by":"Collector","ascension_level":13}