{"gold_per_floor":[118,9,9,27,27,58,75,110,110,110,124,158,158,172,172,277,277,290,290,290,301,311,342,342],"floor_reached":24,"playtime":2783,"items_purged":["Strike_G"],"score":287,"play_id":"a84598ca-4692-496e-a082-ea63a489afef","local_time":"20181229231830","is_ascension_mode":true,"campfire_choices":[{"data":"Blur","floor":10,"key":"SMITH"},{"floor":13,"key":"REST"},{"floor":15,"key":"REST"}],"neow_cost":"NONE","seed_source_timestamp":19855223256790,"circlet_count":0,"master_deck":["Defend_G","Defend_G","Defend_G","Defend_G","Strike_G","Strike_G","Strike_G","Strike_G","Survivor","Neutralize","Underhanded Strike","Predator","Backflip","Expertise","Blur+1","Calculated Gamble","Leg Sweep","Cloak And Dagger","Dagger Throw","Flechettes","A Thousand Cuts+1","Escape Plan","Cloak And Dagger","Deflect","Calculated Gamble+1","Caltrops+1"],"relics":["Ring of the Snake","NeowsBlessing","Vajra","Du-Vu Doll","Frozen Egg 2","Bag of Marbles","Black Star","The Specimen","Ancient Tea Set"],"potions_floor_usage":[8,12,18,21,22,22,22,23,24],"damage_taken":[{"damage":0,"enemies":"Cultist","floor":1,"turns":1},{"damage":0,"enemies":"2 Louse","floor":4,"turns":1},{"damage":0,"enemies":"Gremlin Nob","floor":6,"turns":1},{"damage":0,"enemies":"Jaw Worm","floor":7,"turns":5},{"damage":30,"enemies":"Lagavulin","floor":8,"turns":8},{"damage":3,"enemies":"Looter","floor":11,"turns":3},{"damage":18,"enemies":"Gremlin Nob","floor":12,"turns":5},{"damage":13,"enemies":"Lots of Slimes","floor":14,"turns":6},{"damage":29,"enemies":"Hexaghost","floor":16,"turns":15},{"damage":6,"enemies":"Chosen","floor":18,"turns":7},{"damage":11,"enemies":"Spheric Guardian","floor":21,"turns":3},{"damage":4,"enemies":"Centurion and Healer","floor":22,"turns":7},{"damage":14,"enemies":"Slavers","floor":23,"turns":6},{"damage":31,"enemies":"3 Cultists","floor":24,"turns":5}],"seed_played":"-1098249401359069711","potions_obtained":[{"floor":6,"key":"Dexterity Potion"},{"floor":7,"key":"Block Potion"},{"floor":16,"key":"SneckoOil"},{"floor":21,"key":"Fire Potion"},{"floor":22,"key":"AttackPotion"},{"floor":23,"key":"GamblersBrew"}],"is_trial":false,"path_per_floor":["M","$","?","M","?","E","M","E","T","R","M","E","R","M","R","B",null,"M","?","?","M","M","E","M"],"character_chosen":"THE_SILENT","items_purchased":["Predator"],"campfire_rested":2,"item_purchase_floors":[2],"current_hp_per_floor":[70,70,70,70,70,70,70,40,40,40,37,19,40,27,48,19,70,64,64,50,39,35,21,0],"gold":342,"neow_bonus":"THREE_ENEMY_KILL","is_prod":false,"is_daily":false,"chose_seed":false,"campfire_upgraded":1,"win_rate":0,"timestamp":1546143510,"path_taken":["M","?","?","M","?","E","M","E","T","R","M","E","R","M","R","BOSS","M","?","?","?","M","E","M"],"build_version":"2018-12-20","purchased_purges":1,"victory":false,"max_hp_per_floor":[70,70,70,70,70,70,70,70,70,70,70,70,70,70,70,70,70,70,70,70,70,70,70,70],"card_choices":[{"not_picked":["Blade Dance","Accuracy"],"picked":"Underhanded Strike","floor":1},{"not_picked":["Dagger Spray","Backstab"],"picked":"Backflip","floor":4},{"not_picked":["Quick Slash","Endless Agony"],"picked":"Blur","floor":6},{"not_picked":["All Out Attack","Dagger Throw"],"picked":"Calculated Gamble","floor":7},{"not_picked":["Reflex","Burst"],"picked":"Leg Sweep","floor":8},{"not_picked":["Accuracy+1","Quick Slash"],"picked":"Cloak And Dagger","floor":11},{"not_picked":["Eviscerate","Endless Agony"],"picked":"Dagger Throw","floor":12},{"not_picked":["Eviscerate","Setup"],"picked":"Flechettes","floor":14},{"not_picked":["Grand Finale","Corpse Explosion"],"picked":"A Thousand Cuts+1","floor":16},{"not_picked":["Slice","Dagger Spray"],"picked":"Escape Plan","floor":18},{"not_picked":["Prepared","Bane"],"picked":"Deflect","floor":21},{"not_picked":["Concentrate","Terror"],"picked":"Calculated Gamble+1","floor":22},{"not_picked":["Wraith Form v2+1","Sucker Punch"],"picked":"Caltrops+1","floor":23}],"player_experience":271256,"relics_obtained":[{"floor":6,"key":"Vajra"},{"floor":8,"key":"Du-Vu Doll"},{"floor":9,"key":"Frozen Egg 2"},{"floor":12,"key":"Bag of Marbles"},{"floor":23,"key":"The Specimen"},{"floor":23,"key":"Ancient Tea Set"}],"event_choices":[{"damage_healed":0,"gold_gain":0,"player_choice":"Leave","damage_taken":0,"max_hp_gain":0,"max_hp_loss":0,"event_name":"The Cleric","floor":3,"gold_loss":0},{"damage_healed":0,"gold_gain":0,"cards_transformed":["Defend_G"],"player_choice":"Change","damage_taken":0,"max_hp_gain":0,"max_hp_loss":0,"event_name":"Living Wall","floor":5,"gold_loss":0,"cards_obtained":["Expertise"]},{"damage_healed":0,"gold_gain":0,"player_choice":"Read","damage_taken":0,"max_hp_gain":0,"max_hp_loss":0,"event_name":"The Library","floor":19,"gold_loss":0,"cards_obtained":["Cloak And Dagger"]},{"damage_healed":0,"gold_gain":0,"player_choice":"POTION ","damage_taken":14,"max_hp_gain":0,"max_hp_loss":0,"event_name":"Knowing Skull","floor":20,"potions_obtained":["EntropicBrew"],"gold_loss":0,"cards_obtained":[]}],"is_beta":false,"boss_relics":[{"not_picked":["Runic Dome","Eternal Feather"],"picked":"Black Star"}],"items_purged_floors":[2],"is_endless":false,"potions_floor_spawned":[6,7,16,21,22,23],"killed_by":"3 Cultists","ascension_level":2}