{"gold_per_floor":[118,88,106,120,45,79,79,110,110,43,43],"floor_reached":11,"playtime":382,"items_purged":["Strike_B"],"score":126,"play_id":"77f6a89a-0423-4d56-81c3-c2f068bba44c","local_time":"20190930224121","is_ascension_mode":true,"campfire_choices":[{"floor":7,"key":"REST"}],"neow_cost":"NONE","seed_source_timestamp":1139972142506000,"circlet_count":0,"master_deck":["AscendersBane","Strike_B","Strike_B","Strike_B","Defend_B","Defend_B","Defend_B","Defend_B","Zap","Dualcast","Cold Snap","Hologram","Conserve Battery","Scrape","Self Repair","Gash"],"relics":["Cracked Core","Blue Candle","Question Card","The Courier"],"potions_floor_usage":[6,6,8],"damage_taken":[{"damage":10,"enemies":"Small Slimes","floor":1,"turns":3},{"damage":1,"enemies":"Cultist","floor":3,"turns":3},{"damage":4,"enemies":"Jaw Worm","floor":4,"turns":3},{"damage":36,"enemies":"Gremlin Nob","floor":6,"turns":5},{"damage":45,"enemies":"Lagavulin","floor":8,"turns":11},{"damage":5,"enemies":"Gremlin Gang","floor":11,"turns":2}],"seed_played":"7087379776986192448","potions_obtained":[{"floor":2,"key":"LiquidBronze"},{"floor":2,"key":"EntropicBrew"}],"is_trial":false,"path_per_floor":["M","?","M","M","$","E","R","E","T","$","M"],"character_chosen":"DEFECT","items_purchased":["Self Repair","Gash"],"campfire_rested":1,"item_purchase_floors":[10,10],"current_hp_per_floor":[65,65,64,60,60,24,48,3,3,3,0],"gold":43,"neow_bonus":"TEN_PERCENT_HP_BONUS","is_prod":false,"is_daily":false,"chose_seed":false,"campfire_upgraded":0,"win_rate":0,"timestamp":1569897681,"path_taken":["M","?","M","?","$","E","R","E","T","$","M"],"build_version":"2019-07-17","purchased_purges":1,"victory":false,"max_hp_per_floor":[82,82,82,82,82,82,82,82,82,82,82],"card_choices":[{"not_picked":["Turbo","Redo","Stack"],"picked":"SKIP","floor":1},{"not_picked":["Storm","Sweeping Beam"],"picked":"Cold Snap","floor":3},{"not_picked":["Rebound","Streamline"],"picked":"Hologram","floor":4},{"not_picked":["Redo","Scrape"],"picked":"Conserve Battery","floor":6},{"not_picked":["Turbo","Rebound"],"picked":"Scrape","floor":8}],"player_experience":748109,"relics_obtained":[{"floor":6,"key":"Blue Candle"},{"floor":8,"key":"Question Card"},{"floor":9,"key":"The Courier"}],"event_choices":[{"damage_healed":0,"gold_gain":0,"player_choice":"Bought 2 Potions","damage_taken":0,"max_hp_gain":0,"max_hp_loss":0,"event_name":"The Woman in Blue","floor":2,"gold_loss":0}],"is_beta":false,"boss_relics":[],"items_purged_floors":[5],"is_endless":false,"potions_floor_spawned":[],"killed_by":"Gremlin Gang","ascension_level":11}