{"gold_per_floor":[359,377,377,377,396,105,105,430,476,487,487,507,507,538,538,634,634,653,653,673,139,171,171,204,218,218,247,247,261,292,305,305,410,410,428,22,0,0,0,33,48,48,73,105,141,141,172,205,205,205],"floor_reached":51,"playtime":3564,"items_purged":["Regret","Normality"],"score":1051,"play_id":"b8ca74e4-f62d-4fcf-b731-d30ae06cff2b","local_time":"20181227221654","is_ascension_mode":true,"campfire_choices":[{"data":"1","floor":11,"key":"LIFT"},{"floor":13,"key":"REST"},{"floor":15,"key":"REST"},{"data":"2","floor":23,"key":"LIFT"},{"data":"3","floor":28,"key":"LIFT"},{"floor":32,"key":"REST"},{"data":"Mayhem","floor":46,"key":"SMITH"},{"data":"Apotheosis","floor":49,"key":"SMITH"}],"neow_cost":"PERCENT_DAMAGE","seed_source_timestamp":621377543307930,"circlet_count":0,"master_deck":["Strike_R","Strike_R","Strike_R","Strike_R","Strike_R","Defend_R","Defend_R","Defend_R","Bash","Perfected Strike","Headbutt","Perfected Strike+1","Mayhem+1","True Grit","Twin Strike","Hemokinesis","Demon Form","Uppercut","Power Through","Twin Strike","HandOfGreed","Immolate","Ghostly Armor","Flex","Searing Blow+1","Impervious","Anger","Headbutt+1","Perfected Strike","Reaper","Perfected Strike","Apotheosis+1","Twin Strike+1","Pummel+1","Shame","Evolve+1","Reaper","Clothesline+1","Feed"],"relics":["Burning Blood","Bag of Preparation","Girya","Old Coin","Orichalcum","Cursed Key","Membership Card","Potion Belt","Pear","Mercury Hourglass","Red Skull","Du-Vu Doll","Philosopher\u0027s Stone","Vajra","Meat on the Bone","Red Mask","Calipers","Bronze Scales","Anchor","Self Forming Clay"],"potions_floor_usage":[8,10,12,22,22,24,27,33,33,33,47,50,50,50,50,50,50,50],"damage_taken":[{"damage":10,"enemies":"Cultist","floor":1,"turns":5},{"damage":6,"enemies":"2 Louse","floor":2,"turns":4},{"damage":5,"enemies":"Small Slimes","floor":5,"turns":3},{"damage":35,"enemies":"3 Sentries","floor":8,"turns":8},{"damage":9,"enemies":"Red Slaver","floor":10,"turns":3},{"damage":10,"enemies":"Gremlin Gang","floor":12,"turns":4},{"damage":16,"enemies":"Gremlin Nob","floor":14,"turns":3},{"damage":35,"enemies":"Hexaghost","floor":16,"turns":9},{"damage":5,"enemies":"Spheric Guardian","floor":18,"turns":3},{"damage":2,"enemies":"Chosen","floor":20,"turns":3},{"damage":26,"enemies":"Centurion and Healer","floor":22,"turns":3},{"damage":26,"enemies":"Gremlin Leader","floor":24,"turns":5},{"damage":17,"enemies":"Shelled Parasite and Fungi","floor":25,"turns":3},{"damage":31,"enemies":"Slavers","floor":27,"turns":4},{"damage":0,"enemies":"Sentry and Sphere","floor":29,"turns":3},{"damage":0,"enemies":"Gremlin Leader","floor":30,"turns":3},{"damage":0,"enemies":"Centurion and Healer","floor":31,"turns":3},{"damage":53,"enemies":"Automaton","floor":33,"turns":7},{"damage":11,"enemies":"3 Darklings","floor":35,"turns":3},{"damage":19,"enemies":"Giant Head","floor":40,"turns":6},{"damage":2,"enemies":"Orb Walker","floor":41,"turns":3},{"damage":0,"enemies":"Reptomancer","floor":44,"turns":3},{"damage":23,"enemies":"4 Shapes","floor":45,"turns":3},{"damage":35,"enemies":"Giant Head","floor":47,"turns":6},{"damage":0,"enemies":"Spire Growth","floor":48,"turns":3},{"damage":18,"enemies":"Time Eater","floor":50,"turns":6}],"seed_played":"-322873786555061679","potions_obtained":[{"floor":8,"key":"GamblersBrew"},{"floor":10,"key":"Fruit Juice"},{"floor":16,"key":"SteroidPotion"},{"floor":20,"key":"Dexterity Potion"},{"floor":24,"key":"EssenceOfSteel"},{"floor":25,"key":"SpeedPotion"},{"floor":30,"key":"Strength Potion"},{"floor":31,"key":"SpeedPotion"},{"floor":44,"key":"Strength Potion"},{"floor":45,"key":"SteroidPotion"},{"floor":47,"key":"EntropicBrew"}],"is_trial":false,"path_per_floor":["M","M","?","?","M","$","?","E","T","M","R","M","R","E","R","B",null,"M","?","M","$","M","R","E","M","T","E","R","M","E","M","R","B",null,"M","$","?","$","?","E","M","?","T","E","M","R","E","M","R","B",null],"character_chosen":"IRONCLAD","items_purchased":["Mayhem","Poison Potion","HandOfGreed","Membership Card","Immolate","AttackPotion","Potion Belt","Vajra","Meat on the Bone","Apotheosis","Dexterity Potion","Weak Potion","FearPotion"],"campfire_rested":3,"item_purchase_floors":[6,6,21,21,21,21,21,36,36,36,36,36,36],"current_hp_per_floor":[52,52,52,49,50,50,50,21,21,23,23,19,44,34,59,30,85,85,85,85,85,65,65,55,44,44,19,19,25,31,37,65,18,95,90,90,90,90,90,77,81,81,81,87,87,87,72,78,78,79],"gold":205,"neow_bonus":"TWO_FIFTY_GOLD","is_prod":false,"is_daily":false,"chose_seed":false,"campfire_upgraded":2,"win_rate":0,"timestamp":1545967014,"path_taken":["M","M","?","?","M","$","?","E","T","?","R","?","R","E","R","BOSS","M","?","M","$","M","R","E","M","T","E","R","?","E","M","R","BOSS","M","$","?","$","?","E","?","?","T","E","M","R","E","M","R","BOSS"],"build_version":"2018-12-20","purchased_purges":2,"victory":true,"max_hp_per_floor":[80,80,80,80,80,80,80,80,80,85,85,85,85,85,85,85,85,85,85,85,85,85,85,95,95,95,95,95,95,95,95,95,95,95,95,95,95,95,95,95,95,95,95,95,95,95,95,95,95,95],"card_choices":[{"not_picked":["Warcry","Clothesline"],"picked":"Perfected Strike","floor":1},{"not_picked":["Clash","Power Through"],"picked":"Headbutt","floor":2},{"not_picked":["Sword Boomerang","Flex"],"picked":"Perfected Strike","floor":5},{"not_picked":["Spot Weakness","Intimidate"],"picked":"True Grit","floor":8},{"not_picked":["Fire Breathing","Combust"],"picked":"Infernal Blade","floor":10},{"not_picked":["Thunderclap","Shrug It Off"],"picked":"Twin Strike","floor":12},{"not_picked":["Clothesline","Intimidate"],"picked":"Hemokinesis","floor":14},{"not_picked":["Reaper","Dark Embrace"],"picked":"Demon Form","floor":16},{"not_picked":["Reckless Charge","Sword Boomerang"],"picked":"Uppercut","floor":18},{"not_picked":["Havoc","Rupture+1"],"picked":"Twin Strike","floor":20},{"not_picked":["Cleave","Sword Boomerang"],"picked":"Ghostly Armor","floor":22},{"not_picked":["Shrug It Off","Clash"],"picked":"Flex","floor":24},{"not_picked":["Entrench+1","Clash"],"picked":"Searing Blow+1","floor":25},{"not_picked":["Wild Strike","Anger"],"picked":"Impervious","floor":27},{"not_picked":["Body Slam","Entrench"],"picked":"Anger","floor":29},{"not_picked":["True Grit","Shockwave"],"picked":"Headbutt+1","floor":30},{"not_picked":["Headbutt","Dropkick"],"picked":"Perfected Strike","floor":31},{"not_picked":["Dark Embrace","Bludgeon"],"picked":"Reaper","floor":33},{"not_picked":["Warcry","Body Slam+1"],"picked":"Perfected Strike","floor":35},{"not_picked":["Shrug It Off","Headbutt"],"picked":"Twin Strike+1","floor":40},{"not_picked":["Whirlwind+1","Shrug It Off"],"picked":"Pummel+1","floor":41},{"not_picked":["Pommel Strike+1","Iron Wave+1"],"picked":"Evolve+1","floor":44},{"not_picked":["True Grit","Flex+1"],"picked":"Reaper","floor":45},{"not_picked":["Reckless Charge","Second Wind"],"picked":"Clothesline+1","floor":47},{"not_picked":["Headbutt","Warcry"],"picked":"Feed","floor":48}],"player_experience":223087,"relics_obtained":[{"floor":8,"key":"Old Coin"},{"floor":14,"key":"Orichalcum"},{"floor":24,"key":"Pear"},{"floor":26,"key":"Mercury Hourglass"},{"floor":27,"key":"Red Skull"},{"floor":30,"key":"Du-Vu Doll"},{"floor":40,"key":"Calipers"},{"floor":43,"key":"Bronze Scales"},{"floor":44,"key":"Anchor"},{"floor":47,"key":"Self Forming Clay"}],"event_choices":[{"damage_healed":0,"gold_gain":0,"player_choice":"Box","damage_taken":0,"relics_obtained":["Bag of Preparation"],"max_hp_gain":0,"max_hp_loss":0,"event_name":"Big Fish","floor":3,"gold_loss":0,"cards_obtained":["Regret"]},{"damage_healed":0,"gold_gain":0,"player_choice":"Success","damage_taken":3,"relics_obtained":["Girya"],"max_hp_gain":0,"max_hp_loss":0,"event_name":"Scrap Ooze","floor":4,"gold_loss":0},{"damage_healed":0,"gold_gain":0,"player_choice":"Forge","damage_taken":0,"max_hp_gain":0,"max_hp_loss":0,"event_name":"Accursed Blacksmith","floor":7,"gold_loss":0,"cards_upgraded":["Perfected Strike"]},{"damage_healed":0,"gold_gain":0,"cards_transformed":["Defend_R"],"player_choice":"Transformed","damage_taken":0,"max_hp_gain":0,"max_hp_loss":0,"event_name":"Transmorgrifier","floor":19,"gold_loss":0,"cards_obtained":["Power Through"]},{"damage_healed":0,"gold_gain":0,"player_choice":"Paid","damage_taken":0,"relics_obtained":["Red Mask"],"max_hp_gain":0,"max_hp_loss":0,"event_name":"Tomb of Lord Red Mask","floor":37,"gold_loss":22},{"damage_healed":0,"gold_gain":0,"player_choice":"0 cards matched","damage_taken":0,"max_hp_gain":0,"max_hp_loss":0,"event_name":"Match and Keep!","floor":39,"gold_loss":0,"cards_obtained":[]},{"cards_removed":["Infernal Blade"],"damage_healed":0,"gold_gain":0,"player_choice":"Removed Skill","damage_taken":0,"max_hp_gain":0,"max_hp_loss":0,"event_name":"Falling","floor":42,"gold_loss":0}],"is_beta":false,"boss_relics":[{"not_picked":["Velvet Choker","White Beast Statue"],"picked":"Cursed Key"},{"not_picked":["Pandora\u0027s Box","Black Blood"],"picked":"Philosopher\u0027s Stone"}],"items_purged_floors":[6,36],"is_endless":false,"potions_floor_spawned":[8,10,16,20,24,25,30,31,44,45,47],"ascension_level":3}