{"gold_per_floor":[116,216,148,323,323,323,342,368,392,408,408,427,453,472,472,472],"floor_reached":16,"playtime":1053,"items_purged":[],"score":216,"play_id":"0ada4260-3254-4f8f-b5ba-dea3be617b03","local_time":"20191002200449","is_ascension_mode":true,"campfire_choices":[{"data":"Feel No Pain","floor":6,"key":"SMITH"},{"data":"Entrench","floor":11,"key":"SMITH"},{"data":"Clothesline","floor":15,"key":"SMITH"}],"neow_cost":"NONE","seed_source_timestamp":1302710394923400,"circlet_count":0,"master_deck":["AscendersBane","Strike_R","Strike_R","Strike_R","Strike_R","Defend_R","Defend_R","Defend_R","Defend_R","Bash","Clothesline+1","Feel No Pain+1","Doubt","Impervious","Entrench+1","Carnage","Shockwave"],"relics":["Burning Blood","NeowsBlessing","Anchor","Strawberry","Ancient Tea Set"],"potions_floor_usage":[13,16],"damage_taken":[{"damage":0,"enemies":"Small Slimes","floor":1,"turns":1},{"damage":0,"enemies":"Cultist","floor":7,"turns":1},{"damage":0,"enemies":"Lagavulin","floor":8,"turns":1},{"damage":0,"enemies":"2 Louse","floor":10,"turns":4},{"damage":8,"enemies":"Large Slime","floor":12,"turns":7},{"damage":10,"enemies":"3 Sentries","floor":13,"turns":14},{"damage":28,"enemies":"Gremlin Gang","floor":14,"turns":7},{"damage":61,"enemies":"Slime Boss","floor":16,"turns":14}],"seed_played":"8680471029374450953","potions_obtained":[{"floor":7,"key":"GamblersBrew"},{"floor":12,"key":"SpeedPotion"}],"is_trial":false,"path_per_floor":["M","?","$","?","?","R","M","E","T","M","R","M","E","M","R","B"],"character_chosen":"IRONCLAD","items_purchased":["Feel No Pain"],"campfire_rested":0,"item_purchase_floors":[3],"current_hp_per_floor":[78,78,78,78,78,78,80,80,87,87,87,85,81,59,59,0],"gold":472,"neow_bonus":"THREE_ENEMY_KILL","is_prod":false,"is_daily":false,"chose_seed":false,"campfire_upgraded":3,"win_rate":0,"timestamp":1570061089,"path_taken":["M","?","?","?","?","R","M","E","T","M","R","M","E","M","R","BOSS"],"build_version":"2019-07-17","purchased_purges":0,"victory":false,"max_hp_per_floor":[80,80,80,80,80,80,80,80,87,87,87,87,87,87,87,87],"card_choices":[{"not_picked":["Perfected Strike","Rampage"],"picked":"Clothesline","floor":1},{"not_picked":["Heavy Blade","Clash","Searing Blow"],"picked":"SKIP","floor":7},{"not_picked":["Metallicize","Sword Boomerang"],"picked":"Entrench","floor":8},{"not_picked":["Reckless Charge","Twin Strike"],"picked":"Carnage","floor":10},{"not_picked":["Heavy Blade","Thunderclap","Reckless Charge"],"picked":"SKIP","floor":12},{"not_picked":["Juggernaut","Anger"],"picked":"Shockwave","floor":13},{"not_picked":["Twin Strike","Headbutt","Heavy Blade"],"picked":"SKIP","floor":14}],"player_experience":775464,"relics_obtained":[{"floor":8,"key":"Anchor"},{"floor":9,"key":"Strawberry"},{"floor":13,"key":"Ancient Tea Set"}],"event_choices":[{"damage_healed":0,"gold_gain":100,"player_choice":"Gold","damage_taken":0,"max_hp_gain":0,"max_hp_loss":0,"event_name":"Wheel of Change","floor":2,"gold_loss":0},{"damage_healed":0,"gold_gain":175,"player_choice":"AGREE","damage_taken":0,"max_hp_gain":0,"max_hp_loss":0,"event_name":"Liars Game","floor":4,"gold_loss":0,"cards_obtained":["Doubt"]},{"damage_healed":0,"gold_gain":0,"cards_transformed":["Strike_R"],"player_choice":"Transformed","damage_taken":0,"max_hp_gain":0,"max_hp_loss":0,"event_name":"Transmorgrifier","floor":5,"gold_loss":0,"cards_obtained":["Impervious"]}],"is_beta":false,"boss_relics":[],"items_purged_floors":[],"is_endless":false,"potions_floor_spawned":[7,12],"killed_by":"Slime Boss","ascension_level":12}