{"gold_per_floor":[113,63,22,41,41,74,90,122,203,34,34,46,46,59,59,163,163,103,103,67,67,67,67,67,67,67,67,67,67,67,67,67,67],"floor_reached":33,"playtime":2788,"items_purged":[],"score":314,"play_id":"11b564c2-3301-4a65-995c-6a5f8d6fa8eb","local_time":"20181223135716","is_ascension_mode":true,"campfire_choices":[{"data":"Thinking Ahead","floor":11,"key":"SMITH"},{"floor":13,"key":"REST"},{"floor":15,"key":"REST"},{"data":"Noxious Fumes","floor":23,"key":"SMITH"},{"floor":27,"key":"REST"},{"floor":32,"key":"REST"}],"neow_cost":"NONE","seed_source_timestamp":246584695688329,"circlet_count":0,"master_deck":["Defend_G","Defend_G","Defend_G","Defend_G","Strike_G","Strike_G","Strike_G","Strike_G","Strike_G","Survivor","Neutralize","Outmaneuver","Infinite Blades","Bouncing Flask","Regret","Caltrops","Noxious Fumes+1","Poisoned Stab","Thinking Ahead+1","PiercingWail","Acrobatics","Wraith Form v2+1","Prepared","Writhe","Accuracy+1","Acrobatics","Catalyst","Prepared+1","RitualDagger","Die Die Die","Backflip"],"relics":["Ring of the Snake","Du-Vu Doll","Boot","Gremlin Horn","Frozen Egg 2","Ectoplasm","Pocketwatch","Mango","Mercury Hourglass"],"potions_floor_usage":[8,24,24,31],"damage_taken":[{"damage":0,"enemies":"Cultist","floor":1,"turns":4},{"damage":5,"enemies":"Jaw Worm","floor":4,"turns":4},{"damage":36,"enemies":"3 Sentries","floor":6,"turns":9},{"damage":5,"enemies":"Small Slimes","floor":7,"turns":4},{"damage":11,"enemies":"Lagavulin","floor":8,"turns":5},{"damage":3,"enemies":"Looter","floor":12,"turns":4},{"damage":8,"enemies":"2 Fungi Beasts","floor":14,"turns":3},{"damage":8,"enemies":"Hexaghost","floor":16,"turns":9},{"damage":27,"enemies":"2 Thieves","floor":18,"turns":4},{"damage":7,"enemies":"Shell Parasite","floor":21,"turns":5},{"damage":6,"enemies":"Snake Plant","floor":22,"turns":4},{"damage":30,"enemies":"Slavers","floor":24,"turns":5},{"damage":0,"enemies":"3 Cultists","floor":29,"turns":5},{"damage":7,"enemies":"Centurion and Healer","floor":31,"turns":5},{"damage":55,"enemies":"Automaton","floor":33,"turns":6}],"seed_played":"7165572031417764383","potions_obtained":[{"floor":7,"key":"PowerPotion"},{"floor":12,"key":"Weak Potion"},{"floor":16,"key":"Strength Potion"},{"floor":21,"key":"Fire Potion"},{"floor":22,"key":"Swift Potion"}],"is_trial":false,"path_per_floor":["M","?","$","M","?","E","M","E","T","$","R","M","R","M","R","B",null,"M","?","$","M","M","R","E","?","T","R","?","M","?","M","R","B"],"character_chosen":"THE_SILENT","items_purchased":["Infinite Blades","Thinking Ahead","Accuracy+1"],"campfire_rested":4,"item_purchase_floors":[3,10,20],"current_hp_per_floor":[77,77,77,72,72,36,31,20,20,20,20,17,40,32,55,47,77,50,50,50,43,37,37,21,15,15,42,42,42,24,17,45,0],"gold":67,"neow_bonus":"TEN_PERCENT_HP_BONUS","is_prod":false,"is_daily":false,"chose_seed":false,"campfire_upgraded":2,"win_rate":0,"timestamp":1545591436,"path_taken":["M","?","?","?","?","E","M","E","T","$","R","M","R","M","R","BOSS","M","?","$","M","M","R","E","?","T","R","?","M","?","M","R","BOSS"],"build_version":"2018-12-20","purchased_purges":0,"victory":false,"max_hp_per_floor":[77,77,77,77,77,77,77,77,77,77,77,77,77,77,77,77,77,77,77,77,77,77,77,91,91,91,91,91,91,96,96,96,96],"card_choices":[{"not_picked":["Blade Dance","Escape Plan"],"picked":"Outmaneuver","floor":1},{"not_picked":["Outmaneuver","Underhanded Strike"],"picked":"Bouncing Flask","floor":4},{"not_picked":["Quick Slash","Expertise"],"picked":"Caltrops","floor":6},{"not_picked":["Bouncing Flask","Blur"],"picked":"Noxious Fumes","floor":7},{"not_picked":["Envenom","Quick Slash"],"picked":"Poisoned Stab","floor":8},{"not_picked":["Endless Agony","Eviscerate"],"picked":"PiercingWail","floor":12},{"not_picked":["Outmaneuver","PiercingWail"],"picked":"Acrobatics","floor":14},{"not_picked":["Die Die Die","Venomology"],"picked":"Wraith Form v2+1","floor":16},{"not_picked":["Reflex","Sucker Punch"],"picked":"Prepared","floor":18},{"not_picked":["Sucker Punch","PiercingWail+1"],"picked":"Acrobatics","floor":21},{"not_picked":["Acrobatics","Dagger Throw"],"picked":"Catalyst","floor":22},{"not_picked":["Cloak And Dagger+1","Dodge and Roll+1"],"picked":"Prepared+1","floor":24},{"not_picked":["Footwork+1","Distraction"],"picked":"Die Die Die","floor":29},{"not_picked":["Blade Dance","Acrobatics"],"picked":"Backflip","floor":31}],"player_experience":78703,"relics_obtained":[{"floor":6,"key":"Boot"},{"floor":8,"key":"Gremlin Horn"},{"floor":9,"key":"Frozen Egg 2"},{"floor":24,"key":"Mango"},{"floor":26,"key":"Mercury Hourglass"}],"event_choices":[{"cards_removed":["Defend_G"],"damage_healed":0,"gold_gain":0,"player_choice":"Card Removal","damage_taken":0,"max_hp_gain":0,"max_hp_loss":0,"event_name":"The Cleric","floor":2,"gold_loss":50},{"damage_healed":0,"gold_gain":0,"player_choice":"Box","damage_taken":0,"relics_obtained":["Du-Vu Doll"],"max_hp_gain":0,"max_hp_loss":0,"event_name":"Big Fish","floor":5,"gold_loss":0,"cards_obtained":["Regret"]},{"damage_healed":0,"gold_gain":0,"player_choice":"Opened","damage_taken":0,"relics_obtained":["Pocketwatch"],"max_hp_gain":0,"max_hp_loss":0,"event_name":"The Mausoleum","floor":19,"gold_loss":0,"cards_obtained":["Writhe"]},{"damage_healed":0,"gold_gain":0,"player_choice":"Joined the Cult","damage_taken":6,"max_hp_gain":0,"max_hp_loss":0,"event_name":"Nest","floor":25,"gold_loss":0,"cards_obtained":["RitualDagger"]},{"damage_healed":0,"gold_gain":0,"player_choice":"Ignored","damage_taken":0,"max_hp_gain":0,"max_hp_loss":0,"event_name":"Beggar","floor":28,"gold_loss":0},{"damage_healed":0,"gold_gain":0,"player_choice":"Shed Blood","damage_taken":23,"max_hp_gain":5,"max_hp_loss":0,"event_name":"Forgotten Altar","floor":30,"gold_loss":0}],"is_beta":false,"boss_relics":[{"not_picked":["Runic Pyramid","Tiny House"],"picked":"Ectoplasm"}],"items_purged_floors":[],"is_endless":false,"potions_floor_spawned":[7,12,16,21,22],"killed_by":"Automaton","ascension_level":1}