{"gold_per_floor":[110,110,110,124,124,153,153,166,166,14,14,43,43,59,59,158,158,170,188,150,249,263,291,291,324,324,340,340,371,271,196,196,300,300,310,324,324,342,342,342,3,53,53,0,0,26,44,44,44,44],"floor_reached":51,"playtime":2717,"items_purged":["Strike_B","Strike_B"],"score":1049,"play_id":"4d5de2c4-a6ba-4890-bac0-f738ef062bce","local_time":"20190602104542","is_ascension_mode":true,"campfire_choices":[{"floor":7,"key":"REST"},{"data":"Zap","floor":11,"key":"SMITH"},{"data":"Sweeping Beam","floor":13,"key":"SMITH"},{"data":"Reinforced Body","floor":15,"key":"SMITH"},{"floor":28,"key":"REST"},{"data":"Capacitor","floor":32,"key":"SMITH"},{"floor":40,"key":"REST"},{"floor":45,"key":"REST"},{"floor":49,"key":"REST"}],"neow_cost":"NONE","seed_source_timestamp":522459123832,"circlet_count":0,"master_deck":["Strike_B+1","Defend_B+1","Defend_B+1","Defend_B+1","Zap+1","Dualcast+1","Compile Driver+1","Sweeping Beam+1","Cold Snap+1","Capacitor+1","Cold Snap+1","Cold Snap+1","Reinforced Body+1","Electrodynamics+1","Cold Snap+1","Consume+1","Conserve Battery+1","Undo+1","Ball Lightning+1","Tempest+1","Static Discharge+1","Capacitor+1","Coolheaded+1","Echo Form+1","Leap+1","Hologram+1","Loop+1","Glacier+1","Consume+1"],"relics":["Cracked Core","Omamori","Regal Pillow","Orichalcum","Mercury Hourglass","Prayer Wheel","Velvet Choker","Boot","Matryoshka","PreservedInsect","Unceasing Top","Fusion Hammer","Thread and Needle","Turnip","Centennial Puzzle","Meat on the Bone","Red Mask","Pear","Mark of the Bloom"],"potions_floor_usage":[23,50,50,50],"damage_taken":[{"damage":4,"enemies":"Small Slimes","floor":1,"turns":3},{"damage":2,"enemies":"Jaw Worm","floor":4,"turns":4},{"damage":32,"enemies":"Gremlin Nob","floor":6,"turns":4},{"damage":0,"enemies":"2 Louse","floor":8,"turns":2},{"damage":12,"enemies":"3 Sentries","floor":12,"turns":6},{"damage":6,"enemies":"Exordium Wildlife","floor":14,"turns":2},{"damage":10,"enemies":"Hexaghost","floor":16,"turns":12},{"damage":0,"enemies":"Spheric Guardian","floor":18,"turns":3},{"damage":0,"enemies":"3 Byrds","floor":19,"turns":2},{"damage":0,"enemies":"Sentry and Sphere","floor":22,"turns":5},{"damage":23,"enemies":"Slavers","floor":23,"turns":2},{"damage":17,"enemies":"Book of Stabbing","floor":25,"turns":8},{"damage":1,"enemies":"Centurion and Healer","floor":27,"turns":4},{"damage":26,"enemies":"Slavers","floor":29,"turns":4},{"damage":18,"enemies":"Automaton","floor":33,"turns":7},{"damage":31,"enemies":"3 Darklings","floor":35,"turns":4},{"damage":0,"enemies":"3 Shapes","floor":36,"turns":4},{"damage":6,"enemies":"3 Darklings","floor":38,"turns":3},{"damage":39,"enemies":"2 Orb Walkers","floor":42,"turns":4},{"damage":9,"enemies":"Giant Head","floor":46,"turns":9},{"damage":0,"enemies":"4 Shapes","floor":47,"turns":2},{"damage":3,"enemies":"Awakened One","floor":50,"turns":15}],"seed_played":"1105702275285765825","potions_obtained":[{"floor":4,"key":"Dexterity Potion"},{"floor":8,"key":"Strength Potion"},{"floor":12,"key":"FearPotion"},{"floor":16,"key":"Explosive Potion"},{"floor":19,"key":"Regen Potion"},{"floor":23,"key":"Explosive Potion"},{"floor":29,"key":"Block Potion"}],"is_trial":false,"path_per_floor":["M","?","T","M","?","E","R","M","T","$","R","E","R","M","R","B",null,"M","M","$","?","M","E","?","E","T","M","R","E","$","?","R","B",null,"M","M","?","M","$","R","$","?","T","?","R","E","M","?","R","B",null],"character_chosen":"DEFECT","items_purchased":["Capacitor","Undo","Glacier","Thread and Needle"],"campfire_rested":5,"item_purchase_floors":[10,20,41,41],"current_hp_per_floor":[64,49,49,47,40,8,45,45,45,45,45,33,33,27,27,17,61,61,61,61,61,61,43,43,26,26,25,62,36,36,36,36,18,61,30,30,30,24,24,60,60,21,21,21,57,58,58,58,58,55],"gold":44,"neow_bonus":"REMOVE_CARD","is_prod":false,"is_daily":false,"chose_seed":false,"campfire_upgraded":4,"win_rate":0,"timestamp":1559465142,"path_taken":["M","?","?","M","?","E","R","M","T","$","R","E","R","M","R","BOSS","M","M","$","?","M","E","?","E","T","M","R","E","$","?","R","BOSS","M","M","?","M","$","R","$","?","T","?","R","E","?","?","R","BOSS"],"build_version":"2019-01-23","purchased_purges":2,"victory":true,"max_hp_per_floor":[75,75,75,75,75,75,75,75,75,75,75,75,75,75,75,75,75,75,75,75,75,75,75,75,75,75,75,75,75,75,75,75,75,75,75,75,71,71,71,71,71,71,71,71,71,81,81,81,81,81],"card_choices":[{"not_picked":["Coolheaded","Turbo"],"picked":"Compile Driver","floor":1},{"not_picked":["Go for the Eyes","Ball Lightning"],"picked":"Sweeping Beam","floor":4},{"not_picked":["Force Field","Conserve Battery"],"picked":"Cold Snap","floor":6},{"not_picked":["Rip and Tear","Rebound","Lockon"],"picked":"SKIP","floor":8},{"not_picked":["Turbo","Hologram"],"picked":"Cold Snap","floor":12},{"not_picked":["Conserve Battery","Double Energy"],"picked":"Cold Snap","floor":14},{"not_picked":["Chaos","Tempest"],"picked":"Reinforced Body","floor":14},{"not_picked":["Machine Learning","Creative AI"],"picked":"Electrodynamics","floor":16},{"not_picked":["Go for the Eyes","Auto Shields"],"picked":"Cold Snap","floor":18},{"not_picked":["Beam Cell","Redo"],"picked":"Consume+1","floor":18},{"not_picked":["Streamline+1","Genetic Algorithm"],"picked":"Conserve Battery+1","floor":19},{"not_picked":["Stack+1","Gash","Thunder Strike"],"picked":"SKIP","floor":19},{"not_picked":["Chill","Beam Cell"],"picked":"Ball Lightning","floor":22},{"not_picked":["Double Energy","Doom and Gloom"],"picked":"Tempest+1","floor":22},{"not_picked":["Stack","Reprogram"],"picked":"Static Discharge+1","floor":23},{"not_picked":["Chill","Genetic Algorithm+1","Go for the Eyes"],"picked":"SKIP","floor":25},{"not_picked":["Doom and Gloom","Go for the Eyes+1"],"picked":"Coolheaded","floor":27},{"not_picked":["Recycle+1","Compile Driver","Double Energy"],"picked":"SKIP","floor":27},{"not_picked":["Coolheaded+1","Barrage","Static Discharge"],"picked":"SKIP","floor":29},{"not_picked":["Amplify","Fission"],"picked":"Echo Form","floor":33},{"not_picked":["Force Field","Compile Driver"],"picked":"Leap+1","floor":35},{"not_picked":["Hello World+1","Storm","Ball Lightning"],"picked":"SKIP","floor":35},{"not_picked":["Hello World","Ball Lightning+1","Turbo+1"],"picked":"SKIP","floor":36},{"not_picked":["Gash","Stack+1","Compile Driver"],"picked":"SKIP","floor":36},{"not_picked":["Redo+1","Coolheaded+1"],"picked":"Hologram+1","floor":38},{"not_picked":["BootSequence+1","Coolheaded"],"picked":"Loop","floor":38},{"not_picked":["Ball Lightning","Rip and Tear+1","Sweeping Beam"],"picked":"SKIP","floor":46},{"not_picked":["Streamline","Force Field+1"],"picked":"Consume","floor":47},{"not_picked":["Compile Driver","Gash","Go for the Eyes"],"picked":"SKIP","floor":47}],"player_experience":277166,"relics_obtained":[{"floor":3,"key":"Omamori"},{"floor":6,"key":"Orichalcum"},{"floor":9,"key":"Mercury Hourglass"},{"floor":12,"key":"Prayer Wheel"},{"floor":23,"key":"Boot"},{"floor":25,"key":"Matryoshka"},{"floor":26,"key":"PreservedInsect"},{"floor":29,"key":"Unceasing Top"},{"floor":42,"key":"Turnip"},{"floor":43,"key":"Centennial Puzzle"},{"floor":43,"key":"Meat on the Bone"},{"floor":46,"key":"Pear"}],"event_choices":[{"damage_healed":0,"gold_gain":0,"player_choice":"Entered Light","damage_taken":15,"max_hp_gain":0,"max_hp_loss":0,"event_name":"Shining Light","floor":2,"gold_loss":0,"cards_upgraded":["Dualcast","Strike_B"]},{"damage_healed":0,"gold_gain":0,"player_choice":"Success","damage_taken":7,"relics_obtained":["Regal Pillow"],"max_hp_gain":0,"max_hp_loss":0,"event_name":"Scrap Ooze","floor":5,"gold_loss":0},{"damage_healed":0,"gold_gain":99,"player_choice":"Stole From Cult","damage_taken":0,"max_hp_gain":0,"max_hp_loss":0,"event_name":"Nest","floor":21,"gold_loss":0},{"damage_healed":0,"gold_gain":0,"player_choice":"Read","damage_taken":0,"max_hp_gain":0,"max_hp_loss":0,"event_name":"The Library","floor":24,"gold_loss":0,"cards_obtained":["Capacitor"]},{"cards_removed":["Defend_B"],"damage_healed":0,"gold_gain":0,"player_choice":"Gave Gold","damage_taken":0,"max_hp_gain":0,"max_hp_loss":0,"event_name":"Beggar","floor":31,"gold_loss":75},{"damage_healed":0,"gold_gain":0,"player_choice":"Max HP","damage_taken":0,"max_hp_gain":0,"max_hp_loss":4,"event_name":"Winding Halls","floor":37,"gold_loss":0},{"damage_healed":0,"gold_gain":0,"player_choice":"Fight","damage_taken":0,"max_hp_gain":0,"max_hp_loss":0,"event_name":"Mysterious Sphere","floor":42,"gold_loss":0},{"damage_healed":0,"gold_gain":0,"player_choice":"Paid","damage_taken":0,"relics_obtained":["Red Mask"],"max_hp_gain":0,"max_hp_loss":0,"event_name":"Tomb of Lord Red Mask","floor":44,"gold_loss":53},{"damage_healed":0,"gold_gain":0,"player_choice":"Upgrade","damage_taken":0,"relics_obtained":["Mark of the Bloom"],"max_hp_gain":0,"max_hp_loss":0,"event_name":"MindBloom","floor":48,"gold_loss":0,"cards_upgraded":["Defend_B","Defend_B","Defend_B","Compile Driver","Cold Snap","Capacitor","Cold Snap","Cold Snap","Electrodynamics","Cold Snap","Undo","Ball Lightning","Coolheaded","Echo Form","Loop","Glacier","Consume"]}],"is_beta":false,"boss_relics":[{"not_picked":["Black Star","Lizard Tail"],"picked":"Velvet Choker"},{"not_picked":["Coffee Dripper","Astrolabe"],"picked":"Fusion Hammer"}],"items_purged_floors":[10,30],"is_endless":false,"potions_floor_spawned":[4,8,12,16,19,23,25,29,35,38,47],"ascension_level":9}