{"gold_per_floor":[112,129,146,157,177,177,207,207,234,246,269,281,368,410,422,538,550,573,165,175,175,75,75],"floor_reached":23,"playtime":1247,"items_purged":["Feel No Pain","Decay"],"score":302,"play_id":"beb18c38-cf79-48a8-87e0-d113b1cf2e81","local_time":"20190930061109","is_ascension_mode":true,"campfire_choices":[{"data":"Armaments","floor":6,"key":"SMITH"},{"data":"Bash","floor":12,"key":"SMITH"},{"floor":15,"key":"REST"}],"neow_cost":"NONE","seed_source_timestamp":68712129866204,"circlet_count":0,"master_deck":["AscendersBane","Strike_R","Strike_R","Strike_R","Strike_R","Defend_R","Defend_R","Defend_R","Defend_R","Bash+1","Armaments+1","Battle Trance","Shrug It Off","Wild Strike","Demon Form","Double Tap","Reaper","Flash of Steel","Flame Barrier+1"],"relics":["Burning Blood","Dodecahedron","MawBank","PreservedInsect","Black Star"],"potions_floor_usage":[7,16,18,20,20],"damage_taken":[{"damage":12,"enemies":"Small Slimes","floor":1,"turns":4},{"damage":1,"enemies":"2 Louse","floor":2,"turns":6},{"damage":0,"enemies":"Jaw Worm","floor":3,"turns":5},{"damage":4,"enemies":"Looter","floor":4,"turns":5},{"damage":10,"enemies":"Exordium Thugs","floor":5,"turns":5},{"damage":40,"enemies":"Gremlin Nob","floor":7,"turns":5},{"damage":0,"enemies":"2 Fungi Beasts","floor":11,"turns":4},{"damage":27,"enemies":"3 Sentries","floor":14,"turns":14},{"damage":23,"enemies":"The Guardian","floor":16,"turns":11},{"damage":48,"enemies":"3 Byrds","floor":18,"turns":8},{"damage":20,"enemies":"Chosen","floor":20,"turns":6},{"damage":73,"enemies":"Gremlin Leader","floor":23,"turns":5}],"seed_played":"6560115713822925173","potions_obtained":[{"floor":2,"key":"Weak Potion"},{"floor":5,"key":"Fire Potion"},{"floor":7,"key":"Energy Potion"}],"is_trial":false,"path_per_floor":["M","M","M","M","M","R","E","?","T","?","M","R","?","E","R","B",null,"M","$","M","?","$","E"],"character_chosen":"IRONCLAD","items_purchased":["Reaper","SkillPotion","Fire Potion","Flash of Steel"],"campfire_rested":1,"item_purchase_floors":[19,19,19,19],"current_hp_per_floor":[74,79,85,87,83,83,49,49,49,49,55,55,44,23,49,32,74,32,32,39,39,39,0],"gold":75,"neow_bonus":"TEN_PERCENT_HP_BONUS","is_prod":false,"is_daily":false,"chose_seed":false,"campfire_upgraded":2,"win_rate":0,"timestamp":1569816669,"path_taken":["M","M","M","M","M","R","E","?","T","?","M","R","?","E","R","BOSS","M","$","M","?","$","E"],"build_version":"2019-07-17","purchased_purges":2,"victory":false,"max_hp_per_floor":[88,88,88,88,88,88,88,88,88,88,88,88,88,88,88,88,88,88,88,88,88,88,88],"card_choices":[{"not_picked":["True Grit","Corruption"],"picked":"Armaments","floor":1},{"not_picked":["Seeing Red","Warcry"],"picked":"Battle Trance","floor":2},{"not_picked":["Inflame","Sword Boomerang"],"picked":"Shrug It Off","floor":3},{"not_picked":["Iron Wave","Metallicize"],"picked":"Feel No Pain","floor":4},{"not_picked":["Perfected Strike","Clash","Flex"],"picked":"SKIP","floor":5},{"not_picked":["Heavy Blade","Iron Wave"],"picked":"Wild Strike","floor":7},{"not_picked":["Thunderclap","Pummel","Clothesline"],"picked":"SKIP","floor":11},{"not_picked":["Reckless Charge","Whirlwind"],"picked":"Demon Form","floor":14},{"not_picked":["Demon Form","Impervious"],"picked":"Double Tap","floor":16},{"not_picked":["Clash","Clothesline","Havoc"],"picked":"SKIP","floor":18},{"not_picked":["Headbutt","Uppercut+1"],"picked":"Flame Barrier+1","floor":20}],"player_experience":314994,"relics_obtained":[{"floor":7,"key":"Dodecahedron"},{"floor":9,"key":"MawBank"},{"floor":14,"key":"PreservedInsect"}],"event_choices":[{"cards_removed":["Strike_R"],"damage_healed":0,"gold_gain":0,"player_choice":"Forget","damage_taken":0,"max_hp_gain":0,"max_hp_loss":0,"event_name":"Living Wall","floor":8,"gold_loss":0},{"damage_healed":0,"gold_gain":0,"player_choice":"Ignored","damage_taken":0,"max_hp_gain":0,"max_hp_loss":0,"event_name":"Golden Idol","floor":10,"gold_loss":0},{"damage_healed":0,"gold_gain":75,"player_choice":"Gather Gold","damage_taken":11,"max_hp_gain":0,"max_hp_loss":0,"event_name":"World of Goop","floor":13,"gold_loss":0},{"damage_healed":0,"gold_gain":0,"player_choice":"Smashed Altar","damage_taken":0,"max_hp_gain":0,"max_hp_loss":0,"event_name":"Forgotten Altar","floor":21,"gold_loss":0,"cards_obtained":["Decay"]}],"is_beta":false,"boss_relics":[{"not_picked":["Runic Cube","Lizard Tail"],"picked":"Black Star"}],"items_purged_floors":[19,22],"is_endless":false,"potions_floor_spawned":[2,5,7],"killed_by":"Gremlin Leader","ascension_level":10}