{"gold_per_floor":[118,137,149,99,99,99,23,23,23,48,82,103,103,121,121,240,240,265,288,288,213,228,228,262,286,286,286,324,175,175,175,175,175],"floor_reached":33,"playtime":1760,"items_purged":["Defend_B"],"score":371,"play_id":"163f1d7d-21f9-442d-ac69-47c606a71ee5","local_time":"20190922134553","is_ascension_mode":true,"campfire_choices":[{"data":"Zap","floor":6,"key":"SMITH"},{"data":"Dualcast","floor":8,"key":"SMITH"},{"data":"Conserve Battery","floor":13,"key":"SMITH"},{"data":"Leap","floor":15,"key":"SMITH"},{"data":"Storm","floor":23,"key":"SMITH"},{"data":"Fusion","floor":27,"key":"SMITH"},{"data":"Turbo","floor":30,"key":"SMITH"},{"data":"Steam Power","floor":32,"key":"SMITH"}],"neow_cost":"NONE","seed_source_timestamp":264417733307500,"circlet_count":0,"master_deck":["Strike_B","Strike_B","Strike_B","Zap+1","Dualcast+1","Heatsinks","Auto Shields","Turbo+1","Storm+1","Conserve Battery+1","Static Discharge","Leap+1","Static Discharge","Biased Cognition","Leap","Fusion+1","Steam Power+1","Hyperbeam","Loop+1","Hello World","Hello World","Undo+1","Hello World"],"relics":["Cracked Core","Anchor","Bloody Idol","Pear","Blood Vial","Eternal Feather","Omamori","Unceasing Top","Ancient Tea Set"],"potions_floor_usage":[11,16,22,33,33,33,33],"damage_taken":[{"damage":0,"enemies":"Jaw Worm","floor":1,"turns":3},{"damage":0,"enemies":"2 Louse","floor":2,"turns":2},{"damage":0,"enemies":"Small Slimes","floor":3,"turns":3},{"damage":22,"enemies":"Exordium Thugs","floor":10,"turns":4},{"damage":17,"enemies":"3 Sentries","floor":11,"turns":7},{"damage":0,"enemies":"3 Louse","floor":12,"turns":3},{"damage":2,"enemies":"Looter","floor":14,"turns":3},{"damage":3,"enemies":"The Guardian","floor":16,"turns":7},{"damage":14,"enemies":"2 Thieves","floor":18,"turns":4},{"damage":9,"enemies":"Shell Parasite","floor":19,"turns":4},{"damage":5,"enemies":"Snake Plant","floor":22,"turns":3},{"damage":15,"enemies":"Book of Stabbing","floor":24,"turns":3},{"damage":10,"enemies":"Centurion and Healer","floor":25,"turns":4},{"damage":37,"enemies":"Gremlin Leader","floor":28,"turns":4},{"damage":53,"enemies":"Collector","floor":33,"turns":6}],"seed_played":"-5097842037046847054","potions_obtained":[{"floor":1,"key":"Swift Potion"},{"floor":3,"key":"Energy Potion"},{"floor":12,"key":"PowerPotion"},{"floor":16,"key":"FocusPotion"},{"floor":19,"key":"Ancient Potion"},{"floor":25,"key":"GamblersBrew"},{"floor":28,"key":"EntropicBrew"}],"is_trial":false,"path_per_floor":["M","M","M","?","?","R","$","R","T","M","E","M","R","M","R","B",null,"M","M","?","?","M","R","E","M","T","R","E","$","R","?","R","B"],"character_chosen":"DEFECT","items_purchased":["Storm","Hello World"],"campfire_rested":0,"item_purchase_floors":[7,29],"current_hp_per_floor":[68,68,68,68,50,50,50,50,60,38,21,23,23,23,23,22,69,57,50,50,50,47,59,46,38,38,50,15,15,27,27,39,0],"gold":175,"neow_bonus":"RANDOM_COMMON_RELIC","is_prod":false,"is_daily":false,"chose_seed":false,"campfire_upgraded":8,"win_rate":0,"timestamp":1569156353,"path_taken":["M","M","M","?","?","R","?","R","T","M","E","M","R","M","R","BOSS","M","M","?","?","?","R","E","M","T","R","E","$","R","?","R","BOSS"],"build_version":"2019-07-17","purchased_purges":1,"victory":false,"max_hp_per_floor":[75,75,75,75,75,75,75,75,85,85,85,85,85,85,85,85,85,85,85,85,85,85,85,85,85,85,85,85,85,85,85,85,85],"card_choices":[{"not_picked":["Recycle","Beam Cell"],"picked":"Heatsinks","floor":1},{"not_picked":["Gash","Stack"],"picked":"Auto Shields","floor":2},{"not_picked":["Stack","Reprogram"],"picked":"Turbo","floor":3},{"not_picked":["Ball Lightning","Gash"],"picked":"Conserve Battery","floor":10},{"not_picked":["FTL","Biased Cognition"],"picked":"Static Discharge","floor":11},{"not_picked":["Coolheaded","Recycle"],"picked":"Leap","floor":12},{"not_picked":["Consume","Double Energy"],"picked":"Static Discharge","floor":14},{"not_picked":["Reboot","Seek"],"picked":"Biased Cognition","floor":16},{"not_picked":["Steam","Gash+1"],"picked":"Leap","floor":18},{"not_picked":["Blizzard","Hologram"],"picked":"Fusion","floor":19},{"not_picked":["Leap","Melter+1"],"picked":"Loop+1","floor":22},{"not_picked":["Hologram","Rainbow"],"picked":"Hello World","floor":24},{"not_picked":["Rip and Tear+1","Go for the Eyes"],"picked":"Hello World","floor":25},{"not_picked":["Rebound","BootSequence"],"picked":"Undo+1","floor":28}],"player_experience":378369,"relics_obtained":[{"floor":9,"key":"Pear"},{"floor":11,"key":"Blood Vial"},{"floor":24,"key":"Omamori"},{"floor":26,"key":"Unceasing Top"},{"floor":28,"key":"Ancient Tea Set"}],"event_choices":[{"cards_removed":["Defend_B"],"damage_healed":0,"gold_gain":0,"player_choice":"Card Removal","damage_taken":0,"max_hp_gain":0,"max_hp_loss":0,"event_name":"The Cleric","floor":4,"gold_loss":50},{"damage_healed":0,"gold_gain":0,"player_choice":"Take Damage","damage_taken":18,"relics_obtained":["Golden Idol"],"max_hp_gain":0,"max_hp_loss":0,"event_name":"Golden Idol","floor":5,"gold_loss":0},{"damage_healed":0,"gold_gain":0,"cards_transformed":["Defend_B","Defend_B"],"player_choice":"Became Test Subject","damage_taken":0,"max_hp_gain":0,"max_hp_loss":0,"event_name":"Drug Dealer","floor":20,"gold_loss":0,"cards_obtained":["Steam Power","Hyperbeam"]},{"cards_removed":["Strike_B"],"damage_healed":0,"gold_gain":0,"player_choice":"Gave Gold","damage_taken":0,"max_hp_gain":0,"max_hp_loss":0,"event_name":"Beggar","floor":21,"gold_loss":75},{"damage_healed":0,"gold_gain":0,"player_choice":"Gave Idol","damage_taken":0,"relics_obtained":["Bloody Idol"],"max_hp_gain":0,"max_hp_loss":0,"event_name":"Forgotten Altar","floor":31,"relics_lost":["Golden Idol"],"gold_loss":0}],"is_beta":false,"boss_relics":[{"not_picked":["Fusion Hammer","Sozu"],"picked":"Eternal Feather"}],"items_purged_floors":[29],"is_endless":false,"potions_floor_spawned":[1,3,12,16,19,25,28],"killed_by":"Collector","ascension_level":6}