{"gold_per_floor":[118,43,55,71,146,174,174,187,187,187],"floor_reached":10,"playtime":632,"items_purged":["Strike_B"],"score":68,"play_id":"37de9159-2b28-4f0a-badc-9fc7af550396","local_time":"20181126151157","is_ascension_mode":false,"campfire_choices":[],"neow_cost":"NONE","seed_source_timestamp":418131431382416,"circlet_count":0,"master_deck":["Strike_B","Strike_B","Strike_B","Defend_B+1","Defend_B","Defend_B","Defend_B","Zap","Dualcast","Loop","Chaos","Chaos","BootSequence+1","Capacitor"],"relics":["Cracked Core","Bag of Marbles","Orichalcum"],"potions_floor_usage":[6,8],"damage_taken":[{"damage":0,"enemies":"Cultist","floor":1,"turns":3},{"damage":0,"enemies":"2 Louse","floor":3,"turns":3},{"damage":8,"enemies":"Small Slimes","floor":4,"turns":3},{"damage":9,"enemies":"Lagavulin","floor":6,"turns":6},{"damage":2,"enemies":"Blue Slaver","floor":8,"turns":3},{"damage":38,"enemies":"3 Sentries","floor":10,"turns":7}],"seed_played":"-1728568237004224504","potions_obtained":[{"floor":1,"key":"FocusPotion"},{"floor":3,"key":"Energy Potion"},{"floor":4,"key":"Fire Potion"}],"is_trial":false,"path_per_floor":["M","$","M","M","?","E","?","M","T","E"],"character_chosen":"DEFECT","items_purchased":[],"campfire_rested":0,"item_purchase_floors":[],"current_hp_per_floor":[82,82,82,74,63,54,38,36,36,0],"gold":187,"neow_bonus":"TEN_PERCENT_HP_BONUS","is_prod":false,"is_daily":false,"chose_seed":false,"campfire_upgraded":0,"win_rate":0,"timestamp":1543245117,"path_taken":["M","?","M","M","?","E","?","M","T","E"],"build_version":"2018-11-15","purchased_purges":1,"victory":false,"max_hp_per_floor":[82,82,82,82,82,82,82,82,82,82],"card_choices":[{"not_picked":["Defragment","Hologram"],"picked":"Loop","floor":1},{"not_picked":["Steam","Static Discharge"],"picked":"Chaos","floor":3},{"not_picked":["Tempest","Auto Shields"],"picked":"Chaos","floor":4},{"not_picked":["Double Energy","Gash"],"picked":"BootSequence","floor":6},{"not_picked":["Compile Driver","Glacier"],"picked":"Capacitor","floor":8}],"player_experience":142984,"relics_obtained":[{"floor":6,"key":"Bag of Marbles"},{"floor":9,"key":"Orichalcum"}],"event_choices":[{"damage_healed":0,"gold_gain":75,"player_choice":"Gather Gold","damage_taken":11,"max_hp_gain":0,"max_hp_loss":0,"event_name":"World of Goop","floor":5,"gold_loss":0},{"damage_healed":0,"gold_gain":0,"player_choice":"Entered Light","damage_taken":16,"max_hp_gain":0,"max_hp_loss":0,"event_name":"Shining Light","floor":7,"gold_loss":0,"cards_upgraded":["Defend_B","BootSequence"]}],"is_beta":true,"boss_relics":[],"items_purged_floors":[2],"is_endless":false,"potions_floor_spawned":[1,3,4],"killed_by":"3 Sentries","ascension_level":0}