{"gold_per_floor":[118,134,153,228,241,276,295,215,215,226,241,241],"floor_reached":12,"playtime":766,"items_purged":[],"score":97,"play_id":"740df413-9125-46cc-8b91-9556ce42f85d","local_time":"20181228145017","is_ascension_mode":true,"campfire_choices":[],"neow_cost":"NONE","seed_source_timestamp":683803179296353,"circlet_count":0,"master_deck":["Strike_B","Strike_B","Strike_B","Strike_B","Defend_B","Defend_B","Defend_B","Defend_B","Zap","Dualcast","Defragment","Storm","Loop","Tempest","Rip and Tear","Defragment","Redo","Echo Form"],"relics":["Cracked Core","NeowsBlessing","Centennial Puzzle","Pocketwatch"],"potions_floor_usage":[5,7],"damage_taken":[{"damage":0,"enemies":"Small Slimes","floor":1,"turns":1},{"damage":0,"enemies":"Cultist","floor":2,"turns":1},{"damage":0,"enemies":"2 Louse","floor":3,"turns":2},{"damage":8,"enemies":"Exordium Wildlife","floor":5,"turns":3},{"damage":30,"enemies":"Gremlin Nob","floor":6,"turns":4},{"damage":23,"enemies":"Exordium Thugs","floor":7,"turns":5},{"damage":8,"enemies":"Red Slaver","floor":10,"turns":3},{"damage":9,"enemies":"Blue Slaver","floor":11,"turns":4},{"damage":15,"enemies":"Lagavulin","floor":12,"turns":3}],"seed_played":"-155134515112469820","potions_obtained":[{"floor":1,"key":"Regen Potion"},{"floor":3,"key":"Regen Potion"}],"is_trial":false,"path_per_floor":["M","M","M","?","M","E","M","?","T","M","M","E"],"character_chosen":"DEFECT","items_purchased":[],"campfire_rested":0,"item_purchase_floors":[],"current_hp_per_floor":[75,75,75,64,65,35,26,26,26,18,9,0],"gold":241,"neow_bonus":"THREE_ENEMY_KILL","is_prod":false,"is_daily":false,"chose_seed":false,"campfire_upgraded":0,"win_rate":0,"timestamp":1546026617,"path_taken":["M","M","M","?","M","E","M","?","T","?","M","E"],"build_version":"2018-12-20","purchased_purges":0,"victory":false,"max_hp_per_floor":[75,75,75,75,75,75,75,75,75,75,75,75],"card_choices":[{"not_picked":["Force Field","Conserve Battery"],"picked":"Defragment","floor":1},{"not_picked":["Gash","Rebound"],"picked":"Storm","floor":2},{"not_picked":["Gash","Stack"],"picked":"Loop","floor":3},{"not_picked":["Skim","Leap"],"picked":"Tempest","floor":5},{"not_picked":["Rebound","Chill"],"picked":"Rip and Tear","floor":6},{"not_picked":["Cold Snap","Hologram"],"picked":"Defragment","floor":7},{"not_picked":["Core Surge","Ball Lightning"],"picked":"Redo","floor":10},{"not_picked":["Beam Cell","Steam"],"picked":"Echo Form","floor":11}],"player_experience":243276,"relics_obtained":[{"floor":6,"key":"Centennial Puzzle"}],"event_choices":[{"damage_healed":0,"gold_gain":75,"player_choice":"Gather Gold","damage_taken":11,"max_hp_gain":0,"max_hp_loss":0,"event_name":"World of Goop","floor":4,"gold_loss":0},{"damage_healed":0,"gold_gain":0,"player_choice":"Paid Gold","damage_taken":0,"relics_obtained":["Pocketwatch"],"max_hp_gain":0,"max_hp_loss":0,"event_name":"WeMeetAgain","floor":8,"gold_loss":80}],"is_beta":false,"boss_relics":[],"items_purged_floors":[],"is_endless":false,"potions_floor_spawned":[1,3],"killed_by":"Lagavulin","ascension_level":3}