{"gold_per_floor":[115,130,8,26,36,36,66,82,128,128,153,164,177,177,177,280,280,297,311,311,311,322,322,322],"floor_reached":24,"playtime":1891,"items_purged":[],"score":242,"play_id":"2bb53880-0476-4f95-85de-7e0b5a8fa11b","local_time":"20181225133947","is_ascension_mode":true,"campfire_choices":[{"data":"Double Energy","floor":6,"key":"SMITH"},{"data":"White Noise","floor":15,"key":"SMITH"},{"data":"Redo","floor":23,"key":"SMITH"}],"neow_cost":"NONE","seed_source_timestamp":419237168055937,"circlet_count":0,"master_deck":["Zap","Dualcast","Ball Lightning","Static Discharge","Double Energy+1","Tempest","White Noise+1","All For One","Steam","Creative AI","Steam","Conserve Battery","Echo Form","Go for the Eyes","Undo","Skim","Reboot","Hyperbeam","Creative AI","Loop","Turbo","Stack","RitualDagger","Redo+1"],"relics":["Cracked Core","NeowsBlessing","Happy Flower","Ornamental Fan","Cables","Pandora\u0027s Box"],"potions_floor_usage":[7,8,11,12,13],"damage_taken":[{"damage":0,"enemies":"Cultist","floor":1,"turns":1},{"damage":0,"enemies":"Jaw Worm","floor":2,"turns":1},{"damage":0,"enemies":"Small Slimes","floor":4,"turns":1},{"damage":8,"enemies":"2 Fungi Beasts","floor":5,"turns":3},{"damage":20,"enemies":"3 Sentries","floor":7,"turns":3},{"damage":13,"enemies":"Large Slime","floor":8,"turns":4},{"damage":25,"enemies":"Lagavulin","floor":11,"turns":4},{"damage":0,"enemies":"3 Louse","floor":12,"turns":3},{"damage":0,"enemies":"Red Slaver","floor":13,"turns":2},{"damage":12,"enemies":"Hexaghost","floor":16,"turns":9},{"damage":15,"enemies":"Spheric Guardian","floor":18,"turns":4},{"damage":0,"enemies":"Chosen","floor":19,"turns":3},{"damage":2,"enemies":"3 Cultists","floor":22,"turns":5},{"damage":58,"enemies":"Gremlin Leader","floor":24,"turns":2}],"seed_played":"4282682522002268757","potions_obtained":[{"floor":1,"key":"Swift Potion"},{"floor":5,"key":"GamblersBrew"},{"floor":8,"key":"Poison Potion"},{"floor":12,"key":"Block Potion"},{"floor":13,"key":"Explosive Potion"},{"floor":16,"key":"Strength Potion"},{"floor":19,"key":"FearPotion"}],"is_trial":false,"path_per_floor":["M","M","$","M","M","R","E","M","T","T","E","M","M","?","R","B",null,"M","M","?","?","M","R","E"],"character_chosen":"DEFECT","items_purchased":["Double Energy","Explosive Potion"],"campfire_rested":0,"item_purchase_floors":[3,3],"current_hp_per_floor":[75,75,75,75,67,67,47,34,34,34,9,9,9,34,34,22,75,60,60,54,54,52,52,0],"gold":322,"neow_bonus":"THREE_ENEMY_KILL","is_prod":false,"is_daily":false,"chose_seed":false,"campfire_upgraded":3,"win_rate":0,"timestamp":1545763187,"path_taken":["M","M","$","M","M","R","E","M","T","?","E","M","M","?","R","BOSS","M","M","?","?","M","R","E"],"build_version":"2018-12-20","purchased_purges":0,"victory":false,"max_hp_per_floor":[75,75,75,75,75,75,75,75,75,75,75,75,75,75,75,75,75,75,75,75,75,75,75,75],"card_choices":[{"not_picked":["Recycle","Rebound"],"picked":"Ball Lightning","floor":1},{"not_picked":["Gash","Go for the Eyes"],"picked":"Static Discharge","floor":2},{"not_picked":["Steam Power","Coolheaded"],"picked":"Tempest","floor":4},{"not_picked":["Static Discharge","Conserve Battery"],"picked":"White Noise","floor":5},{"not_picked":["Stack","Steam"],"picked":"All For One","floor":7},{"not_picked":["Turbo","Consume"],"picked":"Steam","floor":8},{"not_picked":["Leap","Rip and Tear"],"picked":"Creative AI","floor":11},{"not_picked":["Darkness","Ball Lightning"],"picked":"Steam","floor":12},{"not_picked":["Darkness","Chaos"],"picked":"Conserve Battery","floor":13},{"not_picked":["Rainbow","All For One"],"picked":"Echo Form","floor":16},{"not_picked":["Skim+1","Ball Lightning"],"picked":"Turbo","floor":18},{"not_picked":["Blizzard","Hologram"],"picked":"Stack","floor":19},{"not_picked":["BootSequence","Defragment"],"picked":"Redo","floor":22}],"player_experience":133514,"relics_obtained":[{"floor":7,"key":"Happy Flower"},{"floor":10,"key":"Ornamental Fan"},{"floor":11,"key":"Cables"}],"event_choices":[{"damage_healed":25,"gold_gain":0,"player_choice":"Banana","damage_taken":0,"max_hp_gain":0,"max_hp_loss":0,"event_name":"Big Fish","floor":14,"gold_loss":0},{"damage_healed":0,"gold_gain":0,"player_choice":"Joined the Cult","damage_taken":6,"max_hp_gain":0,"max_hp_loss":0,"event_name":"Nest","floor":20,"gold_loss":0,"cards_obtained":["RitualDagger"]},{"cards_removed":["Creative AI"],"damage_healed":0,"gold_gain":0,"player_choice":"Elegance","damage_taken":0,"max_hp_gain":0,"max_hp_loss":0,"event_name":"Back to Basics","floor":21,"gold_loss":0}],"is_beta":false,"boss_relics":[{"not_picked":["Tiny House","Empty Cage"],"picked":"Pandora\u0027s Box"}],"items_purged_floors":[],"is_endless":false,"potions_floor_spawned":[1,5,8,12,13,16,19],"killed_by":"Gremlin Leader","ascension_level":3}