{"gold_per_floor":[16,26,38,38,56,85,97,97,147,147],"floor_reached":10,"playtime":507,"items_purged":[],"score":109,"play_id":"ae872b3f-0947-4527-a836-ee90d59ff502","local_time":"20190925204915","is_ascension_mode":true,"campfire_choices":[],"neow_cost":"NO_GOLD","seed_source_timestamp":701115751113300,"circlet_count":0,"master_deck":["AscendersBane","Strike_B","Strike_B","Strike_B","Defend_B","Defend_B","Defend_B","Zap","Dualcast","Beam Cell","Beam Cell","Sweeping Beam","Go for the Eyes","Defragment","Cold Snap"],"relics":["Cracked Core","Centennial Puzzle","PreservedInsect"],"potions_floor_usage":[5,6],"damage_taken":[{"damage":1,"enemies":"Cultist","floor":1,"turns":3},{"damage":2,"enemies":"Jaw Worm","floor":2,"turns":2},{"damage":0,"enemies":"Small Slimes","floor":3,"turns":2},{"damage":25,"enemies":"Exordium Thugs","floor":5,"turns":3},{"damage":25,"enemies":"Lagavulin","floor":6,"turns":5},{"damage":10,"enemies":"Gremlin Gang","floor":7,"turns":4},{"damage":5,"enemies":"Lots of Slimes","floor":10,"turns":1}],"seed_played":"8844297191949095535","potions_obtained":[{"floor":2,"key":"SteroidPotion"},{"floor":3,"key":"Block Potion"},{"floor":6,"key":"SpeedPotion"},{"floor":7,"key":"Ancient Potion"}],"is_trial":false,"path_per_floor":["M","M","M","$","M","E","M","?","T","M"],"character_chosen":"DEFECT","items_purchased":[],"campfire_rested":0,"item_purchase_floors":[],"current_hp_per_floor":[67,65,65,65,40,15,5,5,5,0],"gold":147,"neow_bonus":"REMOVE_TWO","is_prod":false,"is_daily":false,"chose_seed":false,"campfire_upgraded":0,"win_rate":0,"timestamp":1569458955,"path_taken":["M","M","M","$","M","E","M","?","T","M"],"build_version":"2019-07-17","purchased_purges":0,"victory":false,"max_hp_per_floor":[75,75,75,75,75,75,75,75,75,75],"card_choices":[{"not_picked":["Stack","Barrage"],"picked":"Beam Cell","floor":1},{"not_picked":["Compile Driver","Barrage"],"picked":"Beam Cell","floor":2},{"not_picked":["Rip and Tear","Redo"],"picked":"Sweeping Beam","floor":3},{"not_picked":["Doom and Gloom","Lockon"],"picked":"Go for the Eyes","floor":5},{"not_picked":["Fusion","BootSequence"],"picked":"Defragment","floor":6},{"not_picked":["Beam Cell","Redo"],"picked":"Cold Snap","floor":7}],"player_experience":725733,"relics_obtained":[{"floor":6,"key":"Centennial Puzzle"},{"floor":9,"key":"PreservedInsect"}],"event_choices":[{"damage_healed":0,"gold_gain":0,"player_choice":"Searched \u00270\u0027 times","damage_taken":0,"max_hp_gain":0,"max_hp_loss":0,"event_name":"Dead Adventurer","floor":8,"gold_loss":0}],"is_beta":false,"boss_relics":[],"items_purged_floors":[],"is_endless":false,"potions_floor_spawned":[2,3,6,7],"killed_by":"Lots of Slimes","ascension_level":11}