{"gold_per_floor":[112,112,131,144,144,171,171,196,196,221,238,238,272,333,333,333],"floor_reached":16,"playtime":631,"items_purged":[],"score":186,"play_id":"a8575bca-e882-46a0-a747-f7f49666ac41","local_time":"20190910164815","is_ascension_mode":true,"campfire_choices":[{"floor":7,"key":"REST"},{"floor":12,"key":"REST"},{"floor":15,"key":"REST"}],"neow_cost":"NONE","seed_source_timestamp":344331289174900,"circlet_count":0,"master_deck":["Strike_R","Strike_R","Strike_R","Strike_R","Strike_R","Defend_R+1","Defend_R","Defend_R","Defend_R","Bash+1","Finesse","Wild Strike","Thunderclap","Headbutt","Bludgeon","Battle Trance","Bloodletting+1","Wild Strike","Demon Form"],"relics":["Burning Blood","Singing Bowl","Kunai","Charon\u0027s Ashes","Self Forming Clay","War Paint","Bag of Marbles","Blue Candle"],"potions_floor_usage":[6,10,11,14,16],"damage_taken":[{"damage":2,"enemies":"2 Louse","floor":1,"turns":3},{"damage":12,"enemies":"Small Slimes","floor":3,"turns":3},{"damage":6,"enemies":"Cultist","floor":4,"turns":3},{"damage":40,"enemies":"Lagavulin","floor":6,"turns":6},{"damage":32,"enemies":"Gremlin Nob","floor":8,"turns":4},{"damage":20,"enemies":"3 Sentries","floor":10,"turns":5},{"damage":3,"enemies":"Exordium Wildlife","floor":11,"turns":3},{"damage":16,"enemies":"Gremlin Nob","floor":13,"turns":3},{"damage":20,"enemies":"Lagavulin Event","floor":14,"turns":3},{"damage":51,"enemies":"The Guardian","floor":16,"turns":7}],"seed_played":"-2242256231965427117","potions_obtained":[{"floor":1,"key":"Explosive Potion"},{"floor":3,"key":"FairyPotion"},{"floor":8,"key":"Energy Potion"},{"floor":10,"key":"Explosive Potion"},{"floor":13,"key":"PowerPotion"},{"floor":14,"key":"SpeedPotion"}],"is_trial":false,"path_per_floor":["M","?","M","M","?","E","R","E","T","E","M","R","E","?","R","B"],"character_chosen":"IRONCLAD","items_purchased":[],"campfire_rested":3,"item_purchase_floors":[],"current_hp_per_floor":[76,76,70,70,58,24,48,22,22,8,13,37,27,13,37,0],"gold":333,"neow_bonus":"RANDOM_COLORLESS","is_prod":false,"is_daily":false,"chose_seed":false,"campfire_upgraded":0,"win_rate":0,"timestamp":1568148495,"path_taken":["M","?","M","M","?","E","R","E","T","E","M","R","E","?","R","BOSS"],"build_version":"2019-07-17","purchased_purges":0,"victory":false,"max_hp_per_floor":[80,80,80,80,80,80,80,80,80,80,82,82,82,82,82,82],"card_choices":[{"not_picked":["Hemokinesis","Feel No Pain"],"picked":"Wild Strike","floor":1},{"not_picked":["Blood for Blood","Warcry"],"picked":"Thunderclap","floor":3},{"not_picked":["Reckless Charge","True Grit"],"picked":"Headbutt","floor":4},{"not_picked":["Pommel Strike","Uppercut"],"picked":"Bludgeon","floor":6},{"not_picked":["Entrench","Spot Weakness"],"picked":"Battle Trance","floor":8},{"not_picked":["Dropkick","Wild Strike"],"picked":"Bloodletting","floor":10},{"not_picked":["Hemokinesis","Clash","Corruption"],"picked":"Singing Bowl","floor":11},{"not_picked":["Perfected Strike","Bloodletting"],"picked":"Wild Strike","floor":13},{"not_picked":["Wild Strike","Clash"],"picked":"Demon Form","floor":14}],"player_experience":545774,"relics_obtained":[{"floor":6,"key":"Kunai"},{"floor":8,"key":"Charon\u0027s Ashes"},{"floor":9,"key":"Self Forming Clay"},{"floor":10,"key":"War Paint"},{"floor":13,"key":"Bag of Marbles"},{"floor":14,"key":"Blue Candle"}],"event_choices":[{"damage_healed":0,"gold_gain":0,"player_choice":"Grow","damage_taken":0,"max_hp_gain":0,"max_hp_loss":0,"event_name":"Living Wall","floor":2,"gold_loss":0,"cards_upgraded":["Bash"]},{"damage_healed":0,"gold_gain":0,"player_choice":"Success","damage_taken":12,"relics_obtained":["Singing Bowl"],"max_hp_gain":0,"max_hp_loss":0,"event_name":"Scrap Ooze","floor":5,"gold_loss":0},{"damage_healed":0,"gold_gain":0,"player_choice":"Searched \u00271\u0027 times","damage_taken":0,"max_hp_gain":0,"max_hp_loss":0,"event_name":"Dead Adventurer","floor":14,"gold_loss":0}],"is_beta":false,"boss_relics":[],"items_purged_floors":[],"is_endless":false,"potions_floor_spawned":[1,3,8,10,13,14],"killed_by":"The Guardian","ascension_level":9}