{"gold_per_floor":[212,212,232,232,246,246,274,286,286,286,296,330,342,354,354,354],"floor_reached":16,"playtime":1239,"items_purged":[],"score":160,"play_id":"357311c6-6f1b-4d51-ba6e-aa5203bb3e2a","local_time":"20191001040006","is_ascension_mode":true,"campfire_choices":[{"data":"Quick Slash","floor":6.0,"key":"SMITH"},{"data":"A Thousand Cuts","floor":10.0,"key":"SMITH"},{"data":"Dodge and Roll","floor":15,"key":"SMITH"}],"neow_cost":"NONE","seed_source_timestamp":0,"circlet_count":0,"master_deck":["Strike_G","Strike_G","Strike_G","Strike_G","Strike_G","Defend_G","Defend_G","Defend_G","Defend_G","Defend_G","Survivor","Neutralize","Quick Slash+1","Dagger Throw","PiercingWail","A Thousand Cuts+1","Dagger Throw","Skewer","Dodge and Roll+1"],"special_seed":0,"relics":["Ring of the Snake","Omamori","Bronze Scales","Mercury Hourglass"],"potions_floor_usage":[12],"damage_taken":[{"damage":0.0,"enemies":"Cultist","floor":1.0,"turns":4.0},{"damage":1.0,"enemies":"Small Slimes","floor":3.0,"turns":4.0},{"damage":0.0,"enemies":"Jaw Worm","floor":5.0,"turns":4.0},{"damage":17.0,"enemies":"3 Sentries","floor":7.0,"turns":7.0},{"damage":11.0,"enemies":"Large Slime","floor":8.0,"turns":7.0},{"damage":8,"enemies":"3 Louse","floor":11,"turns":3},{"damage":14,"enemies":"Lagavulin","floor":12,"turns":8},{"damage":2,"enemies":"Looter","floor":13,"turns":3},{"damage":0,"enemies":"Exordium Wildlife","floor":14,"turns":2},{"damage":14,"enemies":"The Guardian","floor":16,"turns":9}],"seed_played":"-4855404845308718662","potions_obtained":[{"floor":3.0,"key":"Explosive Potion"},{"floor":5.0,"key":"PowerPotion"},{"floor":8.0,"key":"GhostInAJar"}],"is_trial":false,"path_per_floor":["M","?","M","?","M","R","E","M","T","R","M","E","M","M","R","B"],"character_chosen":"THE_SILENT","items_purchased":[],"campfire_rested":0,"item_purchase_floors":[],"current_hp_per_floor":[63,63,62,67,67,67,50,39,39,39,31,17,15,15,15,1],"gold":354,"neow_bonus":"HUNDRED_GOLD","is_prod":false,"is_daily":false,"chose_seed":false,"campfire_upgraded":3,"win_rate":0,"timestamp":1569916806,"path_taken":["M","?","M","?","M","R","E","M","T","R","M","E","M","M","R","BOSS"],"build_version":"2019-07-17","purchased_purges":0,"victory":false,"max_hp_per_floor":[70,70,70,75,75,75,75,75,75,75,75,75,75,75,75,75],"card_choices":[{"not_picked":["Poisoned Stab","Tactician"],"picked":"Quick Slash","floor":1.0},{"not_picked":["Underhanded Strike","Cloak And Dagger"],"picked":"Dagger Throw","floor":3.0},{"not_picked":["Bane","Dagger Spray"],"picked":"PiercingWail","floor":5.0},{"not_picked":["Expertise","Outmaneuver"],"picked":"A Thousand Cuts","floor":7.0},{"not_picked":["Flying Knee","Slice"],"picked":"Dagger Throw","floor":8.0},{"not_picked":["PiercingWail","Bane"],"picked":"Skewer","floor":11},{"not_picked":["Slice","Deflect"],"picked":"Dodge and Roll","floor":12},{"not_picked":["Outmaneuver","Prepared","Quick Slash"],"picked":"SKIP","floor":13},{"not_picked":["Predator","Masterful Stab","Eviscerate"],"picked":"SKIP","floor":14}],"player_experience":583644,"relics_obtained":[{"floor":7.0,"key":"Omamori"},{"floor":9.0,"key":"Bronze Scales"},{"floor":12,"key":"Mercury Hourglass"}],"event_choices":[{"damage_healed":0.0,"max_hp_gain":0.0,"max_hp_loss":0.0,"gold_gain":0.0,"event_name":"Liars Game","player_choice":"Ignored","floor":2.0,"gold_loss":0.0,"damage_taken":0.0},{"damage_healed":0.0,"max_hp_gain":5.0,"max_hp_loss":0.0,"gold_gain":0.0,"event_name":"Big Fish","player_choice":"Donut","floor":4.0,"gold_loss":0.0,"damage_taken":0.0}],"is_beta":false,"boss_relics":[],"items_purged_floors":[],"is_endless":false,"potions_floor_spawned":[3,5,8],"killed_by":"The Guardian","ascension_level":8}