{"gold_per_floor":[15,15,30,30,47,77,95,95,95,129,129,144,144,158,158,255,255,267,37,48,148,148,148,74,74,74,84,84,115,132,32,32,134,134,150,150],"floor_reached":36,"playtime":3125,"items_purged":["Strike_B","Strike_B"],"score":480,"play_id":"c3c40da1-8a26-47bb-9640-3d210324c939","local_time":"20190419121909","is_ascension_mode":true,"campfire_choices":[{"data":"Zap","floor":11,"key":"SMITH"},{"data":"Recycle","floor":13,"key":"SMITH"},{"data":"Conserve Battery","floor":15,"key":"SMITH"},{"data":"Self Repair","floor":23,"key":"SMITH"},{"data":"Storm","floor":25,"key":"SMITH"},{"data":"Conserve Battery","floor":28,"key":"SMITH"},{"data":"Creative AI","floor":32,"key":"SMITH"}],"neow_cost":"NO_GOLD","seed_source_timestamp":700418741784925,"circlet_count":0,"master_deck":["Defend_B","Zap+1","Undo","Glacier","Conserve Battery+1","Conserve Battery+1","Recycle+1","Genetic Algorithm+1","Creative AI+1","Fusion+1","Self Repair+1","Force Field+1","Storm+1","Echo Form"],"relics":["Cracked Core","FossilizedHelix","Dodecahedron","Toxic Egg 2","Coffee Dripper","Art of War","Pantograph","Pocketwatch","Pear","Potion Belt","White Beast Statue"],"potions_floor_usage":[6,10,16,21,21,33,36],"damage_taken":[{"damage":1,"enemies":"Jaw Worm","floor":1,"turns":5},{"damage":0,"enemies":"Cultist","floor":3,"turns":3},{"damage":0,"enemies":"Small Slimes","floor":5,"turns":3},{"damage":29,"enemies":"Gremlin Nob","floor":6,"turns":5},{"damage":0,"enemies":"Looter","floor":7,"turns":4},{"damage":10,"enemies":"Lagavulin","floor":10,"turns":9},{"damage":0,"enemies":"Red Slaver","floor":12,"turns":4},{"damage":0,"enemies":"2 Fungi Beasts","floor":14,"turns":4},{"damage":39,"enemies":"Hexaghost","floor":16,"turns":15},{"damage":4,"enemies":"3 Byrds","floor":18,"turns":7},{"damage":0,"enemies":"Chosen","floor":20,"turns":6},{"damage":0,"enemies":"Colosseum Slavers","floor":21,"turns":8},{"damage":26,"enemies":"Colosseum Nobs","floor":21,"turns":5},{"damage":0,"enemies":"Sentry and Sphere","floor":27,"turns":7},{"damage":0,"enemies":"Gremlin Leader","floor":29,"turns":6},{"damage":0,"enemies":"Shelled Parasite and Fungi","floor":30,"turns":8},{"damage":3,"enemies":"Collector","floor":33,"turns":10},{"damage":0,"enemies":"3 Shapes","floor":35,"turns":4},{"damage":99,"enemies":"Orin","floor":36,"turns":8}],"seed_played":"-4333939406715603301","potions_obtained":[{"floor":1,"key":"AttackPotion"},{"floor":6,"key":"LiquidBronze"},{"floor":10,"key":"Regen Potion"},{"floor":12,"key":"LiquidBronze"},{"floor":16,"key":"PowerPotion"},{"floor":18,"key":"SmokeBomb"},{"floor":20,"key":"FocusPotion"},{"floor":27,"key":"AttackPotion"},{"floor":33,"key":"SpeedPotion"},{"floor":35,"key":"Regen Potion"}],"is_trial":false,"path_per_floor":["M","?","M","?","M","E","M","?","T","E","R","M","R","M","R","B",null,"M","$","M","?","?","R","$","R","T","M","R","E","M","$","R","B",null,"M","?"],"character_chosen":"DEFECT","items_purchased":["Art of War","Storm"],"campfire_rested":0,"item_purchase_floors":[19,24],"current_hp_per_floor":[74,74,74,67,67,38,38,38,38,28,28,28,28,28,28,3,75,71,71,71,56,56,56,56,56,66,76,76,85,85,85,85,85,85,85,0],"gold":150,"neow_bonus":"REMOVE_TWO","is_prod":false,"is_daily":false,"chose_seed":false,"campfire_upgraded":7,"win_rate":0,"timestamp":1555672749,"path_taken":["M","?","?","?","M","E","M","?","T","E","R","M","R","M","R","BOSS","M","$","M","?","?","R","$","R","T","?","R","E","M","$","R","BOSS","M","?"],"build_version":"2019-01-23","purchased_purges":2,"victory":false,"max_hp_per_floor":[75,75,75,75,75,75,75,75,75,75,75,75,75,75,75,75,75,75,75,75,75,75,75,75,75,85,85,85,85,85,85,85,85,85,85,85],"card_choices":[{"not_picked":["Cold Snap","Capacitor"],"picked":"Undo","floor":1},{"not_picked":["Cold Snap","Compile Driver"],"picked":"Glacier","floor":3},{"not_picked":["Coolheaded","Turbo"],"picked":"Conserve Battery","floor":5},{"not_picked":["Lockon","Sweeping Beam"],"picked":"Conserve Battery","floor":6},{"not_picked":["Leap","Reinforced Body"],"picked":"Recycle","floor":7},{"not_picked":["Blizzard","Conserve Battery"],"picked":"Genetic Algorithm","floor":10},{"not_picked":["Coolheaded+1","Aggregate+1","Hologram+1"],"picked":"SKIP","floor":12},{"not_picked":["Ball Lightning","Leap+1","Skim+1"],"picked":"SKIP","floor":14},{"not_picked":["Reboot+1","Amplify+1"],"picked":"Creative AI","floor":16},{"not_picked":["Steam+1","Rebound"],"picked":"Fusion+1","floor":18},{"not_picked":["Compile Driver","Beam Cell"],"picked":"Self Repair","floor":20},{"not_picked":["Stack+1","Barrage"],"picked":"Force Field+1","floor":21},{"not_picked":["Chill+1","Go for the Eyes","Steam+1"],"picked":"SKIP","floor":27},{"not_picked":["Gash","Coolheaded+1","Steam+1"],"picked":"SKIP","floor":29},{"not_picked":["Reinforced Body+1","Self Repair","Fusion+1"],"picked":"SKIP","floor":30},{"not_picked":["Thunder Strike","Core Surge"],"picked":"Echo Form","floor":33},{"not_picked":["Streamline+1","Sweeping Beam+1","Gash"],"picked":"SKIP","floor":35}],"player_experience":175621,"relics_obtained":[{"floor":6,"key":"FossilizedHelix"},{"floor":9,"key":"Dodecahedron"},{"floor":10,"key":"Toxic Egg 2"},{"floor":21,"key":"Pantograph"},{"floor":21,"key":"Pocketwatch"},{"floor":26,"key":"Pear"},{"floor":29,"key":"Potion Belt"}],"event_choices":[{"cards_removed":["Defend_B"],"damage_healed":0,"gold_gain":0,"player_choice":"Offered Basic","damage_taken":0,"max_hp_gain":0,"max_hp_loss":0,"event_name":"Bonfire Elementals","floor":2,"gold_loss":0},{"cards_removed":["Dualcast"],"damage_healed":0,"gold_gain":0,"player_choice":"Card Removal","damage_taken":7,"max_hp_gain":0,"max_hp_loss":0,"event_name":"Golden Wing","floor":4,"gold_loss":0},{"cards_removed":["Defend_B"],"damage_healed":0,"gold_gain":0,"player_choice":"Forget","damage_taken":0,"max_hp_gain":0,"max_hp_loss":0,"event_name":"Living Wall","floor":8,"gold_loss":0},{"damage_healed":0,"gold_gain":0,"player_choice":"Fight","damage_taken":0,"max_hp_gain":0,"max_hp_loss":0,"event_name":"Colosseum","floor":21,"gold_loss":0},{"damage_healed":0,"gold_gain":0,"player_choice":"Fought Nobs","damage_taken":0,"max_hp_gain":0,"max_hp_loss":0,"event_name":"Colosseum","floor":21,"gold_loss":0},{"cards_removed":["Strike_B"],"damage_healed":0,"gold_gain":0,"player_choice":"Purged","damage_taken":0,"max_hp_gain":0,"max_hp_loss":0,"event_name":"Purifier","floor":22,"gold_loss":0},{"damage_healed":0,"gold_gain":0,"player_choice":"Fight","damage_taken":0,"max_hp_gain":0,"max_hp_loss":0,"event_name":"OrinTheCat","floor":36,"gold_loss":0}],"is_beta":false,"boss_relics":[{"not_picked":["Nuclear Battery","Philosopher\u0027s Stone"],"picked":"Coffee Dripper"},{"not_picked":["Fusion Hammer","Orrery"],"picked":"White Beast Statue"}],"items_purged_floors":[19,31],"is_endless":false,"potions_floor_spawned":[1,6,10,12,16,18,20,21,27,33,35],"killed_by":"Orin","ascension_level":3}