{"gold_per_floor":[114,134,209,225,238,263,278,294,294,294,305,305,315,328,328,428,428,443,27,27,40,50,81,81,81],"floor_reached":25,"playtime":1376,"items_purged":[],"score":240,"play_id":"1d2c8fa6-aa3d-48db-88e5-24fa419643fc","local_time":"20190108210219","is_ascension_mode":true,"campfire_choices":[{"floor":10,"key":"REST"},{"floor":15,"key":"REST"},{"floor":24,"key":"REST"}],"neow_cost":"NONE","seed_source_timestamp":9308392961139,"circlet_count":0,"master_deck":["Strike_R","Strike_R","Strike_R","Defend_R","Defend_R","Defend_R","Bash","Cleave","Clothesline","Bludgeon","Thunderclap","Rage","Heavy Blade","Demon Form","Searing Blow","Power Through","Wild Strike","Immolate","Fiend Fire+1","Evolve+1","Clothesline+1","Spot Weakness","Armaments","The Bomb","Metallicize","Decay","Bloodletting","Pommel Strike+1","Pommel Strike"],"relics":["Burning Blood","Oddly Smooth Stone","Shuriken","Bottled Tornado","Anchor","Astrolabe","PreservedInsect","Sundial"],"potions_floor_usage":[6,14,16,18,21,22,25],"damage_taken":[{"damage":0,"enemies":"Cultist","floor":1,"turns":3},{"damage":2,"enemies":"Small Slimes","floor":2,"turns":3},{"damage":2,"enemies":"Jaw Worm","floor":4,"turns":3},{"damage":19,"enemies":"Large Slime","floor":5,"turns":7},{"damage":51,"enemies":"3 Sentries","floor":6,"turns":9},{"damage":7,"enemies":"Red Slaver","floor":7,"turns":4},{"damage":6,"enemies":"3 Louse","floor":8,"turns":3},{"damage":16,"enemies":"Blue Slaver","floor":11,"turns":3},{"damage":6,"enemies":"Red Slaver","floor":13,"turns":4},{"damage":20,"enemies":"Exordium Thugs","floor":14,"turns":4},{"damage":44,"enemies":"The Guardian","floor":16,"turns":9},{"damage":2,"enemies":"Shell Parasite","floor":18,"turns":4},{"damage":2,"enemies":"Chosen","floor":21,"turns":5},{"damage":21,"enemies":"3 Cultists","floor":22,"turns":4},{"damage":39,"enemies":"Book of Stabbing","floor":23,"turns":6},{"damage":58,"enemies":"Slavers","floor":25,"turns":4}],"seed_played":"3856827733503647280","potions_obtained":[{"floor":4,"key":"Regen Potion"},{"floor":6,"key":"Weak Potion"},{"floor":8,"key":"SpeedPotion"},{"floor":11,"key":"Strength Potion"},{"floor":13,"key":"LiquidBronze"},{"floor":14,"key":"Regen Potion"},{"floor":16,"key":"Fire Potion"},{"floor":18,"key":"Weak Potion"},{"floor":23,"key":"PowerPotion"}],"is_trial":false,"path_per_floor":["M","M","?","M","M","E","M","M","T","R","M","?","M","M","R","B",null,"M","$","?","M","M","E","R","E"],"character_chosen":"IRONCLAD","items_purchased":["Armaments","PreservedInsect","The Bomb","Metallicize"],"campfire_rested":3,"item_purchase_floors":[19,19,19,19],"current_hp_per_floor":[80,80,69,73,60,30,29,29,29,53,43,43,43,29,53,29,80,80,80,80,80,65,32,56,0],"gold":81,"neow_bonus":"RANDOM_COMMON_RELIC","is_prod":false,"is_daily":false,"chose_seed":false,"campfire_upgraded":0,"win_rate":0,"timestamp":1546999339,"path_taken":["M","M","?","M","M","E","M","M","T","R","M","?","?","M","R","BOSS","M","$","?","?","M","E","R","E"],"build_version":"2019-01-03v4","purchased_purges":0,"victory":false,"max_hp_per_floor":[80,80,80,80,80,80,80,80,80,80,80,80,80,80,80,80,80,80,80,80,80,80,80,80,80],"card_choices":[{"not_picked":["Iron Wave","Dropkick"],"picked":"Cleave","floor":1},{"not_picked":["Intimidate","Combust"],"picked":"Clothesline","floor":2},{"not_picked":["Anger","Iron Wave"],"picked":"Bludgeon","floor":4},{"not_picked":["Rampage","Clash"],"picked":"Thunderclap","floor":5},{"not_picked":["Thunderclap","Pummel"],"picked":"Rage","floor":6},{"not_picked":["Pommel Strike","Iron Wave"],"picked":"Heavy Blade","floor":7},{"not_picked":["Inflame","Thunderclap"],"picked":"Demon Form","floor":8},{"not_picked":["Clash","Rupture"],"picked":"Searing Blow","floor":11},{"not_picked":["Anger","Body Slam"],"picked":"Power Through","floor":13},{"not_picked":["Clash","Anger"],"picked":"Wild Strike","floor":14},{"not_picked":["Double Tap","Berserk"],"picked":"Immolate","floor":16},{"not_picked":["Evolve","Anger"],"picked":"Spot Weakness","floor":18},{"not_picked":["Perfected Strike","Entrench+1"],"picked":"Bloodletting","floor":21},{"not_picked":["Clothesline+1","Wild Strike"],"picked":"Pommel Strike+1","floor":22},{"not_picked":["Hemokinesis","Warcry"],"picked":"Pommel Strike","floor":23}],"player_experience":344593,"relics_obtained":[{"floor":6,"key":"Shuriken"},{"floor":9,"key":"Bottled Tornado"},{"floor":23,"key":"Sundial"}],"event_choices":[{"damage_healed":0,"gold_gain":75,"player_choice":"Gather Gold","damage_taken":11,"max_hp_gain":0,"max_hp_loss":0,"event_name":"World of Goop","floor":3,"gold_loss":0},{"damage_healed":0,"gold_gain":0,"player_choice":"Gave Potion","damage_taken":0,"relics_obtained":["Anchor"],"max_hp_gain":0,"max_hp_loss":0,"event_name":"WeMeetAgain","floor":12,"gold_loss":0},{"damage_healed":0,"gold_gain":0,"player_choice":"Cursed","damage_taken":0,"max_hp_gain":0,"max_hp_loss":0,"event_name":"Wheel of Change","floor":20,"gold_loss":0,"cards_obtained":["Decay"]}],"is_beta":false,"boss_relics":[{"not_picked":["Runic Cube","Coffee Dripper"],"picked":"Astrolabe"}],"items_purged_floors":[],"is_endless":false,"potions_floor_spawned":[4,6,8,11,13,14,16,18,23],"killed_by":"Slavers","ascension_level":1}