{"gold_per_floor":[114,134,134,154,2,29,29,104,158,169,230,230,255,267,267,367,367,382,382,398,398,417,417],"floor_reached":23,"playtime":1110,"items_purged":[],"score":266,"play_id":"0fddd33e-045c-4c04-9e16-b54dd8d4e4ae","local_time":"20190129192347","is_ascension_mode":true,"campfire_choices":[{"floor":7,"key":"REST"},{"floor":12,"key":"REST"},{"floor":15,"key":"REST"}],"neow_cost":"TEN_PERCENT_HP_LOSS","seed_source_timestamp":181301262411610,"circlet_count":0,"master_deck":["Defend_B+1","Defend_B+1","Defend_B+1","Defend_B+1","Zap","Dualcast","Dark Shackles+1","Dramatic Entrance","Defragment","Cold Snap","Ball Lightning","BootSequence","Static Discharge","Redo","Glacier","Self Repair","Machine Learning","Rebound","Compile Driver+1","Bite","Bite","Bite","Bite","Bite","Hologram+1"],"relics":["Cracked Core","Bronze Scales","Anchor","Omamori","Ancient Tea Set","Black Star"],"potions_floor_usage":[6,10,11,11,11,16,23],"damage_taken":[{"damage":3,"enemies":"Jaw Worm","floor":1,"turns":2},{"damage":2,"enemies":"2 Louse","floor":2,"turns":3},{"damage":0,"enemies":"Small Slimes","floor":4,"turns":2},{"damage":32,"enemies":"Lagavulin","floor":6,"turns":5},{"damage":0,"enemies":"3 Louse","floor":10,"turns":3},{"damage":18,"enemies":"Gremlin Nob","floor":11,"turns":4},{"damage":7,"enemies":"Gremlin Nob","floor":13,"turns":3},{"damage":0,"enemies":"2 Fungi Beasts","floor":14,"turns":3},{"damage":20,"enemies":"Hexaghost","floor":16,"turns":8},{"damage":20,"enemies":"2 Thieves","floor":18,"turns":5},{"damage":9,"enemies":"3 Byrds","floor":20,"turns":3},{"damage":17,"enemies":"Centurion and Healer","floor":22,"turns":9},{"damage":38,"enemies":"Slavers","floor":23,"turns":3}],"seed_played":"7928294359486901587","potions_obtained":[{"floor":1,"key":"LiquidBronze"},{"floor":6,"key":"EntropicBrew"},{"floor":10,"key":"FocusPotion"},{"floor":14,"key":"PowerPotion"},{"floor":20,"key":"Weak Potion"}],"is_trial":false,"path_per_floor":["M","M","?","M","$","E","R","?","T","M","?","R","E","M","R","B",null,"M","?","M","?","M","E"],"character_chosen":"DEFECT","items_purchased":["Bronze Scales"],"campfire_rested":3,"item_purchase_floors":[5],"current_hp_per_floor":[65,63,49,49,49,17,37,26,26,26,20,40,33,33,53,33,68,48,48,46,46,36,0],"gold":417,"neow_bonus":"RANDOM_COLORLESS_2","is_prod":false,"is_daily":false,"chose_seed":false,"campfire_upgraded":0,"win_rate":0,"timestamp":1548807827,"path_taken":["M","M","?","M","$","E","R","?","T","M","?","R","E","M","R","BOSS","M","?","M","?","M","E"],"build_version":"2019-01-23","purchased_purges":0,"victory":false,"max_hp_per_floor":[68,68,68,68,68,68,68,68,68,68,68,68,68,68,68,68,68,68,68,68,47,47,47],"card_choices":[{"not_picked":["Leap","Self Repair"],"picked":"Defragment","floor":1},{"not_picked":["Go for the Eyes","Scrape"],"picked":"Cold Snap","floor":2},{"not_picked":["Gash","Coolheaded"],"picked":"Ball Lightning","floor":4},{"not_picked":["Stack","Reprogram"],"picked":"BootSequence","floor":6},{"not_picked":["Darkness","Streamline"],"picked":"Static Discharge","floor":10},{"not_picked":["Darkness","Go for the Eyes"],"picked":"Redo","floor":11},{"not_picked":["Steam","Streamline"],"picked":"Glacier","floor":13},{"not_picked":["Meteor Strike","Stack"],"picked":"Self Repair","floor":14},{"not_picked":["Reboot","Meteor Strike"],"picked":"Machine Learning","floor":16},{"not_picked":["Recycle","Fusion"],"picked":"Rebound","floor":18},{"not_picked":["Beam Cell","Rip and Tear"],"picked":"Compile Driver+1","floor":20},{"not_picked":["Barrage","Turbo+1"],"picked":"Hologram+1","floor":22}],"player_experience":424006,"relics_obtained":[{"floor":6,"key":"Anchor"},{"floor":11,"key":"Omamori"},{"floor":13,"key":"Ancient Tea Set"}],"event_choices":[{"damage_healed":0,"gold_gain":0,"player_choice":"Entered Light","damage_taken":14,"max_hp_gain":0,"max_hp_loss":0,"event_name":"Shining Light","floor":3,"gold_loss":0,"cards_upgraded":["Dark Shackles","Defend_B"]},{"damage_healed":0,"gold_gain":75,"player_choice":"Gather Gold","damage_taken":11,"max_hp_gain":0,"max_hp_loss":0,"event_name":"World of Goop","floor":8,"gold_loss":0},{"damage_healed":0,"gold_gain":0,"player_choice":"Searched \u00272\u0027 times","damage_taken":0,"max_hp_gain":0,"max_hp_loss":0,"event_name":"Dead Adventurer","floor":11,"gold_loss":0},{"damage_healed":0,"gold_gain":0,"player_choice":"Simplicity","damage_taken":0,"max_hp_gain":0,"max_hp_loss":0,"event_name":"Back to Basics","floor":19,"gold_loss":0,"cards_upgraded":["Strike_B","Strike_B","Strike_B","Strike_B","Defend_B","Defend_B","Defend_B"]},{"damage_healed":0,"gold_gain":0,"player_choice":"Became a vampire","damage_taken":0,"max_hp_gain":0,"max_hp_loss":21,"event_name":"Vampires","floor":21,"gold_loss":0,"cards_obtained":["Bite","Bite","Bite","Bite","Bite"]}],"is_beta":false,"boss_relics":[{"not_picked":["Runic Dome","Fusion Hammer"],"picked":"Black Star"}],"items_purged_floors":[],"is_endless":false,"potions_floor_spawned":[1,6,10,14,20],"killed_by":"Slavers","ascension_level":4}