{"gold_per_floor":[118,293,311,19,19,19,31,47,47,47,66,141,160,195,195,195],"floor_reached":16,"playtime":744,"items_purged":["Doubt"],"score":133,"play_id":"259a8f3f-581a-455c-adc3-d338071e0895","local_time":"20190921162019","is_ascension_mode":true,"campfire_choices":[{"data":"Dualcast","floor":6,"key":"SMITH"},{"data":"Fusion","floor":10,"key":"SMITH"},{"data":"Genetic Algorithm","floor":15,"key":"SMITH"}],"neow_cost":"NONE","seed_source_timestamp":188299111930800,"circlet_count":0,"master_deck":["Strike_B+1","Strike_B","Strike_B","Strike_B","Defend_B","Defend_B+1","Defend_B","Defend_B","Zap+1","Dualcast+1","Force Field","Heatsinks","Heatsinks","Fusion+1","Defragment","Multi-Cast","Genetic Algorithm+1","White Noise"],"relics":["Cracked Core","DataDisk","Centennial Puzzle","theSenshi:SuperSailorFukuRelic"],"potions_floor_usage":[13,14],"damage_taken":[{"damage":2,"enemies":"Jaw Worm","floor":1,"turns":2},{"damage":6,"enemies":"Small Slimes","floor":3,"turns":3},{"damage":0,"enemies":"Cultist","floor":7,"turns":3},{"damage":1,"enemies":"Exordium Thugs","floor":8,"turns":4},{"damage":5,"enemies":"Gremlin Gang","floor":11,"turns":5},{"damage":14,"enemies":"Lots of Slimes","floor":13,"turns":3},{"damage":2,"enemies":"Lagavulin","floor":14,"turns":7},{"damage":13,"enemies":"Hexaghost","floor":16,"turns":7}],"seed_played":"-2960676360475509781","potions_obtained":[{"floor":3,"key":"Strength Potion"},{"floor":7,"key":"PowerPotion"},{"floor":13,"key":"Strength Potion"},{"floor":14,"key":"Energy Potion"}],"is_trial":false,"path_per_floor":["M","?","M","$","?","R","M","M","T","R","M","?","M","E","R","B"],"character_chosen":"DEFECT","items_purchased":["Heatsinks","DataDisk"],"campfire_rested":0,"item_purchase_floors":[4,4],"current_hp_per_floor":[66,66,60,60,45,45,45,44,44,44,39,28,14,12,12,0],"gold":195,"neow_bonus":"UPGRADE_CARD","is_prod":false,"is_daily":false,"chose_seed":false,"campfire_upgraded":3,"win_rate":0,"timestamp":1569079219,"path_taken":["M","?","M","$","?","R","M","M","T","R","M","?","M","E","R","BOSS"],"build_version":"2019-07-17","purchased_purges":1,"victory":false,"max_hp_per_floor":[75,75,75,75,75,75,75,75,75,75,75,75,75,75,75,75],"card_choices":[{"not_picked":["Sweeping Beam","Cold Snap"],"picked":"Force Field","floor":1},{"not_picked":["Steam","Skim"],"picked":"Heatsinks","floor":3},{"not_picked":["Barrage","Redo"],"picked":"Fusion","floor":7},{"not_picked":["Compile Driver","Gash"],"picked":"Defragment","floor":8},{"not_picked":["Sweeping Beam","Barrage"],"picked":"Multi-Cast","floor":11},{"not_picked":["Lockon","Fusion"],"picked":"Genetic Algorithm","floor":13},{"not_picked":["Blizzard","Scrape"],"picked":"White Noise","floor":14}],"player_experience":370080,"relics_obtained":[{"floor":9,"key":"Centennial Puzzle"},{"floor":14,"key":"theSenshi:SuperSailorFukuRelic"}],"event_choices":[{"damage_healed":0,"gold_gain":175,"player_choice":"AGREE","damage_taken":0,"max_hp_gain":0,"max_hp_loss":0,"event_name":"Liars Game","floor":2,"gold_loss":0,"cards_obtained":["Doubt"]},{"damage_healed":0,"gold_gain":0,"player_choice":"Entered Light","damage_taken":15,"max_hp_gain":0,"max_hp_loss":0,"event_name":"Shining Light","floor":5,"gold_loss":0,"cards_upgraded":["Defend_B","Strike_B"]},{"damage_healed":0,"gold_gain":75,"player_choice":"Gather Gold","damage_taken":11,"max_hp_gain":0,"max_hp_loss":0,"event_name":"World of Goop","floor":12,"gold_loss":0}],"is_beta":false,"boss_relics":[],"items_purged_floors":[4],"is_endless":false,"potions_floor_spawned":[3,7,13,14],"killed_by":"Hexaghost","ascension_level":6}