{"gold_per_floor":[114,131,147,161,161,188,188,219,243,243,318,331,358,368,368,368],"floor_reached":16,"playtime":840,"items_purged":[],"score":198,"play_id":"f1f489d5-4a05-4ca2-bde4-66aebc4584e5","local_time":"20190910133103","is_ascension_mode":true,"campfire_choices":[{"data":"Noxious Fumes","floor":7,"key":"SMITH"},{"floor":10,"key":"REST"},{"floor":15,"key":"REST"}],"neow_cost":"TEN_PERCENT_HP_LOSS","seed_source_timestamp":332289913716100,"circlet_count":0,"master_deck":["Strike_G","Strike_G","Strike_G","Strike_G","Strike_G","Defend_G","Defend_G","Defend_G","Defend_G","Defend_G","Survivor","Neutralize","Noxious Fumes+1","Heel Hook","Cloak And Dagger","Backstab","Sucker Punch","Dodge and Roll","Backflip","Bullet Time","Noxious Fumes"],"relics":["Ring of the Snake","Pocketwatch","Incense Burner","Lantern","Anchor","Snake Skull","Bronze Scales"],"potions_floor_usage":[4,6,6,16],"damage_taken":[{"damage":3,"enemies":"Jaw Worm","floor":1,"turns":4},{"damage":8,"enemies":"Small Slimes","floor":2,"turns":4},{"damage":0,"enemies":"2 Louse","floor":3,"turns":3},{"damage":0,"enemies":"Gremlin Gang","floor":4,"turns":3},{"damage":0,"enemies":"3 Sentries","floor":6,"turns":8},{"damage":32,"enemies":"Lagavulin","floor":8,"turns":7},{"damage":0,"enemies":"3 Louse","floor":12,"turns":4},{"damage":31,"enemies":"Gremlin Nob","floor":13,"turns":5},{"damage":0,"enemies":"Looter","floor":14,"turns":2},{"damage":23,"enemies":"Slime Boss","floor":16,"turns":8}],"seed_played":"8213247874238415983","potions_obtained":[{"floor":1,"key":"Regen Potion"},{"floor":3,"key":"Explosive Potion"},{"floor":4,"key":"Block Potion"},{"floor":13,"key":"Swift Potion"}],"is_trial":false,"path_per_floor":["M","M","M","M","?","E","R","E","T","R","?","M","E","M","R","B"],"character_chosen":"THE_SILENT","items_purchased":[],"campfire_rested":2,"item_purchase_floors":[],"current_hp_per_floor":[60,52,52,52,45,60,60,28,28,46,35,35,4,4,22,0],"gold":368,"neow_bonus":"ONE_RARE_RELIC","is_prod":false,"is_daily":false,"chose_seed":false,"campfire_upgraded":1,"win_rate":0,"timestamp":1568136663,"path_taken":["M","M","M","M","?","E","R","E","T","R","?","M","E","M","R","BOSS"],"build_version":"2019-07-17","purchased_purges":0,"victory":false,"max_hp_per_floor":[63,63,63,63,63,63,63,63,63,63,63,63,63,63,63,63],"card_choices":[{"not_picked":["Outmaneuver","Dodge and Roll"],"picked":"Noxious Fumes","floor":1},{"not_picked":["Catalyst","Quick Slash"],"picked":"Heel Hook","floor":2},{"not_picked":["All Out Attack","Sucker Punch"],"picked":"Cloak And Dagger","floor":3},{"not_picked":["Dodge and Roll","PiercingWail"],"picked":"Backstab","floor":4},{"not_picked":["Phantasmal Killer","Quick Slash"],"picked":"Sucker Punch","floor":6},{"not_picked":["Sucker Punch","Quick Slash"],"picked":"Dodge and Roll","floor":8},{"not_picked":["Deflect","Sucker Punch"],"picked":"Backflip","floor":12},{"not_picked":["Dagger Spray","Heel Hook"],"picked":"Bullet Time","floor":13},{"not_picked":["Quick Slash","Dagger Spray"],"picked":"Noxious Fumes","floor":14}],"player_experience":534445,"relics_obtained":[{"floor":6,"key":"Lantern"},{"floor":8,"key":"Anchor"},{"floor":9,"key":"Snake Skull"},{"floor":13,"key":"Bronze Scales"}],"event_choices":[{"damage_healed":0,"gold_gain":0,"player_choice":"Success","damage_taken":7,"relics_obtained":["Incense Burner"],"max_hp_gain":0,"max_hp_loss":0,"event_name":"Scrap Ooze","floor":5,"gold_loss":0},{"damage_healed":0,"gold_gain":75,"player_choice":"Gather Gold","damage_taken":11,"max_hp_gain":0,"max_hp_loss":0,"event_name":"World of Goop","floor":11,"gold_loss":0}],"is_beta":false,"boss_relics":[],"items_purged_floors":[],"is_endless":false,"potions_floor_spawned":[1,3,4,13],"killed_by":"Slime Boss","ascension_level":7}