{"gold_per_floor":[10,23,298,309,322,347,347,374,374,28,28,28,53,115,115,210,210,227,209,309,309,359,393,22,42,42,67,67,77,97,126,126,226,226,246,19,19,37,37,66,84,113,187,218,518,518,535,554,554,554,554,554,223,252,252],"floor_reached":55,"playtime":4933,"items_purged":["Regret","Defend_B","Strike_B"],"score":1275,"play_id":"f598caba-3c40-455d-b7f5-9ec26d9ec6a6","local_time":"20190129204615","is_ascension_mode":true,"campfire_choices":[{"floor":7,"key":"REST"},{"floor":11,"key":"REST"},{"floor":15,"key":"REST"},{"floor":28,"key":"REST"},{"data":"Apotheosis","floor":32,"key":"SMITH"},{"floor":46,"key":"RECALL"},{"floor":49,"key":"DIG"},{"floor":52,"key":"DIG"}],"neow_cost":"NO_GOLD","seed_source_timestamp":182424909617549,"circlet_count":0,"master_deck":["Strike_B","Defend_B","Defend_B","Zap","Dualcast","Dramatic Entrance","Madness","Capacitor","Conserve Battery","Leap","Glacier","Cold Snap","White Noise","Apotheosis+1","Static Discharge","Steam","Auto Shields","Defragment","Seek","Go for the Eyes+1","Buffer+1","Compile Driver+1","Glacier","Leap+1","Stack","Cold Snap","Consume+1","Buffer","Conserve Battery","BootSequence+1","Conserve Battery","Echo Form","Coolheaded+1","Steam","Madness","Madness","Conserve Battery","Double Energy+1","Conserve Battery","Beam Cell","Conserve Battery","Storm+1","Skim+1","Electrodynamics","Stack","Melter+1"],"relics":["Cracked Core","Smiling Mask","Potion Belt","Letter Opener","Anchor","Astrolabe","FossilizedHelix","Mercury Hourglass","Pen Nib","Membership Card","Bottled Lightning","Dodecahedron","PreservedInsect","Gremlin Horn","Philosopher\u0027s Stone","Bronze Scales","Tiny Chest","Du-Vu Doll","Blood Vial","Meat on the Bone","Shovel","Shuriken","Bottled Tornado","War Paint","Boot","DataDisk"],"potions_floor_usage":[6,8,8,14,16,20,27,27,33,33,50,55,55,55,55,55],"damage_taken":[{"damage":4,"enemies":"Jaw Worm","floor":1,"turns":4},{"damage":1,"enemies":"Cultist","floor":2,"turns":3},{"damage":1,"enemies":"Small Slimes","floor":4,"turns":3},{"damage":2,"enemies":"Looter","floor":5,"turns":4},{"damage":58,"enemies":"Gremlin Nob","floor":6,"turns":6},{"damage":19,"enemies":"Lagavulin","floor":8,"turns":9},{"damage":0,"enemies":"3 Sentries","floor":13,"turns":8},{"damage":34,"enemies":"Gremlin Nob","floor":14,"turns":5},{"damage":20,"enemies":"The Guardian","floor":16,"turns":10},{"damage":0,"enemies":"Chosen","floor":18,"turns":6},{"damage":14,"enemies":"2 Thieves","floor":19,"turns":4},{"damage":19,"enemies":"Colosseum Slavers","floor":20,"turns":7},{"damage":36,"enemies":"Colosseum Nobs","floor":20,"turns":7},{"damage":10,"enemies":"Gremlin Leader","floor":23,"turns":10},{"damage":0,"enemies":"Snake Plant","floor":25,"turns":5},{"damage":7,"enemies":"Book of Stabbing","floor":27,"turns":7},{"damage":0,"enemies":"Chosen and Byrds","floor":29,"turns":5},{"damage":0,"enemies":"Centurion and Healer","floor":30,"turns":6},{"damage":0,"enemies":"Gremlin Leader","floor":31,"turns":8},{"damage":0,"enemies":"Collector","floor":33,"turns":18},{"damage":0,"enemies":"3 Shapes","floor":35,"turns":3},{"damage":0,"enemies":"3 Darklings","floor":38,"turns":5},{"damage":0,"enemies":"Giant Head","floor":40,"turns":12},{"damage":0,"enemies":"Writhing Mass","floor":41,"turns":9},{"damage":0,"enemies":"Reptomancer","floor":42,"turns":6},{"damage":0,"enemies":"Giant Head","floor":44,"turns":11},{"damage":0,"enemies":"Maw","floor":47,"turns":10},{"damage":20,"enemies":"3 Darklings","floor":48,"turns":5},{"damage":13,"enemies":"Time Eater","floor":50,"turns":14},{"damage":7,"enemies":"Shield and Spear","floor":54,"turns":3},{"damage":73,"enemies":"The Heart","floor":55,"turns":3}],"seed_played":"-8904438203471875993","potions_obtained":[{"floor":2,"key":"Ancient Potion"},{"floor":4,"key":"Energy Potion"},{"floor":6,"key":"Dexterity Potion"},{"floor":13,"key":"Weak Potion"},{"floor":14,"key":"Block Potion"},{"floor":19,"key":"Strength Potion"},{"floor":25,"key":"SkillPotion"},{"floor":29,"key":"Block Potion"},{"floor":31,"key":"Weak Potion"},{"floor":33,"key":"Strength Potion"},{"floor":35,"key":"Strength Potion"},{"floor":38,"key":"Weak Potion"},{"floor":44,"key":"EssenceOfSteel"}],"is_trial":false,"path_per_floor":["M","M","?","M","M","E","R","E","T","$","R","?","E","?","R","B",null,"M","M","?","?","?","E","$","M","T","E","R","M","M","E","R","B",null,"M","$","?","M","$","E","M","E","T","E","?","R","M","M","R","B",null,"R","$","E","B"],"character_chosen":"DEFECT","items_purchased":["Apotheosis","Static Discharge","Steam","Membership Card","Bottled Lightning","Regen Potion","Bronze Scales","Tiny Chest","AttackPotion","Steam","War Paint","Boot","Electrodynamics","Stack","LiquidBronze"],"campfire_rested":4,"item_purchase_floors":[10,10,10,24,24,24,36,36,36,36,53,53,53,53,53],"current_hp_per_floor":[71,70,70,69,67,9,31,12,12,12,34,59,59,25,47,27,75,75,61,6,31,31,21,21,21,21,29,51,51,51,51,51,51,75,75,75,66,66,66,66,66,66,66,68,68,68,70,52,52,41,75,75,75,68,0],"gold":252,"neow_bonus":"RANDOM_COLORLESS_2","is_prod":false,"is_daily":false,"chose_seed":false,"campfire_upgraded":1,"win_rate":0,"timestamp":1548812775,"path_taken":["M","M","?","M","M","E","R","E","T","?","R","?","E","?","R","BOSS","M","M","?","?","?","E","$","?","T","E","R","M","?","E","R","BOSS","M","$","?","M","$","E","M","E","T","E","?","R","M","?","R","BOSS","R","$","E","BOSS"],"build_version":"2019-01-23","purchased_purges":3,"victory":false,"max_hp_per_floor":[75,75,75,75,75,75,75,75,75,75,75,75,75,75,75,75,75,75,75,75,75,75,75,75,75,75,75,75,75,75,75,75,75,75,75,75,75,75,75,75,75,75,75,75,75,75,75,75,75,75,75,75,75,75,75],"card_choices":[{"not_picked":["Scrape","Skim"],"picked":"Capacitor","floor":1},{"not_picked":["Beam Cell","Consume"],"picked":"Conserve Battery","floor":2},{"not_picked":["Barrage","Self Repair"],"picked":"Leap","floor":4},{"not_picked":["Beam Cell","Leap"],"picked":"Glacier","floor":5},{"not_picked":["Sweeping Beam","Undo"],"picked":"Cold Snap","floor":6},{"not_picked":["Sweeping Beam","Stack"],"picked":"White Noise","floor":8},{"not_picked":["Storm","Thunder Strike"],"picked":"Auto Shields","floor":13},{"not_picked":["Compile Driver","Stack"],"picked":"Defragment","floor":14},{"not_picked":["Amplify","All For One"],"picked":"Seek","floor":16},{"not_picked":["Sweeping Beam+1","Ball Lightning"],"picked":"Glacier","floor":18},{"not_picked":["Self Repair","Sunder"],"picked":"Leap+1","floor":19},{"not_picked":["Rebound","Static Discharge"],"picked":"Stack","floor":20},{"not_picked":["Skim","Capacitor"],"picked":"Cold Snap","floor":23},{"not_picked":["Doom and Gloom","Gash"],"picked":"Consume","floor":25},{"not_picked":["Chaos+1","FTL"],"picked":"Buffer","floor":27},{"not_picked":["Rebound","Consume"],"picked":"Conserve Battery","floor":29},{"not_picked":["Steam","Auto Shields"],"picked":"BootSequence","floor":30},{"not_picked":["Streamline","Leap"],"picked":"Conserve Battery","floor":31},{"not_picked":["Machine Learning","Seek"],"picked":"Echo Form","floor":33},{"not_picked":["Static Discharge","Stack"],"picked":"Coolheaded+1","floor":35},{"not_picked":["Go for the Eyes","Streamline"],"picked":"Conserve Battery","floor":38},{"not_picked":["Sweeping Beam","Leap"],"picked":"Double Energy+1","floor":40},{"not_picked":["Ball Lightning","Barrage+1"],"picked":"Conserve Battery","floor":41},{"not_picked":["Rebound","Thunder Strike"],"picked":"Beam Cell","floor":42},{"not_picked":["Rebound+1","Hyperbeam"],"picked":"Conserve Battery","floor":44},{"not_picked":["Turbo+1","Heatsinks"],"picked":"Storm+1","floor":47},{"not_picked":["Gash+1","Compile Driver"],"picked":"Skim+1","floor":48},{"not_picked":["Rebound","Steam Power+1"],"picked":"Melter+1","floor":54}],"player_experience":425116,"relics_obtained":[{"floor":6,"key":"Smiling Mask"},{"floor":8,"key":"Potion Belt"},{"floor":13,"key":"Letter Opener"},{"floor":14,"key":"Anchor"},{"floor":20,"key":"FossilizedHelix"},{"floor":20,"key":"Mercury Hourglass"},{"floor":23,"key":"Pen Nib"},{"floor":26,"key":"Dodecahedron"},{"floor":27,"key":"PreservedInsect"},{"floor":31,"key":"Gremlin Horn"},{"floor":40,"key":"Du-Vu Doll"},{"floor":42,"key":"Blood Vial"},{"floor":43,"key":"Meat on the Bone"},{"floor":44,"key":"Shovel"},{"floor":49,"key":"Shuriken"},{"floor":52,"key":"Bottled Tornado"},{"floor":54,"key":"DataDisk"}],"event_choices":[{"damage_healed":0,"gold_gain":275,"player_choice":"Desecrate","damage_taken":0,"max_hp_gain":0,"max_hp_loss":0,"event_name":"Golden Shrine","floor":3,"gold_loss":0,"cards_obtained":["Regret"]},{"damage_healed":25,"gold_gain":0,"player_choice":"Banana","damage_taken":0,"max_hp_gain":0,"max_hp_loss":0,"event_name":"Big Fish","floor":12,"gold_loss":0},{"damage_healed":0,"gold_gain":30,"player_choice":"Searched \u00272\u0027 times","damage_taken":0,"max_hp_gain":0,"max_hp_loss":0,"event_name":"Dead Adventurer","floor":14,"gold_loss":0},{"damage_healed":0,"gold_gain":0,"player_choice":"Fight","damage_taken":0,"max_hp_gain":0,"max_hp_loss":0,"event_name":"Colosseum","floor":20,"gold_loss":0},{"damage_healed":0,"gold_gain":0,"player_choice":"Fought Nobs","damage_taken":0,"max_hp_gain":0,"max_hp_loss":0,"event_name":"Colosseum","floor":20,"gold_loss":0},{"damage_healed":25,"gold_gain":0,"player_choice":"Heal","damage_taken":0,"max_hp_gain":0,"max_hp_loss":0,"event_name":"The Library","floor":21,"gold_loss":0},{"damage_healed":0,"gold_gain":100,"player_choice":"Bet on Murderer","damage_taken":0,"max_hp_gain":0,"max_hp_loss":0,"event_name":"The Joust","floor":22,"gold_loss":50},{"damage_healed":0,"gold_gain":0,"player_choice":"Embrace Madness","damage_taken":9,"max_hp_gain":0,"max_hp_loss":0,"event_name":"Winding Halls","floor":37,"gold_loss":0,"cards_obtained":["Madness","Madness"]},{"damage_healed":0,"gold_gain":300,"player_choice":"Gold","damage_taken":0,"max_hp_gain":0,"max_hp_loss":0,"event_name":"Wheel of Change","floor":45,"gold_loss":0}],"is_beta":false,"boss_relics":[{"not_picked":["Eternal Feather","Runic Dome"],"picked":"Astrolabe"},{"not_picked":["Snecko Eye","Velvet Choker"],"picked":"Philosopher\u0027s Stone"}],"items_purged_floors":[10,36,53],"is_endless":false,"potions_floor_spawned":[2,4,6,13,14,19,25,29,31,33,35,38,44,54],"killed_by":"The Heart","ascension_level":4}