{"gold_per_floor":[111,122,122,134,150,150,163,198,272,283,283,297,45,79,79,180,180,195,195,207,307,267,267,281,295,349,349,365,365,399,417,417,515,515,534,546,596,69,82,82,108,108,178,178,192,192,192,205,205,205,205,205,50,50],"floor_reached":54,"playtime":2912,"items_purged":[],"score":760,"play_id":"68bd895d-47f6-47cf-bcab-1fbadc1026b6","local_time":"20190112031730","is_ascension_mode":true,"campfire_choices":[{"floor":6,"key":"REST"},{"data":"Armaments","floor":15,"key":"SMITH"},{"floor":23,"key":"REST"},{"floor":27,"key":"REST"},{"floor":29,"key":"REST"},{"data":"Metamorphosis","floor":32,"key":"SMITH"},{"floor":40,"key":"REST"},{"floor":42,"key":"REST"},{"floor":46,"key":"RECALL"},{"floor":49,"key":"REST"},{"data":"Double Tap","floor":52,"key":"SMITH"}],"neow_cost":"PERCENT_DAMAGE","seed_source_timestamp":289485877350005,"circlet_count":0,"master_deck":["Strike_R","Strike_R","Strike_R+1","Strike_R","Strike_R","Defend_R+1","Defend_R","Defend_R+1","Defend_R","Bash","Flash of Steel","Metamorphosis+1","Cleave","Seeing Red+1","Seeing Red+1","Thunderclap","Demon Form","Armaments+1","Thunderclap+1","Flex+1","Dropkick+1","True Grit","Shrug It Off","Offering","Infernal Blade+1","Metallicize","Twin Strike+1","Shrug It Off+1","Pummel","Headbutt+1","Heavy Blade+1","Shrug It Off","Shrug It Off","Double Tap+1","Disarm+1","Disarm","True Grit","Limit Break","Deep Breath","Parasite","Juggernaut","Headbutt+1"],"relics":["Burning Blood","Strawberry","MealTicket","Champion Belt","Mark of Pain","Incense Burner","Letter Opener","Vajra","Oddly Smooth Stone","Sozu","Nunchaku","Lantern","Whetstone","Darkstone Periapt","Singing Bowl","War Paint"],"potions_floor_usage":[8,14,25,33,33,54],"damage_taken":[{"damage":1,"enemies":"Jaw Worm","floor":1,"turns":3},{"damage":6,"enemies":"Cultist","floor":2,"turns":3},{"damage":2,"enemies":"Small Slimes","floor":4,"turns":3},{"damage":6,"enemies":"2 Fungi Beasts","floor":5,"turns":3},{"damage":12,"enemies":"Looter","floor":7,"turns":4},{"damage":16,"enemies":"3 Sentries","floor":8,"turns":6},{"damage":3,"enemies":"Large Slime","floor":10,"turns":3},{"damage":4,"enemies":"Gremlin Gang","floor":12,"turns":4},{"damage":36,"enemies":"Gremlin Nob","floor":14,"turns":5},{"damage":29,"enemies":"The Guardian","floor":16,"turns":8},{"damage":6,"enemies":"Chosen","floor":18,"turns":4},{"damage":14,"enemies":"Shell Parasite","floor":20,"turns":4},{"damage":34,"enemies":"Colosseum Slavers","floor":21,"turns":3},{"damage":26,"enemies":"Colosseum Nobs","floor":21,"turns":4},{"damage":18,"enemies":"Centurion and Healer","floor":24,"turns":4},{"damage":11,"enemies":"Shelled Parasite and Fungi","floor":25,"turns":5},{"damage":25,"enemies":"Snake Plant","floor":28,"turns":3},{"damage":16,"enemies":"Book of Stabbing","floor":30,"turns":4},{"damage":6,"enemies":"Cultist and Chosen","floor":31,"turns":4},{"damage":6,"enemies":"Automaton","floor":33,"turns":6},{"damage":20,"enemies":"3 Darklings","floor":35,"turns":5},{"damage":14,"enemies":"3 Shapes","floor":36,"turns":4},{"damage":1,"enemies":"2 Orb Walkers","floor":37,"turns":2},{"damage":52,"enemies":"Writhing Mass","floor":39,"turns":8},{"damage":29,"enemies":"Reptomancer","floor":41,"turns":5},{"damage":0,"enemies":"Maw","floor":45,"turns":7},{"damage":14,"enemies":"Jaw Worm Horde","floor":48,"turns":3},{"damage":71,"enemies":"Time Eater","floor":50,"turns":10},{"damage":125,"enemies":"Shield and Spear","floor":54,"turns":9}],"seed_played":"-4546833218804688729","potions_obtained":[{"floor":2,"key":"SpeedPotion"},{"floor":5,"key":"EssenceOfSteel"},{"floor":12,"key":"Regen Potion"},{"floor":14,"key":"Explosive Potion"},{"floor":21,"key":"SteroidPotion"},{"floor":30,"key":"Energy Potion"}],"is_trial":false,"path_per_floor":["M","M","?","M","M","R","M","E","T","M","?","M","$","E","R","B",null,"M","?","M","?","?","R","M","M","T","R","M","R","E","M","R","B",null,"M","M","?","$","M","R","E","R","T","?","M","R","?","M","R","B",null,"R","$","E"],"character_chosen":"IRONCLAD","items_purchased":["MealTicket","True Grit","Lantern","Whetstone","Limit Break","Deep Breath","War Paint"],"campfire_rested":7,"item_purchase_floors":[13,13,38,38,38,38,53],"current_hp_per_floor":[61,61,61,65,65,80,74,71,71,74,57,59,59,43,43,20,87,87,87,79,31,31,57,45,40,40,66,47,73,63,63,63,63,87,73,65,70,85,39,65,42,68,68,68,76,76,76,70,91,26,91,91,91,0],"gold":50,"neow_bonus":"RANDOM_COLORLESS_2","is_prod":false,"is_daily":false,"chose_seed":false,"campfire_upgraded":3,"win_rate":0,"timestamp":1547281050,"path_taken":["M","M","?","?","M","R","M","E","T","?","?","M","$","E","R","BOSS","M","?","M","?","?","R","M","M","T","R","?","R","E","M","R","BOSS","M","M","?","$","M","R","E","R","T","?","?","R","?","?","R","BOSS","R","$","E"],"build_version":"2019-01-10","purchased_purges":0,"victory":false,"max_hp_per_floor":[80,80,80,80,80,80,80,87,87,87,87,87,87,87,87,87,87,87,87,87,87,87,87,87,87,87,87,87,87,87,87,87,87,87,87,87,87,87,87,87,87,87,87,87,89,89,89,91,91,91,91,91,91,91],"card_choices":[{"not_picked":["Sword Boomerang","Warcry"],"picked":"Cleave","floor":1},{"not_picked":["Havoc","Hemokinesis"],"picked":"Seeing Red","floor":2},{"not_picked":["Headbutt","Seeing Red"],"picked":"Thunderclap","floor":4},{"not_picked":["Fire Breathing","Body Slam"],"picked":"Demon Form","floor":5},{"not_picked":["Seeing Red","Pummel"],"picked":"Armaments","floor":7},{"not_picked":["Anger","Spot Weakness"],"picked":"Thunderclap","floor":8},{"not_picked":["Intimidate","Body Slam"],"picked":"Flex","floor":10},{"not_picked":["Wild Strike","Heavy Blade"],"picked":"Dropkick","floor":12},{"not_picked":["Shockwave","Clothesline"],"picked":"Shrug It Off","floor":14},{"not_picked":["Impervious","Demon Form"],"picked":"Offering","floor":16},{"not_picked":["Pummel","Searing Blow"],"picked":"Infernal Blade+1","floor":18},{"not_picked":["Wild Strike","Blood for Blood"],"picked":"Twin Strike+1","floor":20},{"not_picked":["Wild Strike+1","Infernal Blade+1"],"picked":"Shrug It Off+1","floor":21},{"not_picked":["Cleave","Dual Wield"],"picked":"Pummel","floor":24},{"not_picked":["Whirlwind+1","Body Slam+1"],"picked":"Headbutt+1","floor":25},{"not_picked":["Second Wind","Rage"],"picked":"Heavy Blade+1","floor":28},{"not_picked":["Body Slam","Bludgeon"],"picked":"Shrug It Off","floor":30},{"not_picked":["Clothesline","Pommel Strike"],"picked":"Shrug It Off","floor":31},{"not_picked":["Dark Embrace","Berserk"],"picked":"Double Tap","floor":33},{"not_picked":["Sword Boomerang+1","Clash"],"picked":"Disarm+1","floor":35},{"not_picked":["Thunderclap","Headbutt"],"picked":"Disarm","floor":36},{"not_picked":["Sentinel","Cleave"],"picked":"True Grit","floor":37},{"not_picked":["Headbutt","Whirlwind"],"picked":"Juggernaut","floor":39},{"not_picked":["Perfected Strike","Entrench"],"picked":"Headbutt+1","floor":41},{"not_picked":["Rupture","Flex+1","Twin Strike"],"picked":"Singing Bowl","floor":45},{"not_picked":["Carnage","Perfected Strike","Iron Wave+1"],"picked":"Singing Bowl","floor":48}],"player_experience":357124,"relics_obtained":[{"floor":8,"key":"Strawberry"},{"floor":14,"key":"Champion Belt"},{"floor":21,"key":"Incense Burner"},{"floor":21,"key":"Letter Opener"},{"floor":26,"key":"Vajra"},{"floor":30,"key":"Oddly Smooth Stone"},{"floor":37,"key":"Nunchaku"},{"floor":41,"key":"Darkstone Periapt"},{"floor":43,"key":"Singing Bowl"}],"event_choices":[{"damage_healed":0,"gold_gain":0,"player_choice":"1 cards matched","damage_taken":0,"max_hp_gain":0,"max_hp_loss":0,"event_name":"Match and Keep!","floor":3,"gold_loss":0,"cards_obtained":["Seeing Red"]},{"damage_healed":0,"gold_gain":0,"player_choice":"Entered Light","damage_taken":17,"max_hp_gain":0,"max_hp_loss":0,"event_name":"Shining Light","floor":11,"gold_loss":0,"cards_upgraded":["Flex","Defend_R"]},{"damage_healed":0,"gold_gain":0,"player_choice":"Read","damage_taken":0,"max_hp_gain":0,"max_hp_loss":0,"event_name":"The Library","floor":19,"gold_loss":0,"cards_obtained":["Metallicize"]},{"damage_healed":0,"gold_gain":0,"player_choice":"Fight","damage_taken":0,"max_hp_gain":0,"max_hp_loss":0,"event_name":"Colosseum","floor":21,"gold_loss":0},{"damage_healed":0,"gold_gain":0,"player_choice":"Fought Nobs","damage_taken":0,"max_hp_gain":0,"max_hp_loss":0,"event_name":"Colosseum","floor":21,"gold_loss":0},{"damage_healed":0,"gold_gain":0,"player_choice":"Upgraded Two","damage_taken":0,"max_hp_gain":0,"max_hp_loss":0,"event_name":"Designer","floor":22,"gold_loss":40,"cards_upgraded":["Thunderclap","Seeing Red"]},{"damage_healed":0,"gold_gain":0,"player_choice":"Fight","damage_taken":0,"max_hp_gain":0,"max_hp_loss":0,"event_name":"Mysterious Sphere","floor":37,"gold_loss":0},{"damage_healed":0,"gold_gain":0,"player_choice":"Got Potions","damage_taken":0,"max_hp_gain":0,"max_hp_loss":0,"event_name":"Lab","floor":44,"gold_loss":0},{"damage_healed":0,"gold_gain":0,"player_choice":"Ignored","damage_taken":0,"max_hp_gain":0,"max_hp_loss":0,"event_name":"NoteForYourself","floor":47,"gold_loss":0}],"is_beta":false,"boss_relics":[{"not_picked":["Tiny House","Empty Cage"],"picked":"Mark of Pain"},{"not_picked":["Snecko Eye","Runic Dome"],"picked":"Sozu"}],"items_purged_floors":[],"is_endless":false,"potions_floor_spawned":[2,5,12,14,21,21,30,36,37,41],"killed_by":"Shield and Spear","ascension_level":1}