{"gold_per_floor":[119,129,129,129,32,32,75,75,155,178,216,216,235,251,251,376,376,400,28,43,43],"floor_reached":21,"playtime":1063,"items_purged":[],"score":274,"play_id":"11107600-f4bb-41b3-b429-2c69f14e5555","local_time":"20190911145458","is_ascension_mode":true,"campfire_choices":[{"floor":6,"key":"REST"},{"floor":8,"key":"REST"},{"floor":15,"key":"REST"}],"neow_cost":"NONE","seed_source_timestamp":423500643823200,"circlet_count":0,"master_deck":["Strike_R","Strike_R","Strike_R","Strike_R","Strike_R","Defend_R+1","Defend_R","Defend_R+1","Defend_R","Bash","Perfected Strike","Twin Strike","Sword Boomerang","Wild Strike","Bloodletting+1","Dark Shackles+1","Armaments+1","Pommel Strike","Impervious+1","Parasite","Decay","Decay","Flame Barrier+1","Armaments+1","Shrug It Off+1","Infernal Blade+1"],"relics":["Burning Blood","Happy Flower","Golden Idol","Bird Faced Urn","Lantern","Toxic Egg 2","Calling Bell","Magic Flower","Mummified Hand","War Paint","Champion Belt"],"potions_floor_usage":[7,7,7,11,16,21],"damage_taken":[{"damage":2,"enemies":"2 Louse","floor":1,"turns":3},{"damage":7,"enemies":"Small Slimes","floor":2,"turns":3},{"damage":40,"enemies":"Lagavulin","floor":7,"turns":4},{"damage":0,"enemies":"Cultist","floor":10,"turns":2},{"damage":16,"enemies":"Gremlin Nob","floor":11,"turns":3},{"damage":23,"enemies":"Gremlin Gang","floor":13,"turns":5},{"damage":4,"enemies":"3 Louse","floor":14,"turns":4},{"damage":31,"enemies":"Hexaghost","floor":16,"turns":9},{"damage":34,"enemies":"3 Byrds","floor":18,"turns":7},{"damage":10,"enemies":"Shell Parasite","floor":20,"turns":8},{"damage":43,"enemies":"3 Cultists","floor":21,"turns":6}],"seed_played":"6250651061909287756","potions_obtained":[{"floor":1,"key":"AttackPotion"},{"floor":10,"key":"GamblersBrew"},{"floor":11,"key":"Dexterity Potion"},{"floor":18,"key":"Weak Potion"}],"is_trial":false,"path_per_floor":["M","M","?","?","$","R","E","R","T","M","E","?","M","M","R","B",null,"M","$","M","M"],"character_chosen":"IRONCLAD","items_purchased":["EntropicBrew","Champion Belt","Armaments+1","Shrug It Off+1"],"campfire_rested":3,"item_purchase_floors":[5,19,19,19],"current_hp_per_floor":[76,75,55,43,43,67,33,57,57,63,53,53,36,38,62,37,69,44,44,43,0],"gold":43,"neow_bonus":"RANDOM_COMMON_RELIC","is_prod":false,"is_daily":false,"chose_seed":false,"campfire_upgraded":0,"win_rate":0,"timestamp":1568228098,"path_taken":["M","M","?","?","$","R","E","R","T","M","E","?","M","?","R","BOSS","M","$","M","M"],"build_version":"2019-07-17","purchased_purges":0,"victory":false,"max_hp_per_floor":[80,80,80,80,80,80,80,80,80,80,80,80,80,80,80,80,80,80,80,80,80],"card_choices":[{"not_picked":["Power Through","True Grit"],"picked":"Perfected Strike","floor":1},{"not_picked":["Body Slam","Flex"],"picked":"Twin Strike","floor":2},{"not_picked":["Reckless Charge","Power Through"],"picked":"Sword Boomerang","floor":7},{"not_picked":["Limit Break","Armaments"],"picked":"Wild Strike","floor":10},{"not_picked":["Barricade","Rage"],"picked":"Bloodletting","floor":11},{"not_picked":["Heavy Blade","Body Slam"],"picked":"Armaments+1","floor":13},{"not_picked":["Iron Wave","Dual Wield+1"],"picked":"Pommel Strike","floor":14},{"not_picked":["Dark Embrace","Brutality"],"picked":"Impervious+1","floor":16},{"not_picked":["Sever Soul+1","Shrug It Off+1"],"picked":"Flame Barrier+1","floor":18},{"not_picked":["Burning Pact+1","Body Slam+1"],"picked":"Infernal Blade+1","floor":20}],"player_experience":566899,"relics_obtained":[{"floor":7,"key":"Lantern"},{"floor":11,"key":"Toxic Egg 2"},{"floor":17,"key":"Magic Flower"},{"floor":17,"key":"Mummified Hand"},{"floor":17,"key":"War Paint"}],"event_choices":[{"damage_healed":0,"gold_gain":0,"player_choice":"Take Damage","damage_taken":20,"relics_obtained":["Golden Idol"],"max_hp_gain":0,"max_hp_loss":0,"event_name":"Golden Idol","floor":3,"gold_loss":0},{"damage_healed":0,"gold_gain":0,"player_choice":"Success","damage_taken":12,"relics_obtained":["Bird Faced Urn"],"max_hp_gain":0,"max_hp_loss":0,"event_name":"Scrap Ooze","floor":4,"gold_loss":0},{"damage_healed":0,"gold_gain":0,"player_choice":"1 cards matched","damage_taken":0,"max_hp_gain":0,"max_hp_loss":0,"event_name":"Match and Keep!","floor":12,"gold_loss":0,"cards_obtained":["Dark Shackles"]}],"is_beta":false,"boss_relics":[{"not_picked":["Astrolabe","Pandora\u0027s Box"],"picked":"Calling Bell"}],"items_purged_floors":[],"is_endless":false,"potions_floor_spawned":[1,10,11,14,18],"killed_by":"3 Cultists","ascension_level":9}