{"gold_per_floor":[112,112,137,151,76,116,116,131,131,131,165,180,180,193,193,321,321,345,620,37,60,60,104,104,104,104,104,135,150,150,171,171,302,302,320,320,344,359,424,458,470,522,534,546,558,3,3,3,3,3,3,3,3,37,37],"floor_reached":55,"playtime":3853,"items_purged":["Strike_G","Regret","Strike_G"],"score":874,"play_id":"9b789493-bf3d-4b9c-b192-8d072a3386b3","local_time":"20181216144659","is_ascension_mode":false,"campfire_choices":[{"data":"Footwork","floor":7,"key":"SMITH"},{"data":"Terror","floor":10,"key":"SMITH"},{"data":"Predator","floor":13,"key":"SMITH"},{"floor":15,"key":"RECALL"},{"data":"Footwork","floor":25,"key":"SMITH"},{"data":"Neutralize","floor":27,"key":"SMITH"},{"data":"Defend_G","floor":30,"key":"PURGE"},{"data":"Defend_G","floor":32,"key":"PURGE"},{"data":"Strike_G","floor":41,"key":"PURGE"},{"data":"1","floor":47,"key":"LIFT"},{"data":"2","floor":49,"key":"LIFT"},{"data":"3","floor":52,"key":"LIFT"}],"neow_cost":"NONE","seed_source_timestamp":6267765624589,"circlet_count":0,"master_deck":["Defend_G","Strike_G","Strike_G","Survivor","Neutralize+1","Footwork+1","All Out Attack","Predator+1","Terror+1","Dodge and Roll","Dodge and Roll","Infinite Blades","Burst","Dagger Throw","Unload+1","Footwork+1","Endless Agony+1","Prepared+1","Deflect+1","Unload+1","Escape Plan","Caltrops","Calculated Gamble+1","Dagger Throw+1","Flying Knee+1","Predator+1","Outmaneuver+1","Underhanded Strike+1"],"relics":["Ring of the Serpent","Golden Idol","Mango","Calipers","Anchor","Molten Egg 2","Vajra","Enchiridion","Blue Candle","Gambling Chip","Peace Pipe","Cursed Key","Du-Vu Doll","MawBank","Omamori","Boot","Membership Card","Singing Bowl","Girya","Snake Skull"],"potions_floor_usage":[6,11,21,29,33,33,33,40,40],"damage_taken":[{"damage":1,"enemies":"2 Louse","floor":1,"turns":2},{"damage":0,"enemies":"Jaw Worm","floor":4,"turns":5},{"damage":41,"enemies":"Lagavulin","floor":6,"turns":14},{"damage":0,"enemies":"Cultist","floor":8,"turns":4},{"damage":4,"enemies":"Gremlin Nob","floor":11,"turns":4},{"damage":0,"enemies":"Blue Slaver","floor":12,"turns":3},{"damage":0,"enemies":"Gremlin Gang","floor":14,"turns":5},{"damage":6,"enemies":"Hexaghost","floor":16,"turns":9},{"damage":7,"enemies":"Chosen","floor":18,"turns":5},{"damage":9,"enemies":"3 Byrds","floor":21,"turns":6},{"damage":0,"enemies":"Book of Stabbing","floor":23,"turns":6},{"damage":7,"enemies":"Slavers","floor":28,"turns":7},{"damage":12,"enemies":"3 Cultists","floor":29,"turns":5},{"damage":5,"enemies":"Shelled Parasite and Fungi","floor":31,"turns":6},{"damage":17,"enemies":"Champ","floor":33,"turns":11},{"damage":0,"enemies":"Orb Walker","floor":35,"turns":4},{"damage":0,"enemies":"3 Shapes","floor":37,"turns":5},{"damage":1,"enemies":"Sphere and 2 Shapes","floor":38,"turns":5},{"damage":14,"enemies":"2 Orb Walkers","floor":39,"turns":5},{"damage":0,"enemies":"Giant Head","floor":40,"turns":7},{"damage":0,"enemies":"Nemesis","floor":42,"turns":5},{"damage":68,"enemies":"Awakened One","floor":50,"turns":14},{"damage":65,"enemies":"Shield and Spear","floor":54,"turns":6},{"damage":58,"enemies":"The Heart","floor":55,"turns":2}],"seed_played":"-8041088518444053892","potions_obtained":[{"floor":1,"key":"Block Potion"},{"floor":6,"key":"GamblersBrew"},{"floor":12,"key":"Regen Potion"},{"floor":14,"key":"PowerPotion"},{"floor":16,"key":"GhostInAJar"},{"floor":28,"key":"Poison Potion"},{"floor":31,"key":"Block Potion"},{"floor":37,"key":"Swift Potion"},{"floor":39,"key":"Poison Potion"}],"is_trial":false,"path_per_floor":["M","?","T","M","$","E","R","M","T","R","E","M","R","M","R","B",null,"M","?","$","M","?","E","$","R","T","R","E","M","R","M","R","B",null,"M","?","M","M","?","E","R","E","T","?","?","$","R","$","R","B",null,"R","$","E","B"],"character_chosen":"THE_SILENT","items_purchased":["Molten Egg 2","Vajra","Unload+1","Membership Card","Underhanded Strike+1","Singing Bowl","Girya"],"campfire_rested":0,"item_purchase_floors":[20,20,20,46,46,46,46],"current_hp_per_floor":[76,57,57,57,57,30,30,30,30,30,26,26,26,26,26,20,91,84,84,84,89,73,73,73,73,73,73,66,54,54,49,49,32,91,91,91,91,90,76,76,76,76,76,76,76,76,76,76,76,8,91,91,91,28,0],"gold":37,"neow_bonus":"TEN_PERCENT_HP_BONUS","is_prod":false,"is_daily":false,"chose_seed":false,"campfire_upgraded":5,"win_rate":0,"timestamp":1544971619,"path_taken":["M","?","?","M","$","E","R","M","T","R","E","M","R","?","R","BOSS","M","?","$","?","?","E","?","R","T","R","E","M","R","M","R","BOSS","M","?","M","?","?","E","R","E","T","?","?","$","R","?","R","BOSS","R","$","E","BOSS"],"build_version":"2018-12-13","purchased_purges":3,"victory":false,"max_hp_per_floor":[77,77,77,77,77,91,91,91,91,91,91,91,91,91,91,91,91,91,91,91,91,91,91,91,91,91,91,91,91,91,91,91,91,91,91,91,91,91,91,91,91,91,91,91,91,91,91,91,91,91,91,91,91,93,93],"card_choices":[{"not_picked":["Catalyst","Masterful Stab"],"picked":"Footwork","floor":1},{"not_picked":["Catalyst","Predator"],"picked":"All Out Attack","floor":4},{"not_picked":["Deadly Poison","Eviscerate"],"picked":"Predator","floor":6},{"not_picked":["Underhanded Strike","Dagger Spray"],"picked":"Terror","floor":8},{"not_picked":["Bane","Reflex"],"picked":"Dodge and Roll","floor":11},{"not_picked":["Cloak And Dagger","Crippling Poison"],"picked":"Dodge and Roll","floor":12},{"not_picked":["Accuracy","Underhanded Strike"],"picked":"Infinite Blades","floor":14},{"not_picked":["Night Terror","Grand Finale"],"picked":"Burst","floor":16},{"not_picked":["Prepared","Endless Agony"],"picked":"Dagger Throw","floor":18},{"not_picked":["Distraction","Slice+1"],"picked":"Footwork","floor":21},{"not_picked":["Terror+1","Bane+1"],"picked":"Endless Agony+1","floor":23},{"not_picked":["Deflect","Poisoned Stab+1"],"picked":"Prepared+1","floor":28},{"not_picked":["PiercingWail","Sucker Punch+1","After Image"],"picked":"SKIP","floor":29},{"not_picked":["Infinite Blades","Bane+1"],"picked":"Deflect+1","floor":31},{"not_picked":["Doppelganger","Burst"],"picked":"Unload+1","floor":33},{"not_picked":["Slice+1","Eviscerate+1"],"picked":"Escape Plan","floor":35},{"not_picked":["Poisoned Stab+1","Quick Slash+1"],"picked":"Calculated Gamble+1","floor":37},{"not_picked":["Bane+1","Well Laid Plans"],"picked":"Dagger Throw+1","floor":38},{"not_picked":["Dagger Spray+1","Bane+1"],"picked":"Flying Knee+1","floor":39},{"not_picked":["Envenom","PiercingWail+1"],"picked":"Predator+1","floor":40},{"not_picked":["Dagger Throw+1","Infinite Blades"],"picked":"Outmaneuver+1","floor":42},{"not_picked":["Dodge and Roll","Dagger Throw+1","Backflip"],"picked":"Singing Bowl","floor":54}],"player_experience":205855,"relics_obtained":[{"floor":6,"key":"Mango"},{"floor":9,"key":"Calipers"},{"floor":11,"key":"Anchor"},{"floor":22,"key":"Enchiridion"},{"floor":23,"key":"Blue Candle"},{"floor":26,"key":"Gambling Chip"},{"floor":28,"key":"Peace Pipe"},{"floor":39,"key":"Du-Vu Doll"},{"floor":40,"key":"MawBank"},{"floor":42,"key":"Omamori"},{"floor":43,"key":"Boot"},{"floor":54,"key":"Snake Skull"}],"event_choices":[{"damage_healed":0,"gold_gain":0,"player_choice":"Take Damage","damage_taken":19,"relics_obtained":["Golden Idol"],"max_hp_gain":0,"max_hp_loss":0,"event_name":"Golden Idol","floor":2,"gold_loss":0},{"damage_healed":0,"gold_gain":275,"player_choice":"Desecrate","damage_taken":0,"max_hp_gain":0,"max_hp_loss":0,"event_name":"Golden Shrine","floor":19,"gold_loss":0,"cards_obtained":["Regret"]},{"damage_healed":0,"gold_gain":0,"player_choice":"Obtained Book","damage_taken":16,"max_hp_gain":0,"max_hp_loss":0,"event_name":"Cursed Tome","floor":22,"gold_loss":0},{"damage_healed":0,"gold_gain":0,"cards_transformed":["Defend_G"],"player_choice":"Transformed","damage_taken":0,"max_hp_gain":0,"max_hp_loss":0,"event_name":"Transmorgrifier","floor":36,"gold_loss":0,"cards_obtained":["Caltrops"]},{"damage_healed":0,"gold_gain":0,"player_choice":"Fight","damage_taken":0,"max_hp_gain":0,"max_hp_loss":0,"event_name":"Mysterious Sphere","floor":39,"gold_loss":0},{"damage_healed":0,"gold_gain":0,"player_choice":"Ignored","damage_taken":0,"max_hp_gain":0,"max_hp_loss":0,"event_name":"Tomb of Lord Red Mask","floor":44,"gold_loss":0},{"cards_removed":["Defend_G"],"damage_healed":0,"gold_gain":0,"player_choice":"Removed Skill","damage_taken":0,"max_hp_gain":0,"max_hp_loss":0,"event_name":"Falling","floor":45,"gold_loss":0}],"is_beta":true,"boss_relics":[{"not_picked":["Fusion Hammer","Orrery"],"picked":"Ring of the Serpent"},{"not_picked":["Black Star","WristBlade"],"picked":"Cursed Key"}],"items_purged_floors":[5,20,46],"is_endless":false,"potions_floor_spawned":[1,6,12,14,16,28,31,37,39],"killed_by":"The Heart","ascension_level":0}