{"gold_per_floor":[116,132,52,52,67,97,114,114],"floor_reached":8,"playtime":695,"items_purged":[],"score":61,"play_id":"b5c66d34-34a4-4036-a6d8-faf9a8b421ee","local_time":"20181226213157","is_ascension_mode":true,"campfire_choices":[],"neow_cost":"TEN_PERCENT_HP_LOSS","seed_source_timestamp":535167915424871,"circlet_count":0,"master_deck":["Defend_G","Defend_G","Defend_G","Defend_G","Defend_G","Strike_G","Strike_G","Strike_G","Strike_G","Strike_G","Survivor","Neutralize","Glass Knife","Heel Hook","Outmaneuver","Footwork","Dagger Throw","Adrenaline","PiercingWail"],"relics":["Ring of the Snake","Potion Belt","Shovel"],"potions_floor_usage":[6,8],"damage_taken":[{"damage":1,"enemies":"Cultist","floor":1,"turns":3},{"damage":0,"enemies":"2 Louse","floor":2,"turns":2},{"damage":0,"enemies":"Small Slimes","floor":5,"turns":3},{"damage":36,"enemies":"3 Sentries","floor":6,"turns":16},{"damage":0,"enemies":"3 Louse","floor":7,"turns":3},{"damage":18,"enemies":"Lagavulin","floor":8,"turns":2}],"seed_played":"591853551005293560","potions_obtained":[{"floor":1,"key":"LiquidBronze"},{"floor":7,"key":"GamblersBrew"}],"is_trial":false,"path_per_floor":["M","M","$","?","M","E","M","E"],"character_chosen":"THE_SILENT","items_purchased":["Footwork"],"campfire_rested":0,"item_purchase_floors":[3],"current_hp_per_floor":[62,62,62,44,44,8,8,0],"gold":114,"neow_bonus":"THREE_RARE_CARDS","is_prod":false,"is_daily":false,"chose_seed":false,"campfire_upgraded":0,"win_rate":0,"timestamp":1545877917,"path_taken":["M","M","$","?","M","E","M","E"],"build_version":"2018-12-20","purchased_purges":0,"victory":false,"max_hp_per_floor":[63,63,63,63,63,63,63,63],"card_choices":[{"not_picked":["Bullet Time","Night Terror"],"picked":"Glass Knife","floor":0},{"not_picked":["Quick Slash","Cloak And Dagger"],"picked":"Heel Hook","floor":1},{"not_picked":["Flechettes","Acrobatics"],"picked":"Outmaneuver","floor":2},{"not_picked":["PiercingWail","Sucker Punch"],"picked":"Dagger Throw","floor":5},{"not_picked":["Skewer","Outmaneuver"],"picked":"Adrenaline","floor":6},{"not_picked":["Outmaneuver","Deadly Poison"],"picked":"PiercingWail","floor":7}],"player_experience":185695,"relics_obtained":[{"floor":6,"key":"Shovel"}],"event_choices":[{"damage_healed":0,"gold_gain":0,"player_choice":"Success","damage_taken":18,"relics_obtained":["Potion Belt"],"max_hp_gain":0,"max_hp_loss":0,"event_name":"Scrap Ooze","floor":4,"gold_loss":0}],"is_beta":false,"boss_relics":[],"items_purged_floors":[],"is_endless":false,"potions_floor_spawned":[1,7],"killed_by":"Lagavulin","ascension_level":1}