{"gold_per_floor":[114,131,184,195,212,242,242,167,197,215,241,241,228,263,263,363,363,377,292,308,308,335,367,382,408,408,408,422,422,422,442,442,540,540,550,150,163,178,0,30,30,30,30,63,63,83,109,122,122,122],"floor_reached":51,"playtime":5546,"items_purged":["Strike_B","Defend_B"],"score":797,"play_id":"6c6c9198-81e2-4ef5-8a66-c6405b7c398c","local_time":"20181118142717","is_ascension_mode":false,"campfire_choices":[{"data":"Zap","floor":12,"key":"SMITH"},{"data":"Chaos","floor":15,"key":"SMITH"},{"data":"Defragment","floor":27,"key":"SMITH"},{"data":"Fission","floor":29,"key":"SMITH"},{"data":"Multi-Cast","floor":32,"key":"SMITH"},{"data":"Blizzard","floor":42,"key":"SMITH"},{"data":"Discovery","floor":49,"key":"SMITH"}],"neow_cost":"NONE","seed_source_timestamp":327698567334322,"circlet_count":0,"master_deck":["Strike_B+1","Strike_B","Strike_B","Defend_B","Defend_B","Defend_B","Zap+1","Dualcast","Coolheaded","Ball Lightning+1","Go for the Eyes","Conserve Battery","Fission+1","Cold Snap","Defragment+1","BootSequence","Chaos+1","Multi-Cast+1","Coolheaded","Compile Driver+1","Self Repair","Blizzard+1","Hologram","Defragment","Necronomicurse","Cold Snap+1","Core Surge","Glacier+1","Conserve Battery+1","Compile Driver","Double Energy+1","Coolheaded+1","Deep Breath","Dramatic Entrance","Discovery+1","Parasite","Blizzard","Heatsinks+1","Hello World+1"],"relics":["Cracked Core","Oddly Smooth Stone","Ice Cream","Orichalcum","Tiny Chest","Centennial Puzzle","Dream Catcher","Coffee Dripper","Sundial","Potion Belt","Bottled Tornado","Thread and Needle","Pear","Necronomicon","Runic Dome","StoneCalendar","Red Mask","Unceasing Top","Frozen Egg 2","Juzu Bracelet","Kunai","Whetstone"],"potions_floor_usage":[11,13,16,20,31,44,44,50],"damage_taken":[{"damage":0,"enemies":"Cultist","floor":1,"turns":3},{"damage":3,"enemies":"Small Slimes","floor":2,"turns":4},{"damage":3,"enemies":"Jaw Worm","floor":4,"turns":3},{"damage":7,"enemies":"3 Louse","floor":5,"turns":4},{"damage":11,"enemies":"3 Sentries","floor":6,"turns":6},{"damage":0,"enemies":"Blue Slaver","floor":10,"turns":4},{"damage":5,"enemies":"Lagavulin","floor":11,"turns":7},{"damage":0,"enemies":"Exordium Thugs","floor":13,"turns":4},{"damage":9,"enemies":"3 Sentries","floor":14,"turns":6},{"damage":3,"enemies":"The Guardian","floor":16,"turns":12},{"damage":2,"enemies":"Spheric Guardian","floor":18,"turns":4},{"damage":4,"enemies":"2 Thieves","floor":20,"turns":3},{"damage":8,"enemies":"Book of Stabbing","floor":23,"turns":6},{"damage":1,"enemies":"Shelled Parasite and Fungi","floor":24,"turns":6},{"damage":12,"enemies":"Gremlin Leader","floor":25,"turns":7},{"damage":14,"enemies":"Cultist and Chosen","floor":28,"turns":6},{"damage":4,"enemies":"3 Cultists","floor":31,"turns":6},{"damage":29,"enemies":"Collector","floor":33,"turns":12},{"damage":2,"enemies":"3 Darklings","floor":35,"turns":6},{"damage":2,"enemies":"3 Shapes","floor":37,"turns":4},{"damage":0,"enemies":"Transient","floor":38,"turns":5},{"damage":43,"enemies":"Reptomancer","floor":40,"turns":6},{"damage":1,"enemies":"Giant Head","floor":44,"turns":7},{"damage":0,"enemies":"Writhing Mass","floor":46,"turns":7},{"damage":9,"enemies":"Nemesis","floor":47,"turns":7},{"damage":0,"enemies":"Spire Growth","floor":48,"turns":6},{"damage":5,"enemies":"Donu and Deca","floor":50,"turns":8}],"seed_played":"8010771805458763272","potions_obtained":[{"floor":2,"key":"FocusPotion"},{"floor":5,"key":"LiquidBronze"},{"floor":10,"key":"Energy Potion"},{"floor":14,"key":"SpeedPotion"},{"floor":16,"key":"Explosive Potion"},{"floor":20,"key":"SmokeBomb"},{"floor":23,"key":"Dexterity Potion"},{"floor":28,"key":"SteroidPotion"},{"floor":35,"key":"Explosive Potion"},{"floor":37,"key":"Energy Potion"},{"floor":40,"key":"AttackPotion"},{"floor":46,"key":"SkillPotion"},{"floor":47,"key":"Block Potion"}],"is_trial":false,"path_per_floor":["M","M","T","M","M","E","?","$","T","M","E","R","M","E","R","B",null,"M","?","M","?","T","E","M","E","T","R","M","R","?","M","R","B",null,"M","$","M","M","?","E","T","R","T","E","?","M","E","M","R","B",null],"character_chosen":"DEFECT","items_purchased":["StoneCalendar"],"campfire_rested":0,"item_purchase_floors":[36],"current_hp_per_floor":[82,79,79,76,69,58,58,58,58,58,53,53,53,44,44,41,82,80,80,76,76,76,68,74,69,79,79,72,72,56,59,59,37,92,92,92,92,92,92,56,56,56,56,62,52,59,57,64,64,66],"gold":122,"neow_bonus":"TEN_PERCENT_HP_BONUS","is_prod":false,"is_daily":false,"chose_seed":false,"campfire_upgraded":7,"win_rate":0,"timestamp":1542551237,"path_taken":["M","M","?","M","M","E","?","$","T","M","E","R","?","E","R","BOSS","M","?","M","?","?","E","M","E","T","R","?","R","?","M","R","BOSS","M","$","M","M","?","E","?","R","T","E","?","M","E","M","R","BOSS"],"build_version":"2018-11-15","purchased_purges":2,"victory":true,"max_hp_per_floor":[82,82,82,82,82,82,82,82,82,82,82,82,82,82,82,82,82,82,82,82,82,82,82,82,82,92,92,92,92,92,92,92,92,92,92,92,92,92,92,92,92,92,92,92,92,92,92,92,92,92],"card_choices":[{"not_picked":["Sweeping Beam","Steam"],"picked":"Coolheaded","floor":1},{"not_picked":["Turbo","Sweeping Beam"],"picked":"Ball Lightning","floor":2},{"not_picked":["Beam Cell","Turbo"],"picked":"Go for the Eyes","floor":4},{"not_picked":["Chill","Streamline"],"picked":"Conserve Battery","floor":5},{"not_picked":["Consume","Scrape"],"picked":"Fission","floor":6},{"not_picked":["Leap","Tempest"],"picked":"Cold Snap","floor":10},{"not_picked":["Reinforced Body","Doom and Gloom"],"picked":"Defragment","floor":11},{"not_picked":["Blizzard","Compile Driver"],"picked":"BootSequence","floor":13},{"not_picked":["Gash","Stack"],"picked":"Chaos","floor":14},{"not_picked":["Reboot","Fission"],"picked":"Multi-Cast","floor":16},{"not_picked":["Go for the Eyes","Turbo"],"picked":"Coolheaded","floor":18},{"not_picked":["Tempest","All For One"],"picked":"Compile Driver+1","floor":20},{"not_picked":["Turbo","BootSequence+1"],"picked":"Self Repair","floor":23},{"not_picked":["Gash","Rip and Tear"],"picked":"Blizzard","floor":24},{"not_picked":["Hyperbeam","Genetic Algorithm"],"picked":"Hologram","floor":25},{"not_picked":["Turbo","Gash"],"picked":"Defragment","floor":28},{"not_picked":["Barrage","Consume+1"],"picked":"Cold Snap+1","floor":31},{"not_picked":["Thunder Strike","Multi-Cast"],"picked":"Core Surge","floor":33},{"not_picked":["Hologram","Ball Lightning+1"],"picked":"Glacier+1","floor":35},{"not_picked":["Gash+1","Force Field"],"picked":"Conserve Battery+1","floor":37},{"not_picked":["Reprogram","Rip and Tear"],"picked":"Compile Driver","floor":38},{"not_picked":["Sweeping Beam","Compile Driver+1"],"picked":"Double Energy+1","floor":40},{"not_picked":["Doom and Gloom","Scrape+1"],"picked":"Coolheaded+1","floor":44},{"not_picked":["Chrysalis","Discovery"],"picked":"Deep Breath","floor":45},{"not_picked":["Dark Shackles","Finesse"],"picked":"Dramatic Entrance","floor":45},{"not_picked":["Violence","Impatience"],"picked":"Discovery","floor":45},{"not_picked":["Coolheaded","Steam Power+1"],"picked":"Blizzard","floor":46},{"not_picked":["Steam","Darkness"],"picked":"Heatsinks+1","floor":47},{"not_picked":["Ball Lightning","Fusion"],"picked":"Hello World+1","floor":48}],"player_experience":75392,"relics_obtained":[{"floor":3,"key":"Oddly Smooth Stone"},{"floor":6,"key":"Ice Cream"},{"floor":9,"key":"Tiny Chest"},{"floor":11,"key":"Centennial Puzzle"},{"floor":14,"key":"Dream Catcher"},{"floor":22,"key":"Potion Belt"},{"floor":23,"key":"Bottled Tornado"},{"floor":25,"key":"Thread and Needle"},{"floor":26,"key":"Pear"},{"floor":30,"key":"Necronomicon"},{"floor":40,"key":"Unceasing Top"},{"floor":41,"key":"Frozen Egg 2"},{"floor":43,"key":"Juzu Bracelet"},{"floor":44,"key":"Kunai"},{"floor":47,"key":"Whetstone"}],"event_choices":[{"damage_healed":0,"gold_gain":0,"player_choice":"Gave Potion","damage_taken":0,"relics_obtained":["Orichalcum"],"max_hp_gain":0,"max_hp_loss":0,"event_name":"WeMeetAgain","floor":7,"gold_loss":0},{"damage_healed":0,"gold_gain":0,"player_choice":"Obtained Relic","damage_taken":0,"relics_obtained":["Sundial"],"max_hp_gain":0,"max_hp_loss":0,"event_name":"Addict","floor":19,"gold_loss":85},{"damage_healed":0,"gold_gain":0,"player_choice":"Ignored","damage_taken":0,"max_hp_gain":0,"max_hp_loss":0,"event_name":"Vampires","floor":21,"gold_loss":0},{"damage_healed":0,"gold_gain":0,"player_choice":"Obtained Book","damage_taken":16,"max_hp_gain":0,"max_hp_loss":0,"event_name":"Cursed Tome","floor":30,"gold_loss":0},{"damage_healed":0,"gold_gain":0,"player_choice":"Paid","damage_taken":0,"relics_obtained":["Red Mask"],"max_hp_gain":0,"max_hp_loss":0,"event_name":"Tomb of Lord Red Mask","floor":39,"gold_loss":178},{"damage_healed":0,"gold_gain":0,"player_choice":"Memory 3","damage_taken":10,"max_hp_gain":0,"max_hp_loss":0,"event_name":"SensoryStone","floor":45,"gold_loss":0}],"is_beta":true,"boss_relics":[{"not_picked":["Pandora\u0027s Box","Orrery"],"picked":"Coffee Dripper"},{"not_picked":["Fusion Hammer","Cursed Key"],"picked":"Runic Dome"}],"items_purged_floors":[8,36],"is_endless":false,"potions_floor_spawned":[2,5,10,14,16,20,23,28,35,37,40,46,47],"ascension_level":0}