{"gold_per_floor":[119,138,138,138,149,149,161,187,212,212,230,248,248,278,278,373,373,385,398,398,118,137,170,170,199,269,269,299,299,79,95,95,195,195,206,223,223,223,223,223,40,65,90,103,103],"floor_reached":45,"playtime":3391,"items_purged":["Strike_G","Strike_G","Strike_G"],"score":911,"play_id":"670d2893-7bba-4090-96fb-27f0983c59de","local_time":"20190930220255","is_ascension_mode":true,"campfire_choices":[{"floor":6,"key":"REST"},{"floor":10,"key":"REST"},{"data":"Leg Sweep","floor":13,"key":"SMITH"},{"data":"A Thousand Cuts","floor":15,"key":"SMITH"},{"floor":24,"key":"REST"},{"data":"Caltrops","floor":27,"key":"SMITH"},{"floor":32,"key":"REST"},{"data":"Footwork","floor":40,"key":"SMITH"}],"neow_cost":"NONE","seed_source_timestamp":25929239690780,"circlet_count":0,"master_deck":["AscendersBane","Strike_G","Strike_G","Defend_G+1","Defend_G","Defend_G","Defend_G","Defend_G+1","Survivor+1","Neutralize","A Thousand Cuts+1","Well Laid Plans+1","Blade Dance","Leg Sweep+1","Dagger Spray","Dagger Throw","Deadly Poison","Deflect","Deadly Poison","Corpse Explosion","Venomology","Deflect","Deflect","PiercingWail","Backflip","Quick Slash","Deflect","Deflect","Leg Sweep+1","Caltrops+1","Caltrops+1","Infinite Blades","Good Instincts","Deflect","Deflect","Footwork+1","Writhe","Caltrops","Escape Plan"],"relics":["Ring of the Snake","Dream Catcher","Happy Flower","War Paint","Orrery","Lee\u0027s Waffle","Meat on the Bone","Smiling Mask","Molten Egg 2","Kunai","Philosopher\u0027s Stone","Mummified Hand","Regal Pillow"],"potions_floor_usage":[14,16,16,19,22,23,23,25,25,28,29,33,33,35,35,35,36,42,42,45,45],"damage_taken":[{"damage":5,"enemies":"Cultist","floor":1,"turns":6},{"damage":6,"enemies":"Jaw Worm","floor":2,"turns":7},{"damage":0,"enemies":"Small Slimes","floor":5,"turns":3},{"damage":1,"enemies":"Blue Slaver","floor":7,"turns":4},{"damage":40,"enemies":"Gremlin Nob","floor":8,"turns":7},{"damage":1,"enemies":"Looter","floor":11,"turns":3},{"damage":8,"enemies":"Exordium Wildlife","floor":12,"turns":5},{"damage":4,"enemies":"3 Sentries","floor":14,"turns":7},{"damage":2,"enemies":"Hexaghost","floor":16,"turns":8},{"damage":25,"enemies":"Spheric Guardian","floor":18,"turns":6},{"damage":1,"enemies":"Shell Parasite","floor":19,"turns":9},{"damage":29,"enemies":"Sentry and Sphere","floor":22,"turns":7},{"damage":3,"enemies":"Gremlin Leader","floor":23,"turns":8},{"damage":23,"enemies":"Slavers","floor":25,"turns":4},{"damage":33,"enemies":"Gremlin Leader","floor":28,"turns":7},{"damage":4,"enemies":"Snake Plant","floor":29,"turns":3},{"damage":20,"enemies":"Centurion and Healer","floor":31,"turns":8},{"damage":30,"enemies":"Automaton","floor":33,"turns":14},{"damage":3,"enemies":"3 Darklings","floor":35,"turns":7},{"damage":11,"enemies":"3 Shapes","floor":36,"turns":6},{"damage":73,"enemies":"Nemesis","floor":42,"turns":9},{"damage":13,"enemies":"Sphere and 2 Shapes","floor":44,"turns":4},{"damage":21,"enemies":"Writhing Mass","floor":45,"turns":4}],"seed_played":"-913689723391906289","potions_obtained":[{"floor":2,"key":"SkillPotion"},{"floor":5,"key":"Weak Potion"},{"floor":8,"key":"Regen Potion"},{"floor":14,"key":"LiquidBronze"},{"floor":16,"key":"PowerPotion"},{"floor":18,"key":"Swift Potion"},{"floor":23,"key":"AttackPotion"},{"floor":31,"key":"LiquidBronze"},{"floor":33,"key":"AttackPotion"},{"floor":35,"key":"Fruit Juice"},{"floor":36,"key":"Dexterity Potion"},{"floor":44,"key":"SpeedPotion"}],"is_trial":false,"path_per_floor":["M","M","?","?","M","R","M","E","T","R","M","M","R","E","R","B",null,"M","M","?","$","M","E","R","E","T","R","E","M","$","M","R","B",null,"M","M","?","?","?","R","$","E","T","M","M"],"character_chosen":"THE_SILENT","items_purchased":["Lee\u0027s Waffle","Infinite Blades","Good Instincts","Caltrops","PowerPotion"],"campfire_rested":4,"item_purchase_floors":[21,30,30,41,41],"current_hp_per_floor":[58,52,52,38,38,59,58,18,18,39,38,30,30,41,41,39,62,37,36,36,77,48,45,68,45,45,45,24,32,32,24,47,29,65,67,56,77,77,77,77,77,16,16,15,0],"gold":103,"neow_bonus":"ONE_RANDOM_RARE_CARD","is_prod":false,"is_daily":false,"chose_seed":false,"campfire_upgraded":4,"win_rate":0,"timestamp":1569873775,"path_taken":["M","M","?","?","M","R","M","E","T","R","M","M","R","E","R","BOSS","M","M","?","$","M","E","R","E","T","R","E","?","$","M","R","BOSS","M","M","?","?","?","R","$","E","T","M","M"],"build_version":"2019-07-17","purchased_purges":3,"victory":false,"max_hp_per_floor":[70,70,70,70,70,70,70,70,70,70,70,70,70,70,70,70,70,70,70,70,77,77,77,77,77,77,77,77,77,77,77,77,77,77,82,82,82,82,82,82,82,82,82,82,82],"card_choices":[{"not_picked":["Cloak And Dagger","PiercingWail"],"picked":"Well Laid Plans","floor":1},{"not_picked":["Deflect","Dodge and Roll"],"picked":"Blade Dance","floor":2},{"not_picked":["Blur","Deflect"],"picked":"Leg Sweep","floor":5},{"not_picked":["Endless Agony","Choke"],"picked":"Dagger Spray","floor":7},{"not_picked":["Reflex","Dash"],"picked":"Dagger Throw","floor":8},{"not_picked":["Sucker Punch","Slice"],"picked":"Deadly Poison","floor":10},{"not_picked":["Outmaneuver","Bane"],"picked":"Deflect","floor":11},{"not_picked":["Prepared","Acrobatics"],"picked":"Deadly Poison","floor":12},{"not_picked":["Dodge and Roll","Accuracy"],"picked":"Corpse Explosion","floor":14},{"not_picked":["Grand Finale","Doppelganger"],"picked":"Venomology","floor":16},{"not_picked":["Skewer","Underhanded Strike"],"picked":"Deflect","floor":17},{"not_picked":["Deadly Poison","Cloak And Dagger"],"picked":"Deflect","floor":17},{"not_picked":["Well Laid Plans","Sucker Punch"],"picked":"PiercingWail","floor":17},{"not_picked":["Accuracy","Bullet Time"],"picked":"Backflip","floor":17},{"not_picked":["Dash","Concentrate"],"picked":"Quick Slash","floor":17},{"not_picked":["Bane","Prepared"],"picked":"Deflect","floor":18},{"not_picked":["Sucker Punch","Dodge and Roll"],"picked":"Deflect","floor":19},{"not_picked":["Underhanded Strike","Backflip"],"picked":"Leg Sweep+1","floor":22},{"not_picked":["Bullet Time","Dagger Throw"],"picked":"Caltrops+1","floor":23},{"not_picked":["Predator","Cloak And Dagger"],"picked":"Caltrops","floor":25},{"not_picked":["Heel Hook+1","Doppelganger","Predator+1"],"picked":"SKIP","floor":28},{"not_picked":["Outmaneuver","Underhanded Strike+1"],"picked":"Deflect","floor":31},{"not_picked":["Terror","Tactician"],"picked":"Deflect","floor":32},{"not_picked":["Choke+1","Prepared+1","Dagger Spray+1"],"picked":"SKIP","floor":35},{"not_picked":["Underhanded Strike+1","Outmaneuver"],"picked":"Footwork","floor":36},{"not_picked":["Accuracy","Sucker Punch+1"],"picked":"Escape Plan","floor":42},{"not_picked":["Deadly Poison","Eviscerate+1","Backflip"],"picked":"SKIP","floor":44}],"player_experience":324301,"relics_obtained":[{"floor":8,"key":"Dream Catcher"},{"floor":9,"key":"Happy Flower"},{"floor":14,"key":"War Paint"},{"floor":23,"key":"Meat on the Bone"},{"floor":25,"key":"Smiling Mask"},{"floor":26,"key":"Molten Egg 2"},{"floor":28,"key":"Kunai"},{"floor":42,"key":"Mummified Hand"},{"floor":43,"key":"Regal Pillow"}],"event_choices":[{"damage_healed":0,"gold_gain":0,"player_choice":"Ignored","damage_taken":0,"max_hp_gain":0,"max_hp_loss":0,"event_name":"Liars Game","floor":3,"gold_loss":0},{"damage_healed":0,"gold_gain":0,"player_choice":"Entered Light","damage_taken":14,"max_hp_gain":0,"max_hp_loss":0,"event_name":"Shining Light","floor":4,"gold_loss":0,"cards_upgraded":["Defend_G","Well Laid Plans"]},{"damage_healed":0,"gold_gain":0,"player_choice":"Bought 0 Potions","damage_taken":0,"max_hp_gain":0,"max_hp_loss":0,"event_name":"The Woman in Blue","floor":20,"gold_loss":0},{"damage_healed":21,"gold_gain":0,"player_choice":"Writhe","damage_taken":0,"max_hp_gain":0,"max_hp_loss":0,"event_name":"Winding Halls","floor":37,"gold_loss":0,"cards_obtained":["Writhe"]},{"damage_healed":0,"gold_gain":0,"player_choice":"Memory 1","damage_taken":0,"max_hp_gain":0,"max_hp_loss":0,"event_name":"SensoryStone","floor":38,"gold_loss":0},{"damage_healed":0,"gold_gain":0,"player_choice":"Ignored","damage_taken":0,"max_hp_gain":0,"max_hp_loss":0,"event_name":"Tomb of Lord Red Mask","floor":39,"gold_loss":0}],"is_beta":false,"boss_relics":[{"not_picked":["Calling Bell","Lizard Tail"],"picked":"Orrery"},{"not_picked":["White Beast Statue","Tiny House"],"picked":"Philosopher\u0027s Stone"}],"items_purged_floors":[21,30,41],"is_endless":false,"potions_floor_spawned":[2,5,8,14,16,18,23,29,31,33,35,36,44],"killed_by":"Writhing Mass","ascension_level":12}