{"gold_per_floor":[119,219,229,241,316,344,344,354,354,370,385,405,425,425],"floor_reached":14,"playtime":565,"items_purged":[],"score":125,"play_id":"ba1ef969-d0d2-413f-9794-b515072fa083","local_time":"20190921163114","is_ascension_mode":true,"campfire_choices":[{"data":"Zap","floor":7,"key":"SMITH"}],"neow_cost":"NONE","seed_source_timestamp":189133067651200,"circlet_count":0,"master_deck":["Strike_B","Strike_B","Strike_B","Defend_B","Defend_B","Defend_B","Defend_B","Zap+1","Dualcast","Leap","Conserve Battery","Turbo","Self Repair","Redo","Redo","Redo","Go for the Eyes","FTL"],"relics":["Cracked Core","Smiling Mask","Mummified Hand"],"potions_floor_usage":[6,12,12],"damage_taken":[{"damage":7,"enemies":"Small Slimes","floor":1,"turns":3},{"damage":0,"enemies":"Cultist","floor":3,"turns":3},{"damage":0,"enemies":"2 Louse","floor":4,"turns":2},{"damage":33,"enemies":"Lagavulin","floor":6,"turns":7},{"damage":6,"enemies":"Red Slaver","floor":8,"turns":5},{"damage":6,"enemies":"Looter","floor":10,"turns":3},{"damage":17,"enemies":"Lots of Slimes","floor":11,"turns":4},{"damage":9,"enemies":"Gremlin Gang","floor":12,"turns":4},{"damage":5,"enemies":"Looter","floor":13,"turns":3},{"damage":18,"enemies":"Large Slime","floor":14,"turns":1}],"seed_played":"-208386968902835935","potions_obtained":[{"floor":3,"key":"Fire Potion"},{"floor":6,"key":"LiquidBronze"},{"floor":8,"key":"SpeedPotion"},{"floor":10,"key":"GamblersBrew"},{"floor":11,"key":"Regen Potion"}],"is_trial":false,"path_per_floor":["M","?","M","M","?","E","R","M","T","M","M","M","M","M"],"character_chosen":"DEFECT","items_purchased":[],"campfire_rested":0,"item_purchase_floors":[],"current_hp_per_floor":[61,61,61,61,50,17,17,18,18,19,2,12,14,0],"gold":425,"neow_bonus":"REMOVE_CARD","is_prod":false,"is_daily":false,"chose_seed":false,"campfire_upgraded":1,"win_rate":0,"timestamp":1569079874,"path_taken":["M","?","?","M","?","E","R","M","T","M","M","M","M","M"],"build_version":"2019-07-17","purchased_purges":0,"victory":false,"max_hp_per_floor":[75,75,75,75,75,75,75,75,75,75,75,75,75,75],"card_choices":[{"not_picked":["Turbo","Redo"],"picked":"Leap","floor":1},{"not_picked":["Rebound","Static Discharge"],"picked":"Conserve Battery","floor":3},{"not_picked":["Force Field","Beam Cell"],"picked":"Turbo","floor":4},{"not_picked":["Coolheaded","Hello World"],"picked":"Self Repair","floor":6},{"not_picked":["Go for the Eyes","Hologram"],"picked":"Redo","floor":8},{"not_picked":["Streamline","Gash"],"picked":"Redo","floor":10},{"not_picked":["Sweeping Beam","Double Energy"],"picked":"Redo","floor":11},{"not_picked":["Rebound","Stack"],"picked":"Go for the Eyes","floor":12},{"not_picked":["Cold Snap","Undo"],"picked":"FTL","floor":13}],"player_experience":370824,"relics_obtained":[{"floor":6,"key":"Smiling Mask"},{"floor":9,"key":"Mummified Hand"}],"event_choices":[{"damage_healed":0,"gold_gain":100,"player_choice":"Pray","damage_taken":0,"max_hp_gain":0,"max_hp_loss":0,"event_name":"Golden Shrine","floor":2,"gold_loss":0},{"damage_healed":0,"gold_gain":75,"player_choice":"Gather Gold","damage_taken":11,"max_hp_gain":0,"max_hp_loss":0,"event_name":"World of Goop","floor":5,"gold_loss":0}],"is_beta":false,"boss_relics":[],"items_purged_floors":[],"is_endless":false,"potions_floor_spawned":[3,6,8,10,11],"killed_by":"Large Slime","ascension_level":6}