{"gold_per_floor":[118,43,63,81,97,125,142,172,172,182,182,47,65,84,84,188,188,201,116,116,141,155,155,181,181,205,222,222,242,277,152,152,252,252,264,264,114,114,132,164,184,184,207,207,236,61,77,87,87,87],"floor_reached":51,"playtime":2991,"items_purged":["Defend_R","Strike_R","Defend_R","Strike_R","Defend_R"],"score":909,"play_id":"3fa00ae6-b7b0-413b-8f8f-1acd56ae8dd4","local_time":"20181116125127","is_ascension_mode":false,"campfire_choices":[{"data":"Heavy Blade","floor":15,"key":"SMITH"},{"data":"Heavy Blade","floor":23,"key":"SMITH"},{"data":"Sword Boomerang","floor":25,"key":"SMITH"},{"data":"Sword Boomerang","floor":32,"key":"SMITH"},{"data":"Inflame","floor":42,"key":"SMITH"},{"data":"Inflame","floor":44,"key":"SMITH"},{"data":"Inflame","floor":49,"key":"SMITH"}],"neow_cost":"NONE","seed_source_timestamp":151701087338425,"circlet_count":0,"master_deck":["Strike_R+1","Strike_R+1","Strike_R","Defend_R","Bash","Inflame+1","Sword Boomerang+1","Flex","Warcry","Headbutt","Inflame+1","Reaper","Heavy Blade+1","Inflame+1","Clash","Sword Boomerang+1","Limit Break","Rage+1","Heavy Blade+1","Thunderclap+1","Headbutt+1","Heavy Blade+1","Flex","Feed","Thunderclap+1","Warcry","Anger+1","Flex+1","Parasite","Battle Trance+1","Heavy Blade+1","Anger+1","True Grit+1"],"relics":["Burning Blood","Dodecahedron","Red Skull","Kunai","Mark of Pain","Lantern","Whetstone","Art of War","Nloth\u0027s Gift","Vajra","Coffee Dripper","Pen Nib","Ancient Tea Set","Darkstone Periapt"],"potions_floor_usage":[6,8,8,14,16,16,29,30,33,39,45,48],"damage_taken":[{"damage":6,"enemies":"Cultist","floor":1,"turns":4},{"damage":6,"enemies":"Jaw Worm","floor":3,"turns":5},{"damage":0,"enemies":"2 Louse","floor":4,"turns":3},{"damage":11,"enemies":"Blue Slaver","floor":5,"turns":4},{"damage":26,"enemies":"3 Sentries","floor":6,"turns":6},{"damage":5,"enemies":"Looter","floor":7,"turns":3},{"damage":18,"enemies":"Lagavulin","floor":8,"turns":5},{"damage":17,"enemies":"Exordium Thugs","floor":10,"turns":4},{"damage":12,"enemies":"Blue Slaver","floor":13,"turns":2},{"damage":19,"enemies":"Lots of Slimes","floor":14,"turns":3},{"damage":17,"enemies":"The Guardian","floor":16,"turns":7},{"damage":30,"enemies":"2 Thieves","floor":18,"turns":3},{"damage":20,"enemies":"Shell Parasite","floor":22,"turns":4},{"damage":0,"enemies":"Gremlin Leader","floor":24,"turns":4},{"damage":13,"enemies":"Centurion and Healer","floor":27,"turns":4},{"damage":21,"enemies":"3 Cultists","floor":29,"turns":4},{"damage":19,"enemies":"Book of Stabbing","floor":30,"turns":3},{"damage":16,"enemies":"Collector","floor":33,"turns":5},{"damage":15,"enemies":"Orb Walker","floor":35,"turns":2},{"damage":18,"enemies":"3 Darklings","floor":39,"turns":2},{"damage":78,"enemies":"Reptomancer","floor":40,"turns":4},{"damage":10,"enemies":"Writhing Mass","floor":41,"turns":3},{"damage":0,"enemies":"Nemesis","floor":45,"turns":1},{"damage":5,"enemies":"Maw","floor":47,"turns":4},{"damage":3,"enemies":"3 Darklings","floor":48,"turns":2},{"damage":0,"enemies":"Time Eater","floor":50,"turns":2}],"seed_played":"1779252114810686721","potions_obtained":[{"floor":3,"key":"PowerPotion"},{"floor":5,"key":"Poison Potion"},{"floor":7,"key":"Swift Potion"},{"floor":10,"key":"Weak Potion"},{"floor":13,"key":"Block Potion"},{"floor":14,"key":"Swift Potion"},{"floor":22,"key":"Explosive Potion"},{"floor":29,"key":"Fire Potion"},{"floor":30,"key":"Energy Potion"},{"floor":35,"key":"AttackPotion"},{"floor":39,"key":"SkillPotion"},{"floor":40,"key":"Dexterity Potion"},{"floor":48,"key":"Fruit Juice"}],"is_trial":false,"path_per_floor":["M","$","M","M","M","E","M","E","T","M","?","$","M","M","R","B",null,"M","?","?","T","M","R","E","R","T","M","?","M","E","$","R","B",null,"M","?","$","?","M","E","M","R","T","R","E","$","M","M","R","B",null],"character_chosen":"IRONCLAD","items_purchased":["Inflame"],"campfire_rested":0,"item_purchase_floors":[12],"current_hp_per_floor":[88,88,88,88,83,63,64,52,52,53,45,45,45,77,77,76,88,64,64,47,47,33,33,39,39,39,50,50,47,34,34,34,60,93,84,84,84,84,81,24,28,28,28,28,34,34,41,49,49,55],"gold":87,"neow_bonus":"TEN_PERCENT_HP_BONUS","is_prod":false,"is_daily":false,"chose_seed":false,"campfire_upgraded":7,"win_rate":0,"timestamp":1542372687,"path_taken":["M","$","M","M","M","E","M","E","T","?","?","$","?","M","R","BOSS","M","?","?","?","M","R","E","R","T","?","?","M","E","$","R","BOSS","M","?","$","?","?","E","M","R","T","R","E","?","M","M","R","BOSS"],"build_version":"2018-11-15","purchased_purges":5,"victory":true,"max_hp_per_floor":[88,88,88,88,88,88,88,88,88,88,88,88,88,88,88,88,88,88,88,93,93,93,93,93,93,93,93,93,93,93,93,93,93,93,93,93,93,93,93,96,96,96,96,96,96,96,96,101,101,101],"card_choices":[{"not_picked":["Heavy Blade","Twin Strike"],"picked":"Inflame","floor":1},{"not_picked":["Ghostly Armor","Intimidate"],"picked":"Sword Boomerang","floor":3},{"not_picked":["Thunderclap","Pommel Strike"],"picked":"Flex","floor":4},{"not_picked":["Rage","Combust"],"picked":"Warcry","floor":5},{"not_picked":["Dark Embrace","Uppercut"],"picked":"Headbutt","floor":6},{"not_picked":["Body Slam","Intimidate"],"picked":"Inflame","floor":7},{"not_picked":["Pommel Strike","Perfected Strike"],"picked":"Reaper","floor":8},{"not_picked":["Flex","Power Through"],"picked":"Heavy Blade","floor":10},{"not_picked":["Metallicize","Burning Pact"],"picked":"Clash","floor":13},{"not_picked":["Iron Wave","Bloodletting"],"picked":"Sword Boomerang","floor":14},{"not_picked":["Feed","Berserk"],"picked":"Limit Break","floor":16},{"not_picked":["Blood for Blood+1","Sever Soul"],"picked":"Rage+1","floor":18},{"not_picked":["Dual Wield","Pommel Strike"],"picked":"Heavy Blade","floor":22},{"not_picked":["Metallicize","Shockwave"],"picked":"Thunderclap+1","floor":24},{"not_picked":["Hemokinesis","Intimidate"],"picked":"Headbutt+1","floor":27},{"not_picked":["Thunderclap+1","Body Slam"],"picked":"Heavy Blade+1","floor":29},{"not_picked":["Headbutt","Thunderclap"],"picked":"Flex","floor":30},{"not_picked":["Juggernaut","Barricade"],"picked":"Feed","floor":33},{"not_picked":["Clothesline","Twin Strike"],"picked":"Thunderclap+1","floor":35},{"not_picked":["Berserk","Burning Pact+1"],"picked":"Anger+1","floor":39},{"not_picked":["Sword Boomerang","Shrug It Off"],"picked":"Flex+1","floor":40},{"not_picked":["Cleave","Sword Boomerang+1"],"picked":"Battle Trance+1","floor":41},{"not_picked":["Feed","Seeing Red"],"picked":"Heavy Blade+1","floor":45},{"not_picked":["Bloodletting","Pommel Strike+1"],"picked":"Anger+1","floor":47},{"not_picked":["Cleave","Rupture"],"picked":"True Grit+1","floor":48}],"player_experience":69142,"relics_obtained":[{"floor":6,"key":"Dodecahedron"},{"floor":8,"key":"Red Skull"},{"floor":9,"key":"Kunai"},{"floor":21,"key":"Lantern"},{"floor":24,"key":"Whetstone"},{"floor":26,"key":"Art of War"},{"floor":30,"key":"Vajra"},{"floor":40,"key":"Pen Nib"},{"floor":43,"key":"Ancient Tea Set"},{"floor":45,"key":"Darkstone Periapt"}],"event_choices":[{"damage_healed":0,"gold_gain":0,"player_choice":"Damaged","damage_taken":8,"max_hp_gain":0,"max_hp_loss":0,"event_name":"Wheel of Change","floor":11,"gold_loss":0},{"damage_healed":0,"gold_gain":0,"player_choice":"Obtained Relic","damage_taken":0,"relics_obtained":["Paper Frog"],"max_hp_gain":0,"max_hp_loss":0,"event_name":"Addict","floor":19,"gold_loss":85},{"damage_healed":0,"gold_gain":0,"player_choice":"Shed Blood","damage_taken":22,"max_hp_gain":5,"max_hp_loss":0,"event_name":"Forgotten Altar","floor":20,"gold_loss":0},{"damage_healed":0,"gold_gain":0,"player_choice":"Traded Relic","damage_taken":0,"relics_obtained":["Nloth\u0027s Gift"],"max_hp_gain":0,"max_hp_loss":0,"event_name":"N\u0027loth","floor":28,"relics_lost":["Paper Frog"],"gold_loss":0},{"damage_healed":0,"gold_gain":0,"player_choice":"Ignored","damage_taken":0,"max_hp_gain":0,"max_hp_loss":0,"event_name":"Tomb of Lord Red Mask","floor":36,"gold_loss":0},{"damage_healed":0,"gold_gain":0,"player_choice":"Copied","damage_taken":0,"max_hp_gain":0,"max_hp_loss":0,"event_name":"Duplicator","floor":38,"gold_loss":0,"cards_obtained":["Warcry"]}],"is_beta":true,"boss_relics":[{"not_picked":["Black Blood","Philosopher\u0027s Stone"],"picked":"Mark of Pain"},{"not_picked":["Astrolabe","White Beast Statue"],"picked":"Coffee Dripper"}],"items_purged_floors":[2,12,31,37,46],"is_endless":false,"potions_floor_spawned":[3,5,7,10,13,14,22,29,30,35,39,40,48],"ascension_level":0}