{"gold_per_floor":[119,45,45,70,98,110,142,154,191,219,231,270,301,330,342,453,465,493,523,51,51,70,70,98,111,111,146,162,174,199,216,216,216],"floor_reached":33,"playtime":2575,"items_purged":["Strike_R"],"score":360,"play_id":"2bf891e3-ba39-4c97-98eb-34330e17c482","local_time":"20181222212645","is_ascension_mode":true,"campfire_choices":[{"data":"Bash","floor":6,"key":"SMITH"},{"data":"Armaments","floor":8,"key":"SMITH"},{"data":"Brutality","floor":11,"key":"SMITH"},{"data":"Flex","floor":15,"key":"SMITH"},{"data":"Infernal Blade","floor":23,"key":"SMITH"},{"floor":32,"key":"REST"}],"neow_cost":"PERCENT_DAMAGE","seed_source_timestamp":187341006786198,"circlet_count":0,"master_deck":["Strike_R","Strike_R","Strike_R","Defend_R","Defend_R","Defend_R","Bash+1","Flex+1","Heavy Blade","Armaments+1","Sever Soul","Brutality+1","Dropkick+1","Carnage+1","Pommel Strike+1","Reaper+1","Cleave+1","Thunderclap+1","Thinking Ahead","Infernal Blade+1","Infernal Blade","Headbutt+1","Flex","Combust","Inflame","Sword Boomerang+1","Cleave+1","Warcry"],"relics":["Burning Blood","MawBank","Molten Egg 2","Sozu","Sundial","Happy Flower","Unceasing Top","Orichalcum","Red Mask"],"potions_floor_usage":[16,27],"damage_taken":[{"damage":1,"enemies":"Cultist","floor":1,"turns":3},{"damage":5,"enemies":"2 Louse","floor":4,"turns":2},{"damage":8,"enemies":"Jaw Worm","floor":5,"turns":4},{"damage":10,"enemies":"Looter","floor":7,"turns":3},{"damage":0,"enemies":"Exordium Wildlife","floor":10,"turns":3},{"damage":25,"enemies":"3 Sentries","floor":12,"turns":7},{"damage":4,"enemies":"Blue Slaver","floor":13,"turns":3},{"damage":6,"enemies":"Looter","floor":14,"turns":2},{"damage":5,"enemies":"Slime Boss","floor":16,"turns":6},{"damage":24,"enemies":"3 Byrds","floor":18,"turns":5},{"damage":2,"enemies":"Spheric Guardian","floor":19,"turns":3},{"damage":22,"enemies":"Centurion and Healer","floor":22,"turns":3},{"damage":30,"enemies":"Book of Stabbing","floor":24,"turns":3},{"damage":34,"enemies":"Snake Plant","floor":25,"turns":3},{"damage":20,"enemies":"Gremlin Leader","floor":27,"turns":3},{"damage":26,"enemies":"Shelled Parasite and Fungi","floor":28,"turns":4},{"damage":13,"enemies":"Centurion and Healer","floor":29,"turns":3},{"damage":4,"enemies":"Masked Bandits","floor":30,"turns":2},{"damage":27,"enemies":"Snake Plant","floor":31,"turns":3},{"damage":77,"enemies":"Automaton","floor":33,"turns":6}],"seed_played":"6133433007666176537","potions_obtained":[{"floor":1,"key":"PowerPotion"},{"floor":14,"key":"GamblersBrew"},{"floor":16,"key":"BloodPotion"}],"is_trial":false,"path_per_floor":["M","$","?","M","M","R","M","R","T","M","R","E","M","M","R","B",null,"M","M","$","?","M","R","E","M","T","E","M","M","?","M","R","B"],"character_chosen":"IRONCLAD","items_purchased":["Flex","Heavy Blade","Sundial","Thinking Ahead"],"campfire_rested":1,"item_purchase_floors":[2,2,20,20],"current_hp_per_floor":[61,61,61,62,60,60,56,56,56,62,62,43,45,45,45,46,80,62,66,66,66,55,55,44,25,25,46,35,38,40,29,53,0],"gold":216,"neow_bonus":"REMOVE_TWO","is_prod":false,"is_daily":false,"chose_seed":false,"campfire_upgraded":5,"win_rate":0,"timestamp":1545532005,"path_taken":["M","?","?","M","?","R","M","R","T","M","R","E","M","M","R","BOSS","M","M","$","?","M","R","E","M","T","E","M","M","?","M","R","BOSS"],"build_version":"2018-12-20","purchased_purges":1,"victory":false,"max_hp_per_floor":[80,80,80,80,80,80,80,80,80,80,80,80,80,80,80,80,80,80,80,80,80,80,80,80,80,80,80,80,80,80,80,80,80],"card_choices":[{"not_picked":["Searing Blow","Feel No Pain","Fire Breathing"],"picked":"SKIP","floor":1},{"not_picked":["Body Slam","Burning Pact","Shrug It Off"],"picked":"SKIP","floor":4},{"not_picked":["Perfected Strike","Shrug It Off"],"picked":"Armaments","floor":5},{"not_picked":["Perfected Strike","Pommel Strike"],"picked":"Sever Soul","floor":7},{"not_picked":["Reckless Charge","Heavy Blade"],"picked":"Brutality","floor":10},{"not_picked":["Shrug It Off","Metallicize"],"picked":"Dropkick","floor":12},{"not_picked":["Armaments","Pommel Strike+1"],"picked":"Carnage+1","floor":13},{"not_picked":["Shockwave","Rage"],"picked":"Pommel Strike+1","floor":14},{"not_picked":["Impervious","Barricade"],"picked":"Reaper+1","floor":16},{"not_picked":["Twin Strike+1","Body Slam+1"],"picked":"Cleave+1","floor":18},{"not_picked":["Spot Weakness","Cleave+1"],"picked":"Thunderclap+1","floor":19},{"not_picked":["True Grit","Headbutt+1"],"picked":"Infernal Blade","floor":22},{"not_picked":["Power Through","Limit Break"],"picked":"Headbutt+1","floor":24},{"not_picked":["Twin Strike+1","Seeing Red"],"picked":"Flex","floor":25},{"not_picked":["Rage+1","Power Through"],"picked":"Combust","floor":27},{"not_picked":["Anger+1","True Grit"],"picked":"Inflame","floor":28},{"not_picked":["True Grit","Armaments"],"picked":"Sword Boomerang+1","floor":29},{"not_picked":["Rampage+1","Shrug It Off"],"picked":"Cleave+1","floor":30},{"not_picked":["Entrench+1","Pommel Strike+1"],"picked":"Warcry","floor":31}],"player_experience":62445,"relics_obtained":[{"floor":12,"key":"Molten Egg 2"},{"floor":24,"key":"Happy Flower"},{"floor":26,"key":"Unceasing Top"},{"floor":27,"key":"Orichalcum"},{"floor":30,"key":"Red Mask"}],"event_choices":[{"damage_healed":0,"gold_gain":0,"player_choice":"Gave Potion","damage_taken":0,"relics_obtained":["MawBank"],"max_hp_gain":0,"max_hp_loss":0,"event_name":"WeMeetAgain","floor":3,"gold_loss":0},{"damage_healed":0,"gold_gain":0,"player_choice":"Read","damage_taken":0,"max_hp_gain":0,"max_hp_loss":0,"event_name":"The Library","floor":21,"gold_loss":0,"cards_obtained":["Infernal Blade"]},{"damage_healed":0,"gold_gain":0,"player_choice":"Fought Bandits","damage_taken":0,"max_hp_gain":0,"max_hp_loss":0,"event_name":"Masked Bandits","floor":30,"gold_loss":0}],"is_beta":false,"boss_relics":[{"not_picked":["Velvet Choker","Orrery"],"picked":"Sozu"}],"items_purged_floors":[20],"is_endless":false,"potions_floor_spawned":[1,14,16,18,25,27,29],"killed_by":"Automaton","ascension_level":1}