{"gold_per_floor":[116,81,81,91,91,117,117,117,196,212,212,228,243,275,275,379,379,399,399,29,44,74,74,103,118,118,131,181,212,226,256,256,256],"floor_reached":33,"playtime":1482,"items_purged":["Pain"],"score":493,"play_id":"57682fb7-846d-457e-b148-638b945ca331","local_time":"20190908092026","is_ascension_mode":true,"campfire_choices":[{"data":"Bludgeon","floor":7,"key":"SMITH"},{"floor":11,"key":"REST"},{"data":"Offering","floor":15,"key":"SMITH"},{"data":"Sword Boomerang","floor":23,"key":"SMITH"},{"floor":32,"key":"REST"}],"neow_cost":"PERCENT_DAMAGE","seed_source_timestamp":143808782520700,"circlet_count":0,"master_deck":["Strike_R","Strike_R","Strike_R","Strike_R","Strike_R","Defend_R","Defend_R","Defend_R","Defend_R","Bash+1","Bludgeon+1","Clash","Cleave","Anger","Battle Trance","Offering+1","Clash","Spot Weakness","Double Tap","Sword Boomerang","Battle Trance","Sword Boomerang+1","Headbutt","Cleave","Clash","Feed","Battle Trance","Cleave+1"],"relics":["Burning Blood","Pear","FossilizedHelix","Mercury Hourglass","Orichalcum","Sozu","WarpedTongs","StoneCalendar","Red Mask","Pen Nib","Smiling Mask","WingedGreaves"],"potions_floor_usage":[16,16,33],"damage_taken":[{"damage":6,"enemies":"Cultist","floor":1,"turns":3},{"damage":12,"enemies":"Jaw Worm","floor":4,"turns":2},{"damage":40,"enemies":"Lagavulin","floor":6,"turns":4},{"damage":0,"enemies":"2 Louse","floor":10,"turns":2},{"damage":0,"enemies":"Lots of Slimes","floor":12,"turns":2},{"damage":0,"enemies":"Looter","floor":13,"turns":2},{"damage":0,"enemies":"Gremlin Nob","floor":14,"turns":2},{"damage":43,"enemies":"Hexaghost","floor":16,"turns":4},{"damage":7,"enemies":"3 Byrds","floor":18,"turns":3},{"damage":0,"enemies":"Shell Parasite","floor":21,"turns":1},{"damage":0,"enemies":"Masked Bandits","floor":22,"turns":2},{"damage":22,"enemies":"Slavers","floor":24,"turns":5},{"damage":16,"enemies":"Sentry and Sphere","floor":25,"turns":4},{"damage":0,"enemies":"Centurion and Healer","floor":27,"turns":1},{"damage":0,"enemies":"Gremlin Leader","floor":29,"turns":2},{"damage":30,"enemies":"Snake Plant","floor":30,"turns":3},{"damage":19,"enemies":"Slavers","floor":31,"turns":3},{"damage":71,"enemies":"Champ","floor":33,"turns":4}],"seed_played":"4662297066252270384","potions_obtained":[{"floor":4,"key":"LiquidBronze"},{"floor":6,"key":"Poison Potion"},{"floor":13,"key":"Strength Potion"}],"is_trial":false,"path_per_floor":["M","?","T","M","$","E","R","?","T","M","R","M","M","E","R","B",null,"M","?","$","M","?","R","E","M","T","M","?","E","M","E","R","B"],"character_chosen":"IRONCLAD","items_purchased":["StoneCalendar"],"campfire_rested":2,"item_purchase_floors":[20],"current_hp_per_floor":[51,71,81,75,75,41,41,41,41,47,74,80,86,90,90,53,81,80,80,80,86,90,90,74,64,64,70,70,76,52,39,66,0],"gold":256,"neow_bonus":"THREE_RARE_CARDS","is_prod":false,"is_daily":false,"chose_seed":false,"campfire_upgraded":3,"win_rate":0,"timestamp":1567948826,"path_taken":["M","?","?","M","?","E","R","?","T","M","R","?","M","E","R","BOSS","M","?","$","?","?","R","E","M","T","M","?","E","M","E","R","BOSS"],"build_version":"2019-07-17","purchased_purges":1,"victory":false,"max_hp_per_floor":[80,80,90,90,90,90,90,90,90,90,90,90,90,90,90,90,90,90,90,90,90,90,90,90,90,90,90,90,90,90,90,90,90],"card_choices":[{"not_picked":["Barricade","Impervious"],"picked":"Bludgeon","floor":0},{"not_picked":["Armaments","True Grit"],"picked":"Clash","floor":1},{"not_picked":["True Grit","Burning Pact"],"picked":"Cleave","floor":4},{"not_picked":["Rampage","Reckless Charge"],"picked":"Anger","floor":6},{"not_picked":["Warcry","Iron Wave"],"picked":"Battle Trance","floor":10},{"not_picked":["Clash","Sword Boomerang"],"picked":"Offering","floor":12},{"not_picked":["Clothesline","Offering"],"picked":"Clash","floor":13},{"not_picked":["Headbutt","Iron Wave"],"picked":"Spot Weakness","floor":14},{"not_picked":["Bludgeon","Berserk"],"picked":"Double Tap","floor":16},{"not_picked":["Carnage","Cleave"],"picked":"Sword Boomerang","floor":18},{"not_picked":["Ghostly Armor+1","Sentinel"],"picked":"Battle Trance","floor":21},{"not_picked":["Twin Strike","Rampage"],"picked":"Sword Boomerang","floor":22},{"not_picked":["Feel No Pain+1","Hemokinesis"],"picked":"Headbutt","floor":24},{"not_picked":["Twin Strike","Corruption"],"picked":"Cleave","floor":25},{"not_picked":["Body Slam","Limit Break"],"picked":"Clash","floor":27},{"not_picked":["Sword Boomerang+1","Disarm"],"picked":"Feed","floor":29},{"not_picked":["Perfected Strike","Body Slam"],"picked":"Battle Trance","floor":30},{"not_picked":["Feel No Pain","Burning Pact+1"],"picked":"Cleave+1","floor":31}],"player_experience":506296,"relics_obtained":[{"floor":3,"key":"Pear"},{"floor":6,"key":"FossilizedHelix"},{"floor":9,"key":"Mercury Hourglass"},{"floor":14,"key":"Orichalcum"},{"floor":22,"key":"Red Mask"},{"floor":24,"key":"Pen Nib"},{"floor":29,"key":"Smiling Mask"},{"floor":31,"key":"WingedGreaves"}],"event_choices":[{"damage_healed":20,"gold_gain":0,"player_choice":"Healed","damage_taken":0,"max_hp_gain":0,"max_hp_loss":0,"event_name":"The Cleric","floor":2,"gold_loss":35},{"damage_healed":0,"gold_gain":0,"player_choice":"Upgraded","damage_taken":0,"max_hp_gain":0,"max_hp_loss":0,"event_name":"Upgrade Shrine","floor":8,"gold_loss":0,"cards_upgraded":["Bash"]},{"damage_healed":0,"gold_gain":0,"player_choice":"Rummage","damage_taken":0,"relics_obtained":["WarpedTongs"],"max_hp_gain":0,"max_hp_loss":0,"event_name":"Accursed Blacksmith","floor":19,"gold_loss":0,"cards_obtained":["Pain"]},{"damage_healed":0,"gold_gain":0,"player_choice":"Fought Bandits","damage_taken":0,"max_hp_gain":0,"max_hp_loss":0,"event_name":"Masked Bandits","floor":22,"gold_loss":0},{"damage_healed":0,"gold_gain":100,"player_choice":"Bet on Murderer","damage_taken":0,"max_hp_gain":0,"max_hp_loss":0,"event_name":"The Joust","floor":28,"gold_loss":50}],"is_beta":false,"boss_relics":[{"not_picked":["Runic Cube","Cursed Key"],"picked":"Sozu"}],"items_purged_floors":[20],"is_endless":false,"potions_floor_spawned":[4,6,13,18,21,25,29],"killed_by":"Champ","ascension_level":7}