{"gold_per_floor":[13,33,33,33,45,45,73,73,73,92,109,144,144,160,160,261,261,281,291,309,309,309,309,334,334,334,111,123,123,123],"floor_reached":30,"playtime":1450,"items_purged":["Strike_R"],"score":338,"play_id":"77d89859-0ec2-4791-8edb-faf7e7dc4e3d","local_time":"20190904135133","is_ascension_mode":true,"campfire_choices":[{"data":"Heavy Blade","floor":6,"key":"SMITH"},{"data":"Spot Weakness","floor":8,"key":"SMITH"},{"data":"Ghostly Armor","floor":15,"key":"SMITH"},{"data":"Bloodletting","floor":23,"key":"SMITH"},{"data":"Flame Barrier","floor":29,"key":"SMITH"}],"neow_cost":"NO_GOLD","seed_source_timestamp":1728460675559949,"circlet_count":0,"master_deck":["Strike_R","Defend_R","Defend_R","Bash","Reaper","Spot Weakness+1","Ghostly Armor+1","Twin Strike","Heavy Blade+1","Rampage","Sever Soul+1","Immolate+1","Armaments","Bludgeon+1","Bloodletting+1","Flame Barrier+1"],"relics":["Burning Blood","Kunai","Molten Egg 2","Strawberry","WarpedTongs","Empty Cage","theSenshi:SailorFukuRelic","Blood Vial","Ancient Tea Set","Lantern"],"potions_floor_usage":[16,30],"damage_taken":[{"damage":23,"enemies":"Small Slimes","floor":1,"turns":4},{"damage":6,"enemies":"2 Louse","floor":2,"turns":3},{"damage":1,"enemies":"Cultist","floor":5,"turns":3},{"damage":20,"enemies":"Lagavulin","floor":7,"turns":7},{"damage":8,"enemies":"Blue Slaver","floor":10,"turns":2},{"damage":13,"enemies":"Gremlin Gang","floor":11,"turns":5},{"damage":10,"enemies":"3 Sentries","floor":12,"turns":3},{"damage":5,"enemies":"Looter","floor":14,"turns":3},{"damage":53,"enemies":"Hexaghost","floor":16,"turns":8},{"damage":4,"enemies":"Spheric Guardian","floor":18,"turns":4},{"damage":3,"enemies":"Chosen","floor":19,"turns":5},{"damage":49,"enemies":"3 Cultists","floor":20,"turns":5},{"damage":33,"enemies":"Gremlin Leader","floor":24,"turns":5},{"damage":34,"enemies":"Centurion and Healer","floor":28,"turns":5},{"damage":27,"enemies":"Book of Stabbing","floor":30,"turns":4}],"seed_played":"-6653573194007990207","potions_obtained":[{"floor":1,"key":"AttackPotion"},{"floor":7,"key":"SteroidPotion"},{"floor":11,"key":"Block Potion"},{"floor":16,"key":"FearPotion"},{"floor":20,"key":"Block Potion"},{"floor":24,"key":"Regen Potion"}],"is_trial":false,"path_per_floor":["M","M","?","?","M","R","E","R","T","M","M","E","?","M","R","B",null,"M","M","M","?","?","R","E","?","T","$","M","R","E"],"character_chosen":"IRONCLAD","items_purchased":["Lantern"],"campfire_rested":0,"item_purchase_floors":[27],"current_hp_per_floor":[69,77,77,77,80,80,66,66,66,64,73,76,76,77,77,30,73,75,86,59,59,59,59,36,36,36,36,10,10,0],"gold":123,"neow_bonus":"TRANSFORM_TWO_CARDS","is_prod":false,"is_daily":false,"chose_seed":false,"campfire_upgraded":5,"win_rate":0,"timestamp":1567601493,"path_taken":["M","M","?","?","?","R","E","R","T","M","M","E","?","?","R","BOSS","M","M","M","?","?","R","E","?","T","$","?","R","E"],"build_version":"2019-07-17","purchased_purges":1,"victory":false,"max_hp_per_floor":[80,80,80,80,80,80,80,80,80,80,80,87,87,87,87,87,87,87,87,87,87,87,87,87,87,87,87,87,87,87],"card_choices":[{"not_picked":["Headbutt","Clash"],"picked":"Ghostly Armor","floor":1},{"not_picked":["Perfected Strike","Flex"],"picked":"Twin Strike","floor":2},{"not_picked":["Pommel Strike","Perfected Strike"],"picked":"Heavy Blade","floor":5},{"not_picked":["Burning Pact","Anger"],"picked":"Rampage","floor":7},{"not_picked":["Shrug It Off","Thunderclap+1"],"picked":"Sever Soul+1","floor":10},{"not_picked":["Havoc","Burning Pact"],"picked":"Immolate+1","floor":11},{"not_picked":["Cleave+1","Fire Breathing"],"picked":"Armaments","floor":12},{"not_picked":["Armaments","Cleave+1","Infernal Blade"],"picked":"SKIP","floor":14},{"not_picked":["Juggernaut","Exhume"],"picked":"Bludgeon+1","floor":16},{"not_picked":["Cleave+1","True Grit","Thunderclap+1"],"picked":"SKIP","floor":18},{"not_picked":["Inflame","Anger+1"],"picked":"Bloodletting","floor":19},{"not_picked":["Iron Wave+1","Corruption"],"picked":"Flame Barrier","floor":20},{"not_picked":["Thunderclap+1","Wild Strike+1","Limit Break"],"picked":"SKIP","floor":24},{"not_picked":["Evolve","Warcry","Inflame"],"picked":"SKIP","floor":28}],"player_experience":325945,"relics_obtained":[{"floor":7,"key":"Kunai"},{"floor":9,"key":"Molten Egg 2"},{"floor":12,"key":"Strawberry"},{"floor":24,"key":"Blood Vial"},{"floor":26,"key":"Ancient Tea Set"}],"event_choices":[{"cards_removed":["Strike_R"],"damage_healed":0,"gold_gain":0,"player_choice":"Forget","damage_taken":0,"max_hp_gain":0,"max_hp_loss":0,"event_name":"Living Wall","floor":3,"gold_loss":0},{"cards_removed":["Defend_R"],"damage_healed":0,"gold_gain":0,"player_choice":"Purged","damage_taken":0,"max_hp_gain":0,"max_hp_loss":0,"event_name":"Purifier","floor":4,"gold_loss":0},{"damage_healed":0,"gold_gain":0,"player_choice":"Rummage","damage_taken":0,"relics_obtained":["WarpedTongs"],"max_hp_gain":0,"max_hp_loss":0,"event_name":"Accursed Blacksmith","floor":13,"gold_loss":0,"cards_obtained":["Pain"]},{"damage_healed":0,"gold_gain":0,"player_choice":"Opened","damage_taken":0,"relics_obtained":["theSenshi:SailorFukuRelic"],"max_hp_gain":0,"max_hp_loss":0,"event_name":"The Mausoleum","floor":21,"gold_loss":0,"cards_obtained":["Writhe"]},{"damage_healed":0,"gold_gain":0,"player_choice":"Ignored","damage_taken":0,"max_hp_gain":0,"max_hp_loss":0,"event_name":"Vampires","floor":22,"gold_loss":0},{"cards_removed":["Writhe"],"damage_healed":0,"gold_gain":0,"player_choice":"Purged","damage_taken":0,"max_hp_gain":0,"max_hp_loss":0,"event_name":"Purifier","floor":25,"gold_loss":0}],"is_beta":false,"boss_relics":[{"not_picked":["Calling Bell","Black Blood"],"picked":"Empty Cage"}],"items_purged_floors":[27],"is_endless":false,"potions_floor_spawned":[1,7,11,14,16,20,24,28],"killed_by":"Book of Stabbing","ascension_level":6}