{"gold_per_floor":[113,113,132,145,160,195,145,160,160,176,189,208,208,283,283,388,438,448,465,90,90,90,90,121,121,145,192,247,296,7,32],"floor_reached":31,"playtime":3699,"items_purged":["Strike_G","Pain"],"score":293,"play_id":"9a683dc5-11eb-4c30-82d4-bb7348e3f132","local_time":"20181222222957","is_ascension_mode":true,"campfire_choices":[{"data":"Decay","floor":13,"key":"PURGE"},{"floor":15,"key":"REST"},{"data":"HandOfGreed","floor":23,"key":"SMITH"},{"data":"Blur","floor":25,"key":"SMITH"}],"neow_cost":"NONE","seed_source_timestamp":190002985596320,"circlet_count":0,"master_deck":["Defend_G","Defend_G","Defend_G","Defend_G","Strike_G","Strike_G","Strike_G","Strike_G","Survivor","Neutralize","Dagger Throw","Backflip","Blur+1","Poisoned Stab+1","Accuracy","Prepared","Leg Sweep","Dodge and Roll","Dash","Corpse Explosion","Noxious Fumes+1","Underhanded Strike","Acrobatics+1","HandOfGreed+1","Discovery","Blur","Distraction+1","Blade Dance+1","Underhanded Strike","Metamorphosis","Infinite Blades"],"relics":["Cursed Key","Peace Pipe","Ninja Scroll","Tiny House","Membership Card","Nilry\u0027s Codex","Thread and Needle","MawBank","Boot","Toxic Egg 2"],"potions_floor_usage":[16,24,27,27,27,27,28,31,31],"damage_taken":[{"damage":0,"enemies":"Jaw Worm","floor":1,"turns":5},{"damage":0,"enemies":"2 Louse","floor":3,"turns":2},{"damage":2,"enemies":"Small Slimes","floor":4,"turns":3},{"damage":0,"enemies":"2 Fungi Beasts","floor":5,"turns":4},{"damage":24,"enemies":"3 Sentries","floor":6,"turns":15},{"damage":0,"enemies":"Exordium Wildlife","floor":8,"turns":3},{"damage":0,"enemies":"Red Slaver","floor":10,"turns":4},{"damage":0,"enemies":"2 Fungi Beasts","floor":11,"turns":2},{"damage":0,"enemies":"Blue Slaver","floor":12,"turns":4},{"damage":33,"enemies":"The Guardian","floor":16,"turns":16},{"damage":14,"enemies":"2 Thieves","floor":18,"turns":4},{"damage":1,"enemies":"Chosen","floor":19,"turns":6},{"damage":13,"enemies":"Book of Stabbing","floor":24,"turns":5},{"damage":7,"enemies":"Gremlin Leader","floor":27,"turns":6},{"damage":3,"enemies":"Snake Plant","floor":28,"turns":7},{"damage":1,"enemies":"Chosen and Byrds","floor":29,"turns":5},{"damage":21,"enemies":"Slavers","floor":31,"turns":5}],"seed_played":"-7617710324425338948","potions_obtained":[{"floor":1,"key":"Ancient Potion"},{"floor":3,"key":"GhostInAJar"},{"floor":10,"key":"Block Potion"},{"floor":11,"key":"Energy Potion"},{"floor":16,"key":"GamblersBrew"},{"floor":17,"key":"EntropicBrew"},{"floor":27,"key":"SkillPotion"},{"floor":28,"key":"Swift Potion"}],"is_trial":false,"path_per_floor":["M","?","M","M","M","E","?","M","T","M","M","M","R","?","R","B",null,"M","M","$","?","?","R","E","R","T","E","M","M","$","E"],"character_chosen":"THE_SILENT","items_purchased":["Membership Card","HandOfGreed","Discovery","Metamorphosis","Infinite Blades","Toxic Egg 2"],"campfire_rested":1,"item_purchase_floors":[20,20,20,30,30,30],"current_hp_per_floor":[70,63,63,61,61,37,37,37,37,37,37,37,37,26,47,14,75,61,60,60,44,44,44,31,31,31,24,21,20,20,0],"gold":32,"neow_bonus":"BOSS_RELIC","is_prod":false,"is_daily":false,"chose_seed":false,"campfire_upgraded":2,"win_rate":0,"timestamp":1545535797,"path_taken":["M","?","M","M","M","E","?","M","T","M","M","M","R","?","R","BOSS","M","M","$","?","?","R","E","R","T","E","M","M","$","E"],"build_version":"2018-12-20","purchased_purges":2,"victory":false,"max_hp_per_floor":[70,70,70,70,70,70,70,70,70,70,70,70,70,70,70,70,75,75,75,75,75,75,75,75,75,75,75,75,75,75,75],"card_choices":[{"not_picked":["Masterful Stab","Cloak And Dagger"],"picked":"Dagger Throw","floor":1},{"not_picked":["PiercingWail","Reflex"],"picked":"Backflip","floor":3},{"not_picked":["Acrobatics","PiercingWail"],"picked":"Blur","floor":4},{"not_picked":["Finisher","Escape Plan"],"picked":"Poisoned Stab","floor":5},{"not_picked":["Calculated Gamble","Terror"],"picked":"Accuracy","floor":6},{"not_picked":["Deflect","Envenom"],"picked":"Prepared","floor":8},{"not_picked":["Sucker Punch","Slice"],"picked":"Leg Sweep","floor":10},{"not_picked":["Footwork","Flechettes"],"picked":"Dodge and Roll","floor":11},{"not_picked":["Flying Knee","Deadly Poison"],"picked":"Dash","floor":12},{"not_picked":["Phantasmal Killer","After Image"],"picked":"Corpse Explosion","floor":16},{"not_picked":["Bane","Prepared"],"picked":"Noxious Fumes","floor":17},{"not_picked":["PiercingWail","Deadly Poison"],"picked":"Underhanded Strike","floor":18},{"not_picked":["Cloak And Dagger","Outmaneuver"],"picked":"Acrobatics+1","floor":19},{"not_picked":["Acrobatics","Finisher"],"picked":"Blur","floor":24},{"not_picked":["Eviscerate","Prepared"],"picked":"Distraction+1","floor":27},{"not_picked":["PiercingWail","All Out Attack"],"picked":"Blade Dance+1","floor":28},{"not_picked":["Footwork","Catalyst"],"picked":"Underhanded Strike","floor":29}],"player_experience":65020,"relics_obtained":[{"floor":6,"key":"Ninja Scroll"},{"floor":21,"key":"Nilry\u0027s Codex"},{"floor":24,"key":"Thread and Needle"},{"floor":26,"key":"MawBank"},{"floor":27,"key":"Boot"}],"event_choices":[{"damage_healed":0,"gold_gain":0,"player_choice":"Success","damage_taken":7,"relics_obtained":["Peace Pipe"],"max_hp_gain":0,"max_hp_loss":0,"event_name":"Scrap Ooze","floor":2,"gold_loss":0},{"cards_removed":["Defend_G"],"damage_healed":0,"gold_gain":0,"player_choice":"Card Removal","damage_taken":0,"max_hp_gain":0,"max_hp_loss":0,"event_name":"The Cleric","floor":7,"gold_loss":50},{"damage_healed":0,"gold_gain":75,"player_choice":"Gather Gold","damage_taken":11,"max_hp_gain":0,"max_hp_loss":0,"event_name":"World of Goop","floor":14,"gold_loss":0},{"damage_healed":0,"gold_gain":0,"player_choice":"Obtained Book","damage_taken":16,"max_hp_gain":0,"max_hp_loss":0,"event_name":"Cursed Tome","floor":21,"gold_loss":0},{"damage_healed":0,"gold_gain":0,"player_choice":"Upgraded","damage_taken":0,"max_hp_gain":0,"max_hp_loss":0,"event_name":"Upgrade Shrine","floor":22,"gold_loss":0,"cards_upgraded":["Noxious Fumes"]}],"is_beta":false,"boss_relics":[{"not_picked":["Runic Pyramid","Fusion Hammer"],"picked":"Tiny House"}],"items_purged_floors":[20,30],"is_endless":false,"potions_floor_spawned":[1,3,10,11,16,27,28],"killed_by":"Slavers","ascension_level":1}