{"gold_per_floor":[118,131,144,163,163,188,203,221,298,326,30,48,78,138,138,237,237,254,268,31,47,66,96,11,11],"floor_reached":25,"playtime":3125,"items_purged":[],"score":259,"play_id":"66fb1413-0c1f-42c5-b816-5e9ad2808fef","local_time":"20181226201010","is_ascension_mode":true,"campfire_choices":[{"floor":15,"key":"REST"}],"neow_cost":"NONE","seed_source_timestamp":527831285109805,"circlet_count":0,"master_deck":["Defend_G","Defend_G","Defend_G","Defend_G","Strike_G","Strike_G","Survivor","Neutralize","Dodge and Roll","All Out Attack","Dagger Throw","Noxious Fumes","Dodge and Roll","Cloak And Dagger","Crippling Poison","Escape Plan","Caltrops","Footwork","Adrenaline","Distraction","Deadly Poison","Envenom","Expertise+1","Burst+1","Backstab+1","Setup","Flying Knee+1","Discovery","Bane","Blur","Distraction+1","Blur"],"relics":["Ring of the Snake","Pear","Boot","PreservedInsect","Peace Pipe","Vajra","Astrolabe","Tiny Chest","Pen Nib","Ancient Tea Set"],"potions_floor_usage":[6,6,10,10,12,13,22,23],"damage_taken":[{"damage":0,"enemies":"Jaw Worm","floor":1,"turns":5},{"damage":6,"enemies":"Small Slimes","floor":2,"turns":6},{"damage":0,"enemies":"Cultist","floor":3,"turns":3},{"damage":4,"enemies":"Looter","floor":4,"turns":5},{"damage":1,"enemies":"3 Sentries","floor":6,"turns":7},{"damage":5,"enemies":"2 Fungi Beasts","floor":7,"turns":3},{"damage":9,"enemies":"3 Louse","floor":8,"turns":3},{"damage":20,"enemies":"Gremlin Nob","floor":10,"turns":4},{"damage":0,"enemies":"Looter","floor":12,"turns":5},{"damage":13,"enemies":"Lagavulin","floor":13,"turns":5},{"damage":7,"enemies":"Gremlin Nob","floor":14,"turns":3},{"damage":19,"enemies":"Hexaghost","floor":16,"turns":9},{"damage":1,"enemies":"Shell Parasite","floor":18,"turns":7},{"damage":9,"enemies":"Chosen","floor":19,"turns":6},{"damage":22,"enemies":"Centurion and Healer","floor":21,"turns":7},{"damage":28,"enemies":"Snecko","floor":22,"turns":8},{"damage":15,"enemies":"Slavers","floor":23,"turns":5},{"damage":8,"enemies":"Book of Stabbing","floor":25,"turns":1}],"seed_played":"-9023380071206802752","potions_obtained":[{"floor":1,"key":"PowerPotion"},{"floor":3,"key":"LiquidBronze"},{"floor":7,"key":"Swift Potion"},{"floor":8,"key":"Fire Potion"},{"floor":10,"key":"AttackPotion"},{"floor":21,"key":"PowerPotion"},{"floor":22,"key":"SteroidPotion"}],"is_trial":false,"path_per_floor":["M","M","M","M","?","E","M","M","T","E","$","M","E","?","R","B",null,"M","M","$","M","M","E","?","E"],"character_chosen":"THE_SILENT","items_purchased":["Footwork","Regen Potion","PreservedInsect","Tiny Chest","Discovery","Bane"],"campfire_rested":1,"item_purchase_floors":[11,11,11,20,20,20],"current_hp_per_floor":[70,64,64,60,53,62,57,48,48,28,28,43,30,23,47,28,80,79,70,70,48,20,5,5,0],"gold":11,"neow_bonus":"THREE_CARDS","is_prod":false,"is_daily":false,"chose_seed":false,"campfire_upgraded":0,"win_rate":0,"timestamp":1545873010,"path_taken":["M","M","M","M","?","E","M","M","T","E","$","M","E","?","R","BOSS","M","M","$","M","M","E","?","E"],"build_version":"2018-12-20","purchased_purges":0,"victory":false,"max_hp_per_floor":[70,70,70,70,70,80,80,80,80,80,80,80,80,80,80,80,80,80,80,80,80,80,80,80,80],"card_choices":[{"not_picked":["Underhanded Strike","Deflect"],"picked":"Dodge and Roll","floor":0},{"not_picked":["Tactician","PiercingWail"],"picked":"All Out Attack","floor":1},{"not_picked":["PiercingWail","Accuracy"],"picked":"Dagger Throw","floor":2},{"not_picked":["Masterful Stab","Dodge and Roll"],"picked":"Noxious Fumes","floor":3},{"not_picked":["Dash","Acrobatics"],"picked":"Dodge and Roll","floor":4},{"not_picked":["Endless Agony","Prepared"],"picked":"Cloak And Dagger","floor":6},{"not_picked":["Infinite Blades","Blade Dance"],"picked":"Crippling Poison","floor":7},{"not_picked":["Skewer","Slice"],"picked":"Escape Plan","floor":8},{"not_picked":["Escape Plan","Skewer"],"picked":"Caltrops","floor":10},{"not_picked":["Poisoned Stab","PiercingWail"],"picked":"Adrenaline","floor":12},{"not_picked":["Blade Dance","Crippling Poison"],"picked":"Distraction","floor":13},{"not_picked":["Quick Slash","Dagger Spray"],"picked":"Deadly Poison","floor":14},{"not_picked":["Wraith Form v2","Glass Knife"],"picked":"Envenom","floor":16},{"not_picked":["Accuracy","Acrobatics"],"picked":"Setup","floor":18},{"not_picked":["Underhanded Strike","Choke"],"picked":"Flying Knee+1","floor":19},{"not_picked":["Cloak And Dagger","Dagger Spray"],"picked":"Blur","floor":21},{"not_picked":["Masterful Stab","Blur"],"picked":"Distraction+1","floor":22},{"not_picked":["Deflect+1","Backflip"],"picked":"Blur","floor":23}],"player_experience":178399,"relics_obtained":[{"floor":6,"key":"Pear"},{"floor":10,"key":"Boot"},{"floor":13,"key":"Peace Pipe"},{"floor":14,"key":"Vajra"},{"floor":23,"key":"Pen Nib"}],"event_choices":[{"cards_removed":["Strike_G"],"damage_healed":0,"gold_gain":0,"player_choice":"Card Removal","damage_taken":7,"max_hp_gain":0,"max_hp_loss":0,"event_name":"Golden Wing","floor":5,"gold_loss":0},{"damage_healed":0,"gold_gain":0,"player_choice":"Searched \u00271\u0027 times","damage_taken":0,"max_hp_gain":0,"max_hp_loss":0,"event_name":"Dead Adventurer","floor":14,"gold_loss":0},{"damage_healed":0,"gold_gain":0,"player_choice":"Obtained Relic","damage_taken":0,"relics_obtained":["Ancient Tea Set"],"max_hp_gain":0,"max_hp_loss":0,"event_name":"Addict","floor":24,"gold_loss":85}],"is_beta":false,"boss_relics":[{"not_picked":["Ring of the Serpent","Snecko Eye"],"picked":"Astrolabe"}],"items_purged_floors":[],"is_endless":false,"potions_floor_spawned":[1,3,7,8,10,21,22],"killed_by":"Book of Stabbing","ascension_level":1}