{"gold_per_floor":[118,136,154,172,172,201,201,213,284,316,316,46,74,85,85,188,188,203,128,128,128,128,161,161,193,193,203,203,228,240,258,258,354,354,368,378,378,389,404,433,433,433],"floor_reached":42,"playtime":3419,"items_purged":[],"score":823,"play_id":"c70b629e-b34f-4bca-8f43-efdb14a4f357","local_time":"20191003110430","is_ascension_mode":true,"campfire_choices":[{"floor":7,"key":"REST"},{"floor":11,"key":"REST"},{"floor":15,"key":"REST"},{"floor":24,"key":"REST"},{"floor":28,"key":"REST"},{"data":"After Image","floor":32,"key":"SMITH"},{"floor":41,"key":"REST"}],"neow_cost":"NONE","seed_source_timestamp":1354325467765700,"circlet_count":0,"master_deck":["Defend_G","Defend_G","Defend_G","Defend_G","Defend_G","Survivor","Neutralize","Dagger Throw","Noxious Fumes","Well Laid Plans","Calculated Gamble","Regret","Outmaneuver","Dodge and Roll","Infinite Blades","Bouncing Flask","Dash","Crippling Poison","Backflip","After Image+1","Outmaneuver+1","PiercingWail","Writhe","Bite","Bite","Bite","Bite","Bite","Footwork","Noxious Fumes","Venomology","Dodge and Roll","Bouncing Flask+1","Noxious Fumes","Dagger Throw+1","Backstab","Backflip+1","Dodge and Roll+1","After Image+1","Caltrops+1","Acrobatics","Accuracy+1","Dash+1","Sucker Punch+1","Backflip+1","Blur","Caltrops+1","Acrobatics+1"],"relics":["Ring of the Snake","Regal Pillow","Lantern","Ginger","Mummified Hand","Potion Belt","Bronze Scales","Dream Catcher","White Beast Statue","Incense Burner","MutagenicStrength","Pen Nib","Anchor","Prayer Wheel","Frozen Egg 2","Black Star","Centennial Puzzle","Oddly Smooth Stone"],"potions_floor_usage":[6,6,10,10,18,19,23,25,27,27,30,31,33,33,33,33,35,36,38,39,40,40,40,42,42,42,42],"damage_taken":[{"damage":0,"enemies":"Jaw Worm","floor":1,"turns":6},{"damage":0,"enemies":"2 Louse","floor":2,"turns":3},{"damage":3,"enemies":"Small Slimes","floor":3,"turns":4},{"damage":10,"enemies":"3 Louse","floor":4,"turns":4},{"damage":36,"enemies":"Lagavulin","floor":6,"turns":5},{"damage":4,"enemies":"Exordium Wildlife","floor":8,"turns":4},{"damage":16,"enemies":"3 Sentries","floor":10,"turns":7},{"damage":41,"enemies":"Gremlin Nob","floor":13,"turns":5},{"damage":15,"enemies":"Exordium Thugs","floor":14,"turns":4},{"damage":44,"enemies":"Slime Boss","floor":16,"turns":10},{"damage":2,"enemies":"3 Byrds","floor":18,"turns":3},{"damage":17,"enemies":"2 Thieves","floor":19,"turns":5},{"damage":56,"enemies":"Gremlin Leader","floor":23,"turns":7},{"damage":29,"enemies":"Slavers","floor":25,"turns":6},{"damage":2,"enemies":"Cultist and Chosen","floor":27,"turns":6},{"damage":17,"enemies":"Gremlin Leader","floor":29,"turns":7},{"damage":4,"enemies":"Chosen and Byrds","floor":30,"turns":5},{"damage":3,"enemies":"Snake Plant","floor":31,"turns":4},{"damage":31,"enemies":"Champ","floor":33,"turns":14},{"damage":0,"enemies":"3 Shapes","floor":35,"turns":5},{"damage":4,"enemies":"3 Darklings","floor":36,"turns":6},{"damage":18,"enemies":"Spire Growth","floor":38,"turns":6},{"damage":31,"enemies":"4 Shapes","floor":39,"turns":5},{"damage":0,"enemies":"Nemesis","floor":40,"turns":7},{"damage":62,"enemies":"Giant Head","floor":42,"turns":9}],"seed_played":"-8620838642115620768","potions_obtained":[{"floor":2,"key":"SteroidPotion"},{"floor":3,"key":"Strength Potion"},{"floor":4,"key":"Explosive Potion"},{"floor":8,"key":"Block Potion"},{"floor":16,"key":"Regen Potion"},{"floor":18,"key":"AttackPotion"},{"floor":19,"key":"Swift Potion"},{"floor":23,"key":"Block Potion"},{"floor":25,"key":"Fire Potion"},{"floor":27,"key":"FearPotion"},{"floor":29,"key":"GamblersBrew"},{"floor":30,"key":"Weak Potion"},{"floor":31,"key":"EssenceOfSteel"},{"floor":33,"key":"Dexterity Potion"},{"floor":35,"key":"Swift Potion"},{"floor":36,"key":"SkillPotion"},{"floor":38,"key":"Block Potion"},{"floor":39,"key":"Regen Potion"},{"floor":40,"key":"Strength Potion"}],"is_trial":false,"path_per_floor":["M","M","M","M","?","E","R","M","T","E","R","$","E","M","R","B",null,"M","M","?","?","?","E","R","E","T","M","R","E","M","M","R","B",null,"M","M","?","M","M","E","R","E"],"character_chosen":"THE_SILENT","items_purchased":["Infinite Blades","Bouncing Flask","Bronze Scales"],"campfire_rested":6,"item_purchase_floors":[12,12,12],"current_hp_per_floor":[63,63,60,50,50,14,50,46,46,30,66,66,25,10,46,2,53,63,46,46,46,46,2,31,8,8,18,47,42,44,45,45,34,45,49,45,45,37,8,29,49,0],"gold":433,"neow_bonus":"RANDOM_COMMON_RELIC","is_prod":false,"is_daily":false,"chose_seed":false,"campfire_upgraded":1,"win_rate":0,"timestamp":1570115070,"path_taken":["M","M","M","M","?","E","R","M","T","E","R","$","E","M","R","BOSS","M","M","?","?","?","E","R","E","T","?","R","E","M","M","R","BOSS","M","M","?","M","M","E","R","E"],"build_version":"2019-07-17","purchased_purges":0,"victory":false,"max_hp_per_floor":[70,70,70,70,70,70,70,70,70,70,70,70,70,70,70,70,70,70,70,70,70,49,49,49,49,49,49,49,49,49,49,49,49,49,49,49,49,49,49,49,49,49],"card_choices":[{"not_picked":["Bane","Underhanded Strike"],"picked":"Dagger Throw","floor":1},{"not_picked":["Masterful Stab","Dagger Spray"],"picked":"Noxious Fumes","floor":2},{"not_picked":["Backstab","Sucker Punch"],"picked":"Well Laid Plans","floor":3},{"not_picked":["Poisoned Stab","Blade Dance"],"picked":"Calculated Gamble","floor":4},{"not_picked":["Cloak And Dagger","Accuracy"],"picked":"Outmaneuver","floor":6},{"not_picked":["Prepared","Caltrops"],"picked":"Dodge and Roll","floor":8},{"not_picked":["Quick Slash","Bane","Endless Agony"],"picked":"SKIP","floor":10},{"not_picked":["Slice","Distraction"],"picked":"Dash","floor":13},{"not_picked":["Choke","Tactician"],"picked":"Crippling Poison","floor":14},{"not_picked":["Prepared","Burst"],"picked":"Backflip","floor":15},{"not_picked":["Unload","Tools of the Trade"],"picked":"After Image","floor":16},{"not_picked":["Blade Dance+1","Reflex+1"],"picked":"Outmaneuver+1","floor":18},{"not_picked":["Sucker Punch","Backflip"],"picked":"PiercingWail","floor":19},{"not_picked":["Deflect","Dodge and Roll"],"picked":"Footwork","floor":23},{"not_picked":["Outmaneuver","Sucker Punch"],"picked":"Noxious Fumes","floor":24},{"not_picked":["Slice","Skewer"],"picked":"Venomology","floor":25},{"not_picked":["Deflect+1","Heel Hook"],"picked":"Dodge and Roll","floor":27},{"not_picked":["PiercingWail","Setup"],"picked":"Bouncing Flask+1","floor":27},{"not_picked":["Quick Slash","Expertise+1"],"picked":"Noxious Fumes","floor":28},{"not_picked":["Tactician","Endless Agony"],"picked":"Dagger Throw+1","floor":29},{"not_picked":["Prepared+1","Backflip"],"picked":"PiercingWail","floor":30},{"not_picked":["Sucker Punch","Riddle With Holes+1"],"picked":"Backstab","floor":30},{"not_picked":["Flying Knee","Distraction"],"picked":"Backflip+1","floor":31},{"not_picked":["Deadly Poison","Cloak And Dagger"],"picked":"Dodge and Roll+1","floor":31},{"not_picked":["Die Die Die","Adrenaline"],"picked":"After Image+1","floor":33},{"not_picked":["Blade Dance+1","Outmaneuver+1"],"picked":"Caltrops+1","floor":35},{"not_picked":["Masterful Stab","Flying Knee+1"],"picked":"Acrobatics","floor":35},{"not_picked":["Heel Hook+1","PiercingWail"],"picked":"Accuracy+1","floor":36},{"not_picked":["Sucker Punch","Tactician"],"picked":"Dash+1","floor":36},{"not_picked":["Predator","Underhanded Strike"],"picked":"Sucker Punch+1","floor":38},{"not_picked":["Skewer","Flechettes+1","Dagger Spray"],"picked":"SKIP","floor":38},{"not_picked":["Dagger Spray","Catalyst"],"picked":"Backflip+1","floor":39},{"not_picked":["Deadly Poison","Expertise+1"],"picked":"Blur","floor":39},{"not_picked":["Dagger Spray","Backflip+1"],"picked":"Caltrops+1","floor":40},{"not_picked":["Flying Knee+1","Skewer+1"],"picked":"Acrobatics+1","floor":41}],"player_experience":794829,"relics_obtained":[{"floor":6,"key":"Ginger"},{"floor":9,"key":"Mummified Hand"},{"floor":10,"key":"Potion Belt"},{"floor":13,"key":"Dream Catcher"},{"floor":23,"key":"Pen Nib"},{"floor":25,"key":"Anchor"},{"floor":26,"key":"Prayer Wheel"},{"floor":29,"key":"Frozen Egg 2"},{"floor":40,"key":"Centennial Puzzle"},{"floor":40,"key":"Oddly Smooth Stone"}],"event_choices":[{"damage_healed":0,"gold_gain":0,"player_choice":"Box","damage_taken":0,"relics_obtained":["Lantern"],"max_hp_gain":0,"max_hp_loss":0,"event_name":"Big Fish","floor":5,"gold_loss":0,"cards_obtained":["Regret"]},{"damage_healed":0,"gold_gain":0,"player_choice":"Opened","damage_taken":0,"relics_obtained":["Incense Burner"],"max_hp_gain":0,"max_hp_loss":0,"event_name":"The Mausoleum","floor":20,"gold_loss":0,"cards_obtained":["Writhe"]},{"damage_healed":0,"gold_gain":0,"player_choice":"Inject Mutagens","damage_taken":0,"relics_obtained":["MutagenicStrength"],"max_hp_gain":0,"max_hp_loss":0,"event_name":"Drug Dealer","floor":21,"gold_loss":0},{"damage_healed":0,"gold_gain":0,"player_choice":"Became a vampire","damage_taken":0,"max_hp_gain":0,"max_hp_loss":21,"event_name":"Vampires","floor":22,"gold_loss":0,"cards_obtained":["Bite","Bite","Bite","Bite","Bite"]},{"cards_removed":["PiercingWail"],"damage_healed":0,"gold_gain":0,"player_choice":"Removed Skill","damage_taken":0,"max_hp_gain":0,"max_hp_loss":0,"event_name":"Falling","floor":37,"gold_loss":0}],"is_beta":false,"boss_relics":[{"not_picked":["Astrolabe","Ring of the Serpent"],"picked":"White Beast Statue"},{"not_picked":["Orrery","Velvet Choker"],"picked":"Black Star"}],"items_purged_floors":[],"is_endless":false,"potions_floor_spawned":[2,3,4,8,16,18,19,23,25,27,29,30,31,33,35,36,38,39,40],"killed_by":"Giant Head","ascension_level":9}