{"gold_per_floor":[111,111,111,126,47,73,73,100,100,110,130,155,167,12,12,12],"floor_reached":16,"playtime":924,"items_purged":[],"score":239,"play_id":"8f034e34-4a7c-4fac-b079-2d00352b67cf","local_time":"20191003080336","is_ascension_mode":true,"campfire_choices":[{"data":"1","floor":7,"key":"LIFT"},{"data":"2","floor":15,"key":"LIFT"}],"neow_cost":"NONE","seed_source_timestamp":1345967976460200,"circlet_count":0,"master_deck":["AscendersBane","Strike_R","Strike_R","Strike_R","Strike_R","Defend_R","Defend_R","Defend_R","Defend_R","Bash","Rupture","Regret","Perfected Strike","Feel No Pain","Clothesline","Power Through","Metallicize","Second Wind","Disarm","Havoc","Flash of Steel","Twin Strike"],"relics":["Burning Blood","NeowsBlessing","Girya","Regal Pillow","Centennial Puzzle","WingedGreaves"],"potions_floor_usage":[8,12,16],"damage_taken":[{"damage":0,"enemies":"Small Slimes","floor":1,"turns":2},{"damage":0,"enemies":"Jaw Worm","floor":4,"turns":1},{"damage":0,"enemies":"Gremlin Nob","floor":6,"turns":1},{"damage":28,"enemies":"3 Sentries","floor":8,"turns":8},{"damage":0,"enemies":"Cultist","floor":10,"turns":3},{"damage":15,"enemies":"3 Louse","floor":11,"turns":6},{"damage":29,"enemies":"Gremlin Nob","floor":12,"turns":5},{"damage":1,"enemies":"2 Fungi Beasts","floor":13,"turns":5},{"damage":61,"enemies":"The Guardian","floor":16,"turns":13}],"seed_played":"5766339421007593558","potions_obtained":[{"floor":4,"key":"Dexterity Potion"},{"floor":6,"key":"AttackPotion"},{"floor":11,"key":"BloodPotion"}],"is_trial":false,"path_per_floor":["M","?","?","M","$","E","R","E","T","M","M","E","M","$","R","B"],"character_chosen":"IRONCLAD","items_purchased":["Feel No Pain","Havoc","Flash of Steel","Twin Strike"],"campfire_rested":0,"item_purchase_floors":[5,14,14,14],"current_hp_per_floor":[78,78,78,80,80,80,80,58,58,64,55,52,57,57,57,0],"gold":12,"neow_bonus":"THREE_ENEMY_KILL","is_prod":false,"is_daily":false,"chose_seed":false,"campfire_upgraded":0,"win_rate":0,"timestamp":1570104216,"path_taken":["M","?","?","M","$","E","R","E","T","M","M","E","M","?","R","BOSS"],"build_version":"2019-07-17","purchased_purges":0,"victory":false,"max_hp_per_floor":[80,80,80,80,80,80,80,80,80,80,80,80,80,80,80,80],"card_choices":[{"not_picked":["Headbutt","Blood for Blood","Wild Strike"],"picked":"SKIP","floor":1},{"not_picked":["Sword Boomerang","Sever Soul"],"picked":"Perfected Strike","floor":4},{"not_picked":["Flex","Shrug It Off"],"picked":"Clothesline","floor":6},{"not_picked":["Headbutt","Sword Boomerang"],"picked":"Power Through","floor":8},{"not_picked":["Sword Boomerang","Searing Blow","Clash"],"picked":"SKIP","floor":10},{"not_picked":["Impervious","Searing Blow"],"picked":"Metallicize","floor":11},{"not_picked":["Hemokinesis","Warcry"],"picked":"Second Wind","floor":12},{"not_picked":["Sword Boomerang","Heavy Blade"],"picked":"Disarm","floor":13}],"player_experience":788554,"relics_obtained":[{"floor":6,"key":"Regal Pillow"},{"floor":8,"key":"Centennial Puzzle"},{"floor":12,"key":"WingedGreaves"}],"event_choices":[{"damage_healed":0,"gold_gain":0,"cards_transformed":["Strike_R"],"player_choice":"Change","damage_taken":0,"max_hp_gain":0,"max_hp_loss":0,"event_name":"Living Wall","floor":2,"gold_loss":0,"cards_obtained":["Rupture"]},{"damage_healed":0,"gold_gain":0,"player_choice":"Box","damage_taken":0,"relics_obtained":["Girya"],"max_hp_gain":0,"max_hp_loss":0,"event_name":"Big Fish","floor":3,"gold_loss":0,"cards_obtained":["Regret"]}],"is_beta":false,"boss_relics":[],"items_purged_floors":[],"is_endless":false,"potions_floor_spawned":[4,6,11],"killed_by":"The Guardian","ascension_level":13}