{"gold_per_floor":[119,119,119,129,129,176,188,216,280,303,333,376,406,448,460,574,586,613,639,2,2],"floor_reached":21,"playtime":1920,"items_purged":[],"score":249,"play_id":"1625f9c7-cd48-46c0-95ea-9ed2986bb69c","local_time":"20181228173049","is_ascension_mode":true,"campfire_choices":[{"data":"Accuracy","floor":7,"key":"SMITH"},{"floor":15,"key":"REST"}],"neow_cost":"NONE","seed_source_timestamp":692279746655062,"circlet_count":0,"master_deck":["Defend_G","Defend_G","Defend_G","Defend_G","Strike_G","Strike_G","Strike_G","Strike_G","Strike_G","Survivor","Neutralize","Accuracy+1","Infinite Blades","PiercingWail","Well Laid Plans","Backstab","Cloak And Dagger","Dagger Throw","Finisher","Blade Dance","Finisher","Die Die Die","Cloak And Dagger","PiercingWail","Footwork","Chrysalis"],"relics":["Ring of the Snake","NeowsBlessing","MawBank","Sundial","Pantograph","Dream Catcher","HoveringKite","Blood Vial","Kunai"],"potions_floor_usage":[11,12,14,16,18],"damage_taken":[{"damage":0,"enemies":"Cultist","floor":1,"turns":1},{"damage":0,"enemies":"Small Slimes","floor":4,"turns":1},{"damage":0,"enemies":"3 Sentries","floor":6,"turns":1},{"damage":1,"enemies":"2 Louse","floor":8,"turns":4},{"damage":18,"enemies":"Lots of Slimes","floor":10,"turns":4},{"damage":1,"enemies":"Blue Slaver","floor":11,"turns":3},{"damage":19,"enemies":"Gremlin Nob","floor":12,"turns":4},{"damage":0,"enemies":"Large Slime","floor":13,"turns":4},{"damage":21,"enemies":"3 Sentries","floor":14,"turns":9},{"damage":48,"enemies":"The Guardian","floor":16,"turns":7},{"damage":7,"enemies":"Shell Parasite","floor":18,"turns":4},{"damage":14,"enemies":"3 Byrds","floor":19,"turns":6},{"damage":11,"enemies":"Colosseum Slavers","floor":21,"turns":6},{"damage":70,"enemies":"Colosseum Nobs","floor":21,"turns":4}],"seed_played":"-5598952117345976706","potions_obtained":[{"floor":6,"key":"Strength Potion"},{"floor":8,"key":"Regen Potion"},{"floor":10,"key":"PowerPotion"},{"floor":14,"key":"FearPotion"},{"floor":16,"key":"PowerPotion"}],"is_trial":false,"path_per_floor":["M","?","?","M","?","E","R","M","T","M","M","E","M","E","R","B",null,"M","M","$","?"],"character_chosen":"THE_SILENT","items_purchased":["Blood Vial","Kunai","Footwork","Chrysalis"],"campfire_rested":1,"item_purchase_floors":[20,20,20,20],"current_hp_per_floor":[70,75,75,75,75,75,75,74,74,56,55,36,36,30,52,27,75,68,54,54,0],"gold":2,"neow_bonus":"THREE_ENEMY_KILL","is_prod":false,"is_daily":false,"chose_seed":false,"campfire_upgraded":1,"win_rate":0,"timestamp":1546036249,"path_taken":["M","?","?","?","?","E","R","M","T","M","?","E","M","E","R","BOSS","M","M","$","?"],"build_version":"2018-12-20","purchased_purges":0,"victory":false,"max_hp_per_floor":[70,75,75,75,75,75,75,75,75,75,75,75,75,75,75,75,75,75,75,75,75],"card_choices":[{"not_picked":["Backflip","Poisoned Stab"],"picked":"Accuracy","floor":1},{"not_picked":["Masterful Stab","Deflect"],"picked":"Infinite Blades","floor":4},{"not_picked":["Poisoned Stab","Leg Sweep"],"picked":"PiercingWail","floor":6},{"not_picked":["Dodge and Roll","Terror"],"picked":"Well Laid Plans","floor":8},{"not_picked":["Dagger Spray","All Out Attack"],"picked":"Backstab","floor":10},{"not_picked":["Quick Slash","Sucker Punch"],"picked":"Cloak And Dagger","floor":11},{"not_picked":["Slice","Poisoned Stab"],"picked":"Dagger Throw","floor":12},{"not_picked":["Backflip","Reflex"],"picked":"Finisher","floor":13},{"not_picked":["Prepared","Quick Slash"],"picked":"Blade Dance","floor":14},{"not_picked":["Prepared","Sucker Punch"],"picked":"Finisher","floor":15},{"not_picked":["Doppelganger","Grand Finale"],"picked":"Die Die Die","floor":16},{"not_picked":["Poisoned Stab","Catalyst"],"picked":"Cloak And Dagger","floor":18},{"not_picked":["Eviscerate","Bane"],"picked":"PiercingWail","floor":19}],"player_experience":251563,"relics_obtained":[{"floor":5,"key":"MawBank"},{"floor":6,"key":"Sundial"},{"floor":12,"key":"Pantograph"},{"floor":14,"key":"Dream Catcher"}],"event_choices":[{"damage_healed":0,"gold_gain":0,"player_choice":"Donut","damage_taken":0,"max_hp_gain":5,"max_hp_loss":0,"event_name":"Big Fish","floor":2,"gold_loss":0},{"cards_removed":["Defend_G"],"damage_healed":0,"gold_gain":0,"player_choice":"Offered Basic","damage_taken":0,"max_hp_gain":0,"max_hp_loss":0,"event_name":"Bonfire Elementals","floor":3,"gold_loss":0},{"damage_healed":0,"gold_gain":0,"player_choice":"Relic","damage_taken":0,"max_hp_gain":0,"max_hp_loss":0,"event_name":"Wheel of Change","floor":5,"gold_loss":0},{"damage_healed":0,"gold_gain":0,"player_choice":"Fight","damage_taken":0,"max_hp_gain":0,"max_hp_loss":0,"event_name":"Colosseum","floor":21,"gold_loss":0},{"damage_healed":0,"gold_gain":0,"player_choice":"Fought Nobs","damage_taken":0,"max_hp_gain":0,"max_hp_loss":0,"event_name":"Colosseum","floor":21,"gold_loss":0}],"is_beta":false,"boss_relics":[{"not_picked":["Runic Dome","Philosopher\u0027s Stone"],"picked":"HoveringKite"}],"items_purged_floors":[],"is_endless":false,"potions_floor_spawned":[6,8,10,14,16,21],"killed_by":"Colosseum Nobs","ascension_level":2}