{"gold_per_floor":[110,110,35,35,52,52,78,78,124,124,142,167,167,183,183,284,284,299,1,13,30,30,30,30],"floor_reached":24,"playtime":1071,"items_purged":["Pain"],"score":306,"play_id":"3b27f6a1-1f0d-4a55-8e08-5660600991e1","local_time":"20191001151443","is_ascension_mode":true,"campfire_choices":[{"data":"Juggernaut","floor":6,"key":"SMITH"},{"data":"Havoc","floor":8,"key":"SMITH"},{"data":"Disarm","floor":10,"key":"SMITH"},{"data":"Iron Wave","floor":15,"key":"SMITH"},{"floor":23,"key":"DIG"}],"neow_cost":"NONE","seed_source_timestamp":1048049036098500,"circlet_count":0,"master_deck":["AscendersBane","Strike_R","Strike_R","Strike_R","Strike_R","Strike_R","Defend_R","Defend_R","Defend_R","Defend_R","Bash","Juggernaut+1","Havoc+1","Disarm+1","Clothesline","Infernal Blade","Iron Wave+1","Juggernaut","Iron Wave"],"relics":["Burning Blood","WarpedTongs","StoneCalendar","Pen Nib","Strawberry","Philosopher\u0027s Stone","Shovel","Nilry\u0027s Codex","Omamori"],"potions_floor_usage":[7,14,16,21,24,24],"damage_taken":[{"damage":0,"enemies":"2 Louse","floor":1,"turns":4},{"damage":1,"enemies":"Cultist","floor":5,"turns":3},{"damage":40,"enemies":"Gremlin Nob","floor":7,"turns":5},{"damage":4,"enemies":"Small Slimes","floor":11,"turns":4},{"damage":4,"enemies":"Lagavulin","floor":12,"turns":7},{"damage":11,"enemies":"Exordium Wildlife","floor":14,"turns":3},{"damage":15,"enemies":"Hexaghost","floor":16,"turns":10},{"damage":30,"enemies":"3 Byrds","floor":18,"turns":4},{"damage":25,"enemies":"2 Thieves","floor":20,"turns":5},{"damage":23,"enemies":"Centurion and Healer","floor":21,"turns":7},{"damage":12,"enemies":"Book of Stabbing","floor":24,"turns":3}],"seed_played":"3244564161569712737","potions_obtained":[{"floor":1,"key":"Ancient Potion"},{"floor":11,"key":"Swift Potion"},{"floor":13,"key":"Fruit Juice"},{"floor":13,"key":"Regen Potion"},{"floor":18,"key":"GamblersBrew"},{"floor":20,"key":"Swift Potion"}],"is_trial":false,"path_per_floor":["M","?","$","?","M","R","E","R","T","R","M","E","?","M","R","B",null,"M","$","M","M","?","R","E"],"character_chosen":"IRONCLAD","items_purchased":["Shovel"],"campfire_rested":0,"item_purchase_floors":[19],"current_hp_per_floor":[78,78,78,78,80,80,46,46,46,46,48,57,57,57,57,63,85,61,61,42,25,9,9,0],"gold":30,"neow_bonus":"ONE_RANDOM_RARE_CARD","is_prod":false,"is_daily":false,"chose_seed":false,"campfire_upgraded":4,"win_rate":0,"timestamp":1569939283,"path_taken":["M","?","?","?","M","R","E","R","T","R","?","E","?","?","R","BOSS","M","?","?","M","?","R","E"],"build_version":"2019-07-17","purchased_purges":1,"victory":false,"max_hp_per_floor":[80,80,80,80,80,80,80,80,80,80,80,87,87,92,92,92,92,92,92,92,92,92,92,92],"card_choices":[{"not_picked":["Evolve","Reckless Charge"],"picked":"Havoc","floor":1},{"not_picked":["Twin Strike","Sword Boomerang"],"picked":"Disarm","floor":5},{"not_picked":["Power Through","Flex"],"picked":"Clothesline","floor":7},{"not_picked":["Battle Trance","Immolate"],"picked":"Infernal Blade","floor":11},{"not_picked":["Hemokinesis","Disarm"],"picked":"Iron Wave","floor":12},{"not_picked":["Pommel Strike","Sever Soul","Cleave"],"picked":"SKIP","floor":14},{"not_picked":["Brutality","Double Tap"],"picked":"Juggernaut","floor":16},{"not_picked":["Clothesline","Twin Strike+1"],"picked":"Iron Wave","floor":18},{"not_picked":["Pommel Strike","Heavy Blade","Uppercut"],"picked":"SKIP","floor":20},{"not_picked":["Sever Soul","Sword Boomerang","Burning Pact"],"picked":"SKIP","floor":21}],"player_experience":220719,"relics_obtained":[{"floor":7,"key":"StoneCalendar"},{"floor":9,"key":"Pen Nib"},{"floor":12,"key":"Strawberry"},{"floor":22,"key":"Nilry\u0027s Codex"},{"floor":23,"key":"Omamori"}],"event_choices":[{"damage_healed":0,"gold_gain":0,"player_choice":"Rummage","damage_taken":0,"relics_obtained":["WarpedTongs"],"max_hp_gain":0,"max_hp_loss":0,"event_name":"Accursed Blacksmith","floor":2,"gold_loss":0,"cards_obtained":["Pain"]},{"damage_healed":0,"gold_gain":0,"player_choice":"Leave","damage_taken":0,"max_hp_gain":0,"max_hp_loss":0,"event_name":"The Cleric","floor":4,"gold_loss":0},{"damage_healed":0,"gold_gain":0,"player_choice":"Got Potions","damage_taken":0,"max_hp_gain":0,"max_hp_loss":0,"event_name":"Lab","floor":13,"gold_loss":0},{"damage_healed":0,"gold_gain":0,"player_choice":"Obtained Book","damage_taken":16,"max_hp_gain":0,"max_hp_loss":0,"event_name":"Cursed Tome","floor":22,"gold_loss":0}],"is_beta":false,"boss_relics":[{"not_picked":["Black Blood","Mark of Pain"],"picked":"Philosopher\u0027s Stone"}],"items_purged_floors":[3],"is_endless":false,"potions_floor_spawned":[1,11,18,20],"killed_by":"Book of Stabbing","ascension_level":10}