{"gold_per_floor":[116,116,127,139,154,154,185,185,257,257,332,37,67,67,67,197,197,220,220,220,238,41,41],"floor_reached":23,"playtime":8244,"items_purged":[],"score":197,"play_id":"e20bff15-5695-466e-88fd-6e6074a140e2","local_time":"20190914201914","is_ascension_mode":false,"campfire_choices":[{"floor":6.0,"key":"REST"},{"floor":8.0,"key":"REST"},{"floor":10,"key":"REST"},{"floor":15,"key":"REST"}],"neow_cost":"NONE","seed_source_timestamp":0,"circlet_count":0,"master_deck":["Strike_B+1","Strike_B+1","Strike_B+1","Defend_B+1","Defend_B+1","Defend_B+1","Defend_B+1","Zap","Dualcast","Genetic Algorithm","Skim","Coolheaded","Cold Snap","Steam","Auto Shields","Stack","Blizzard","Sweeping Beam","Redo","All For One","Streamline","Redo","Go for the Eyes"],"special_seed":0,"relics":["Cracked Core","WingedGreaves","Eternal Feather","TheAbacus","Orichalcum","Golden Idol","Philosopher\u0027s Stone","FaceOfCleric","PrismaticShard"],"potions_floor_usage":[13,13,16],"damage_taken":[{"damage":1.0,"enemies":"2 Louse","floor":1.0,"turns":2.0},{"damage":5.0,"enemies":"Cultist","floor":3.0,"turns":3.0},{"damage":9.0,"enemies":"Jaw Worm","floor":4.0,"turns":5.0},{"damage":15.0,"enemies":"Exordium Wildlife","floor":5.0,"turns":8.0},{"damage":53.0,"enemies":"Gremlin Nob","floor":7.0,"turns":6.0},{"damage":23,"enemies":"Lagavulin","floor":13,"turns":8},{"damage":52,"enemies":"Slime Boss","floor":16,"turns":15},{"damage":25,"enemies":"3 Byrds","floor":18,"turns":7},{"damage":10,"enemies":"Spheric Guardian","floor":21,"turns":4},{"damage":50,"enemies":"Slavers","floor":23,"turns":3}],"seed_played":"-7515272224542606354","potions_obtained":[{"floor":1.0,"key":"Strength Potion"},{"floor":3.0,"key":"FearPotion"},{"floor":13,"key":"Swift Potion"},{"floor":18,"key":"Strength Potion"}],"is_trial":false,"path_per_floor":["M","?","M","M","M","R","E","R","T","R","?","$","E","?","R","B",null,"M","?","?","M","$","E"],"character_chosen":"DEFECT","items_purchased":["Stack","Blizzard","TheAbacus","Sweeping Beam","PrismaticShard","Go for the Eyes"],"campfire_rested":4,"item_purchase_floors":[12,12,12,12,22,22],"current_hp_per_floor":[81,81,76,67,52,76,23,47,47,80,69,69,46,26,59,7,82,57,57,57,48,48,0],"gold":41,"neow_bonus":"TEN_PERCENT_HP_BONUS","is_prod":false,"is_daily":false,"chose_seed":false,"campfire_upgraded":0,"win_rate":0.0,"timestamp":1568456354,"path_taken":["M","?","M","M","M","R","E","R","T","R","?","$","E","?","R","BOSS","M","?","?","M","$","E"],"build_version":"2019-09-12","purchased_purges":0,"victory":false,"max_hp_per_floor":[82,82,82,82,82,82,82,82,82,82,82,82,82,82,82,82,82,82,82,82,83,83,83],"card_choices":[{"not_picked":["Consume","Heatsinks"],"picked":"Genetic Algorithm","floor":1.0},{"not_picked":["Beam Cell","Compile Driver"],"picked":"Coolheaded","floor":3.0},{"not_picked":["Force Field","Streamline"],"picked":"Cold Snap","floor":4.0},{"not_picked":["Genetic Algorithm","Cold Snap"],"picked":"Steam","floor":5.0},{"not_picked":["Steam","Streamline"],"picked":"Auto Shields","floor":7.0},{"not_picked":["Electrodynamics","Coolheaded"],"picked":"Redo","floor":13},{"not_picked":["Amplify","Creative AI"],"picked":"All For One","floor":16},{"not_picked":["Stack+1","Steam"],"picked":"Streamline","floor":18},{"not_picked":["Tempest","Cold Snap"],"picked":"Redo","floor":21}],"player_experience":11160,"relics_obtained":[{"floor":7.0,"key":"WingedGreaves"},{"floor":9,"key":"Eternal Feather"},{"floor":13,"key":"Orichalcum"}],"event_choices":[{"damage_healed":0.0,"max_hp_gain":0.0,"max_hp_loss":0.0,"gold_gain":0.0,"cards_transformed":["Strike_B"],"event_name":"Living Wall","player_choice":"Change","floor":2.0,"gold_loss":0.0,"damage_taken":0.0,"cards_obtained":["Skim"]},{"damage_healed":0,"gold_gain":75,"player_choice":"Gather Gold","damage_taken":11,"max_hp_gain":0,"max_hp_loss":0,"event_name":"World of Goop","floor":11,"gold_loss":0},{"damage_healed":0,"gold_gain":0,"player_choice":"Take Damage","damage_taken":20,"relics_obtained":["Golden Idol"],"max_hp_gain":0,"max_hp_loss":0,"event_name":"Golden Idol","floor":14,"gold_loss":0},{"damage_healed":0,"gold_gain":0,"player_choice":"Simplicity","damage_taken":0,"max_hp_gain":0,"max_hp_loss":0,"event_name":"Back to Basics","floor":19,"gold_loss":0,"cards_upgraded":["Strike_B","Strike_B","Strike_B","Defend_B","Defend_B","Defend_B","Defend_B"]},{"damage_healed":0,"gold_gain":0,"player_choice":"Trade","damage_taken":0,"relics_obtained":["FaceOfCleric"],"max_hp_gain":0,"max_hp_loss":0,"event_name":"FaceTrader","floor":20,"gold_loss":0}],"is_beta":true,"boss_relics":[{"not_picked":["Calling Bell","Runic Pyramid"],"picked":"Philosopher\u0027s Stone"}],"items_purged_floors":[],"is_endless":false,"potions_floor_spawned":[1,3,13,18],"killed_by":"Slavers","ascension_level":0}