{"gold_per_floor":[115,115,115,125,139,172,172,2,2,2,34,84,120,136,136,275,275,287,141,157,88,88,88,88],"floor_reached":24,"playtime":2106,"items_purged":["Strike_G"],"score":223,"play_id":"4bd03412-b768-4117-bbee-0e7454bcbfa4","local_time":"20181221151155","is_ascension_mode":false,"campfire_choices":[{"floor":7,"key":"REST"},{"floor":15,"key":"REST"},{"data":"Corpse Explosion","floor":23,"key":"SMITH"}],"neow_cost":"PERCENT_DAMAGE","seed_source_timestamp":78939902149138,"circlet_count":0,"master_deck":["Defend_G","Defend_G","Defend_G","Defend_G","Survivor","Neutralize","Dodge and Roll","Deadly Poison","Noxious Fumes","Blur","HandOfGreed","Dodge and Roll","Predator","Infinite Blades","Bane","Corpse Explosion+1","Deflect","Caltrops","Dodge and Roll+1","Bouncing Flask","Bite","Bite","Bite","Bite","Bite"],"relics":["Ring of the Snake","Shuriken","Blood Vial","Letter Opener","Sozu"],"potions_floor_usage":[6,16],"damage_taken":[{"damage":0,"enemies":"Jaw Worm","floor":1,"turns":7},{"damage":0,"enemies":"2 Louse","floor":4,"turns":4},{"damage":0,"enemies":"Small Slimes","floor":5,"turns":4},{"damage":10,"enemies":"Gremlin Nob","floor":6,"turns":4},{"damage":9,"enemies":"Exordium Thugs","floor":11,"turns":5},{"damage":11,"enemies":"Gremlin Gang","floor":12,"turns":5},{"damage":0,"enemies":"Exordium Wildlife","floor":13,"turns":4},{"damage":0,"enemies":"Large Slime","floor":14,"turns":7},{"damage":38,"enemies":"Slime Boss","floor":16,"turns":10},{"damage":29,"enemies":"Shell Parasite","floor":18,"turns":6},{"damage":18,"enemies":"2 Thieves","floor":20,"turns":2},{"damage":40,"enemies":"Book of Stabbing","floor":24,"turns":5}],"seed_played":"5164489871188443849","potions_obtained":[{"floor":5,"key":"Fire Potion"},{"floor":12,"key":"SpeedPotion"},{"floor":13,"key":"Regen Potion"},{"floor":16,"key":"Swift Potion"}],"is_trial":false,"path_per_floor":["M","?","?","M","M","E","R","$","T","?","M","M","M","M","R","B",null,"M","$","M","$","?","R","E"],"character_chosen":"THE_SILENT","items_purchased":["HandOfGreed","Caltrops","Bouncing Flask"],"campfire_rested":2,"item_purchase_floors":[8,19,21],"current_hp_per_floor":[49,31,24,24,24,14,35,35,35,35,28,19,21,23,44,23,70,41,41,25,25,25,25,0],"gold":88,"neow_bonus":"REMOVE_TWO","is_prod":false,"is_daily":false,"chose_seed":false,"campfire_upgraded":1,"win_rate":0.0,"timestamp":1545423115,"path_taken":["M","?","?","M","M","E","R","$","T","?","M","M","M","M","R","BOSS","M","$","M","$","?","R","E"],"build_version":"2018-12-20","purchased_purges":1,"victory":false,"max_hp_per_floor":[70,70,70,70,70,70,70,70,70,70,70,70,70,70,70,70,70,70,70,70,70,49,49,49],"card_choices":[{"not_picked":["Blur","Underhanded Strike"],"picked":"Dodge and Roll","floor":1},{"not_picked":["Backflip","Blur"],"picked":"Deadly Poison","floor":4},{"not_picked":["Choke","Eviscerate"],"picked":"Noxious Fumes","floor":5},{"not_picked":["Underhanded Strike","Catalyst"],"picked":"Blur","floor":6},{"not_picked":["Quick Slash","Slice"],"picked":"Dodge and Roll","floor":11},{"not_picked":["Acrobatics","Underhanded Strike"],"picked":"Predator","floor":12},{"not_picked":["Poisoned Stab","Unload"],"picked":"Infinite Blades","floor":13},{"not_picked":["Tactician","Flying Knee"],"picked":"Bane","floor":14},{"not_picked":["Bullet Time","Glass Knife"],"picked":"Corpse Explosion","floor":16},{"not_picked":["Outmaneuver+1","Riddle With Holes"],"picked":"Deflect","floor":18},{"not_picked":["Poisoned Stab","Choke+1"],"picked":"Dodge and Roll+1","floor":20}],"player_experience":23153,"relics_obtained":[{"floor":6,"key":"Blood Vial"},{"floor":9,"key":"Letter Opener"}],"event_choices":[{"damage_healed":0,"gold_gain":0,"player_choice":"Success","damage_taken":18,"relics_obtained":["Shuriken"],"max_hp_gain":0,"max_hp_loss":0,"event_name":"Scrap Ooze","floor":2,"gold_loss":0},{"cards_removed":["Strike_G"],"damage_healed":0,"gold_gain":0,"player_choice":"Card Removal","damage_taken":7,"max_hp_gain":0,"max_hp_loss":0,"event_name":"Golden Wing","floor":3,"gold_loss":0},{"damage_healed":0,"gold_gain":0,"player_choice":"Leave","damage_taken":0,"max_hp_gain":0,"max_hp_loss":0,"event_name":"The Cleric","floor":10,"gold_loss":0},{"damage_healed":0,"gold_gain":0,"player_choice":"Became a vampire","damage_taken":0,"max_hp_gain":0,"max_hp_loss":21,"event_name":"Vampires","floor":22,"gold_loss":0,"cards_obtained":["Bite","Bite","Bite","Bite","Bite"]}],"is_beta":false,"boss_relics":[{"not_picked":["Snecko Eye","Runic Dome"],"picked":"Sozu"}],"items_purged_floors":[19],"is_endless":false,"potions_floor_spawned":[5,12,13,16],"killed_by":"Book of Stabbing","ascension_level":0}