{"gold_per_floor":[119,119,119,131,145,180,180,200,200,227,246,211,236,249,249,347,347,362,378,398,96,106,140,140,140],"floor_reached":25,"playtime":1432,"items_purged":[],"score":404,"play_id":"99117059-83d7-4a5e-8292-9f118fa7ba3e","local_time":"20190921212654","is_ascension_mode":true,"campfire_choices":[{"floor":7,"key":"REST"},{"floor":15,"key":"REST"},{"floor":24,"key":"REST"}],"neow_cost":"NONE","seed_source_timestamp":356848001213300,"circlet_count":0,"master_deck":["AscendersBane","Strike_B","Strike_B","Strike_B","Strike_B","Defend_B","Defend_B","Defend_B+1","Defend_B","Zap","Dualcast","Conserve Battery+1","Hello World","Chill","Redo","Ball Lightning","Gash","Static Discharge","Hologram","Gash","Buffer","Conserve Battery","Conserve Battery","Steam","Gash","Stack"],"relics":["FrozenCore","War Paint","Spirit Poop","Meat on the Bone","Blood Vial","Bag of Marbles","Bottled Flame","Cables","Calipers"],"potions_floor_usage":[10,13,16,16,19,22,22,23],"damage_taken":[{"damage":0,"enemies":"Cultist","floor":1,"turns":3},{"damage":1,"enemies":"2 Louse","floor":4,"turns":2},{"damage":12,"enemies":"Small Slimes","floor":5,"turns":3},{"damage":34,"enemies":"Gremlin Nob","floor":6,"turns":5},{"damage":4,"enemies":"3 Louse","floor":8,"turns":5},{"damage":0,"enemies":"3 Sentries","floor":10,"turns":6},{"damage":1,"enemies":"Large Slime","floor":11,"turns":6},{"damage":15,"enemies":"Lagavulin","floor":13,"turns":5},{"damage":22,"enemies":"Exordium Thugs","floor":14,"turns":5},{"damage":11,"enemies":"Slime Boss","floor":16,"turns":6},{"damage":15,"enemies":"Spheric Guardian","floor":18,"turns":5},{"damage":24,"enemies":"Chosen","floor":19,"turns":7},{"damage":18,"enemies":"Shelled Parasite and Fungi","floor":20,"turns":9},{"damage":11,"enemies":"Sentry and Sphere","floor":22,"turns":7},{"damage":29,"enemies":"Slavers","floor":23,"turns":6},{"damage":59,"enemies":"Gremlin Leader","floor":25,"turns":5}],"seed_played":"-400284177089393976","potions_obtained":[{"floor":6,"key":"Ancient Potion"},{"floor":8,"key":"PowerPotion"},{"floor":10,"key":"SteroidPotion"},{"floor":11,"key":"Weak Potion"},{"floor":14,"key":"AttackPotion"},{"floor":18,"key":"Swift Potion"},{"floor":19,"key":"Block Potion"},{"floor":20,"key":"GamblersBrew"}],"is_trial":false,"path_per_floor":["M","?","?","M","M","E","R","M","T","E","M","?","E","M","R","B",null,"M","M","M","$","M","E","R","E"],"character_chosen":"DEFECT","items_purchased":["Cables","Fire Potion"],"campfire_rested":3,"item_purchase_floors":[21,21],"current_hp_per_floor":[75,75,75,74,62,28,52,48,48,50,51,71,58,50,74,65,78,65,43,39,39,42,27,51,0],"gold":140,"neow_bonus":"TEN_PERCENT_HP_BONUS","is_prod":false,"is_daily":false,"chose_seed":false,"campfire_upgraded":0,"win_rate":0,"timestamp":1569115614,"path_taken":["M","?","?","M","M","E","R","M","T","E","?","?","E","M","R","BOSS","M","M","M","$","M","E","R","E"],"build_version":"2019-07-17","purchased_purges":0,"victory":false,"max_hp_per_floor":[82,82,82,82,82,82,82,82,82,82,82,82,82,82,82,82,82,82,82,82,82,82,82,82,82],"card_choices":[{"not_picked":["Streamline","Compile Driver"],"picked":"Conserve Battery","floor":1},{"not_picked":["Leap","Sunder"],"picked":"Hello World","floor":4},{"not_picked":["Sunder","Stack"],"picked":"Chill","floor":5},{"not_picked":["Undo","Genetic Algorithm"],"picked":"Redo","floor":6},{"not_picked":["Tempest","Sunder"],"picked":"Ball Lightning","floor":8},{"not_picked":["Beam Cell","Leap"],"picked":"Gash","floor":10},{"not_picked":["Redo","Genetic Algorithm"],"picked":"Static Discharge","floor":11},{"not_picked":["Meteor Strike","Turbo"],"picked":"Hologram","floor":13},{"not_picked":["Beam Cell","Tempest"],"picked":"Gash","floor":14},{"not_picked":["Rainbow","All For One"],"picked":"Buffer","floor":16},{"not_picked":["Genetic Algorithm","Turbo+1"],"picked":"Conserve Battery","floor":18},{"not_picked":["Darkness","Skim"],"picked":"Conserve Battery","floor":19},{"not_picked":["Streamline","Stack"],"picked":"Steam","floor":20},{"not_picked":["Cold Snap","Hyperbeam"],"picked":"Gash","floor":22},{"not_picked":["Double Energy","Sweeping Beam"],"picked":"Stack","floor":23}],"player_experience":701794,"relics_obtained":[{"floor":6,"key":"Meat on the Bone"},{"floor":9,"key":"Blood Vial"},{"floor":10,"key":"Bag of Marbles"},{"floor":13,"key":"Bottled Flame"},{"floor":23,"key":"Calipers"}],"event_choices":[{"damage_healed":0,"gold_gain":0,"player_choice":"Box","damage_taken":0,"relics_obtained":["War Paint"],"max_hp_gain":0,"max_hp_loss":0,"event_name":"Big Fish","floor":2,"gold_loss":0,"cards_obtained":["Regret"]},{"cards_removed":["Regret"],"damage_healed":0,"gold_gain":0,"player_choice":"Offered Curse","damage_taken":0,"relics_obtained":["Spirit Poop"],"max_hp_gain":0,"max_hp_loss":0,"event_name":"Bonfire Elementals","floor":3,"gold_loss":0},{"damage_healed":20,"gold_gain":0,"player_choice":"Healed","damage_taken":0,"max_hp_gain":0,"max_hp_loss":0,"event_name":"The Cleric","floor":12,"gold_loss":35}],"is_beta":false,"boss_relics":[{"not_picked":["Busted Crown","Nuclear Battery"],"picked":"FrozenCore"}],"items_purged_floors":[],"is_endless":false,"potions_floor_spawned":[6,8,10,11,14,18,19,20],"killed_by":"Gremlin Leader","ascension_level":10}