{"gold_per_floor":[114,132,57,75,75,150,182,195,241,273,287,318,318,337,337,337],"floor_reached":16,"playtime":979,"items_purged":["Strike_G"],"score":122,"play_id":"e0bb3c2f-e363-4ce9-b882-5b14eb7c2583","local_time":"20181202220940","is_ascension_mode":false,"campfire_choices":[{"floor":15,"key":"REST"}],"neow_cost":"NONE","seed_source_timestamp":103189901454348,"circlet_count":0,"master_deck":["Defend_G","Defend_G","Defend_G","Defend_G","Defend_G","Strike_G","Strike_G","Strike_G","Strike_G","Survivor","Neutralize","Cloak And Dagger","Dagger Spray","Dagger Spray","Corpse Explosion","PiercingWail","Deadly Poison","Footwork+1"],"relics":["Ring of the Snake","Bottled Flame","Snake Skull","Bronze Scales","Lantern"],"potions_floor_usage":[7,7,10,16],"damage_taken":[{"damage":0,"enemies":"Cultist","floor":1,"turns":4},{"damage":0,"enemies":"Jaw Worm","floor":2,"turns":6},{"damage":1,"enemies":"2 Louse","floor":4,"turns":3},{"damage":5,"enemies":"3 Sentries","floor":7,"turns":7},{"damage":0,"enemies":"Gremlin Gang","floor":8,"turns":2},{"damage":41,"enemies":"Lagavulin","floor":10,"turns":9},{"damage":0,"enemies":"2 Fungi Beasts","floor":11,"turns":2},{"damage":13,"enemies":"3 Sentries","floor":12,"turns":3},{"damage":0,"enemies":"Red Slaver","floor":14,"turns":3},{"damage":32,"enemies":"Slime Boss","floor":16,"turns":9}],"seed_played":"-8560490913270712993","potions_obtained":[{"floor":2,"key":"EssenceOfSteel"},{"floor":4,"key":"Strength Potion"},{"floor":7,"key":"Energy Potion"},{"floor":12,"key":"Block Potion"},{"floor":14,"key":"SpeedPotion"}],"is_trial":false,"path_per_floor":["M","M","$","M","$","?","E","M","T","E","M","E","?","M","R","B"],"character_chosen":"THE_SILENT","items_purchased":[],"campfire_rested":1,"item_purchase_floors":[],"current_hp_per_floor":[77,77,77,76,76,65,60,60,60,19,19,6,6,6,29,0],"gold":337,"neow_bonus":"TEN_PERCENT_HP_BONUS","is_prod":false,"is_daily":false,"chose_seed":false,"campfire_upgraded":0,"win_rate":0,"timestamp":1543788580,"path_taken":["M","M","?","M","$","?","E","M","T","E","M","E","?","?","R","BOSS"],"build_version":"2018-11-15","purchased_purges":1,"victory":false,"max_hp_per_floor":[77,77,77,77,77,77,77,77,77,77,77,77,77,77,77,77],"card_choices":[{"not_picked":["PiercingWail","Dash"],"picked":"Cloak And Dagger","floor":1},{"not_picked":["Bane","Choke"],"picked":"Dagger Spray","floor":2},{"not_picked":["Bane","Predator"],"picked":"Dagger Spray","floor":4},{"not_picked":["Poisoned Stab","Dodge and Roll"],"picked":"Corpse Explosion","floor":7},{"not_picked":["Dagger Throw","Dash"],"picked":"PiercingWail","floor":8},{"not_picked":["Underhanded Strike","Leg Sweep","Quick Slash"],"picked":"SKIP","floor":10},{"not_picked":["Deflect","Acrobatics"],"picked":"Deadly Poison","floor":11},{"not_picked":["Flechettes","Endless Agony"],"picked":"Footwork","floor":12},{"not_picked":["Tactician","Flying Knee","All Out Attack"],"picked":"SKIP","floor":14}],"player_experience":187301,"relics_obtained":[{"floor":7,"key":"Bottled Flame"},{"floor":9,"key":"Snake Skull"},{"floor":10,"key":"Bronze Scales"},{"floor":12,"key":"Lantern"}],"event_choices":[{"damage_healed":0,"gold_gain":75,"player_choice":"Gather Gold","damage_taken":11,"max_hp_gain":0,"max_hp_loss":0,"event_name":"World of Goop","floor":6,"gold_loss":0},{"damage_healed":0,"gold_gain":0,"player_choice":"Upgraded","damage_taken":0,"max_hp_gain":0,"max_hp_loss":0,"event_name":"Upgrade Shrine","floor":13,"gold_loss":0,"cards_upgraded":["Footwork"]}],"is_beta":true,"boss_relics":[],"items_purged_floors":[3],"is_endless":false,"potions_floor_spawned":[2,4,7,12,14],"killed_by":"Slime Boss","ascension_level":0}