{"gold_per_floor":[109,109,125,144,162,194,194,205,231,266,276,276,551,568,568,568],"floor_reached":16,"playtime":696,"items_purged":[],"score":160,"play_id":"0cbd1e21-6c22-466f-805f-029bce88c09a","local_time":"20190919162644","is_ascension_mode":true,"campfire_choices":[{"floor":7,"key":"REST"},{"floor":15,"key":"REST"}],"neow_cost":"NONE","seed_source_timestamp":166773759588600,"circlet_count":0,"master_deck":["Strike_G","Strike_G","Strike_G","Strike_G","Strike_G","Defend_G","Defend_G","Defend_G","Defend_G","Defend_G","Survivor","Neutralize","Poisoned Stab","Well Laid Plans","Blade Dance","Distraction+1","Footwork","Corpse Explosion","Deflect","Noxious Fumes","Regret","Prepared"],"relics":["Eternal Feather","FaceOfCleric","Art of War","Juzu Bracelet"],"potions_floor_usage":[6,14,16],"damage_taken":[{"damage":2,"enemies":"Jaw Worm","floor":1,"turns":4},{"damage":2,"enemies":"Cultist","floor":3,"turns":4},{"damage":1,"enemies":"Small Slimes","floor":4,"turns":5},{"damage":1,"enemies":"2 Fungi Beasts","floor":5,"turns":4},{"damage":27,"enemies":"Gremlin Nob","floor":6,"turns":4},{"damage":9,"enemies":"3 Louse","floor":8,"turns":4},{"damage":33,"enemies":"3 Sentries","floor":10,"turns":5},{"damage":13,"enemies":"Lots of Slimes","floor":11,"turns":2},{"damage":6,"enemies":"Blue Slaver","floor":14,"turns":5},{"damage":47,"enemies":"Hexaghost","floor":16,"turns":9}],"seed_played":"2369502099875769933","potions_obtained":[{"floor":5,"key":"Strength Potion"},{"floor":6,"key":"Ancient Potion"},{"floor":10,"key":"Block Potion"},{"floor":11,"key":"Ancient Potion"}],"is_trial":false,"path_per_floor":["M","?","M","M","M","E","R","M","T","E","M","?","?","M","R","B"],"character_chosen":"THE_SILENT","items_purchased":[],"campfire_rested":2,"item_purchase_floors":[],"current_hp_per_floor":[61,61,60,60,60,34,65,57,57,25,13,13,13,8,43,0],"gold":568,"neow_bonus":"BOSS_RELIC","is_prod":false,"is_daily":false,"chose_seed":false,"campfire_upgraded":0,"win_rate":0,"timestamp":1568924804,"path_taken":["M","?","M","M","?","E","R","M","T","E","M","?","?","M","R","BOSS"],"build_version":"2019-07-17","purchased_purges":0,"victory":false,"max_hp_per_floor":[70,70,71,72,73,74,74,75,75,76,77,77,77,78,78,78],"card_choices":[{"not_picked":["Backflip","Blade Dance"],"picked":"Poisoned Stab","floor":1},{"not_picked":["Blade Dance","PiercingWail"],"picked":"Well Laid Plans","floor":3},{"not_picked":["Outmaneuver","Deadly Poison"],"picked":"Blade Dance","floor":4},{"not_picked":["Poisoned Stab","Tactician"],"picked":"Distraction","floor":5},{"not_picked":["Bouncing Flask","Slice"],"picked":"Footwork","floor":6},{"not_picked":["Backflip","Underhanded Strike"],"picked":"Corpse Explosion","floor":8},{"not_picked":["Acrobatics","Dodge and Roll"],"picked":"Deflect","floor":10},{"not_picked":["Tactician","Cloak And Dagger"],"picked":"Noxious Fumes","floor":11},{"not_picked":["Predator","Flying Knee"],"picked":"Prepared","floor":14}],"player_experience":670253,"relics_obtained":[{"floor":6,"key":"Art of War"},{"floor":10,"key":"Juzu Bracelet"}],"event_choices":[{"damage_healed":0,"gold_gain":0,"player_choice":"Trade","damage_taken":0,"relics_obtained":["FaceOfCleric"],"max_hp_gain":0,"max_hp_loss":0,"event_name":"FaceTrader","floor":2,"gold_loss":0},{"damage_healed":0,"gold_gain":0,"player_choice":"Grow","damage_taken":0,"max_hp_gain":0,"max_hp_loss":0,"event_name":"Living Wall","floor":12,"gold_loss":0,"cards_upgraded":["Distraction"]},{"damage_healed":0,"gold_gain":275,"player_choice":"Desecrate","damage_taken":0,"max_hp_gain":0,"max_hp_loss":0,"event_name":"Golden Shrine","floor":13,"gold_loss":0,"cards_obtained":["Regret"]}],"is_beta":false,"boss_relics":[],"items_purged_floors":[],"is_endless":false,"potions_floor_spawned":[5,6,10,11],"killed_by":"Hexaghost","ascension_level":8}