{"gold_per_floor":[114,39,59,59,70,101,183,208,220,252,264,309,321,508,520,632,644,673,665,694,706,732,744,786,798,810,822,834,377,377,397,397,500,500,510,159,169,169,180,180,280,280,356,369,397,397,397,411,411,411],"floor_reached":50,"playtime":3149,"items_purged":["Strike_G","Strike_G"],"score":596,"play_id":"cf1a6975-21bf-4f32-8c91-f8a06db6d991","local_time":"20181218145239","is_ascension_mode":false,"campfire_choices":[{"data":"Neutralize","floor":11,"key":"SMITH"},{"data":"Cloak And Dagger","floor":13,"key":"SMITH"},{"floor":15,"key":"RECALL"},{"data":"Accuracy","floor":23,"key":"SMITH"},{"data":"Cloak And Dagger","floor":28,"key":"SMITH"},{"data":"Writhe","floor":32,"key":"PURGE"},{"data":"Strike_G","floor":40,"key":"PURGE"},{"data":"Doubt","floor":42,"key":"PURGE"},{"data":"Strike_G","floor":46,"key":"PURGE"},{"data":"Defend_G","floor":49,"key":"PURGE"}],"neow_cost":"NONE","seed_source_timestamp":180410650844476,"circlet_count":0,"master_deck":["Defend_G","Defend_G","Survivor","Neutralize+1","Cloak And Dagger+1","Prepared","Cloak And Dagger+1","Prepared","Accuracy+1","Masterful Stab","Adrenaline","Quick Slash+1","Storm of Steel+1","Quick Slash+1","Blade Dance","Footwork+1","Backstab+1","Blade Dance","Infinite Blades","Blade Dance+1","Accuracy","Madness","Madness","Escape Plan","Cloak And Dagger+1"],"relics":["WristBlade","MawBank","Singing Bowl","Mercury Hourglass","Odd Mushroom","Strawberry","Astrolabe","Pear","Omamori","Peace Pipe","MutagenicStrength","Lizard Tail","Nunchaku","Incense Burner","Bottled Lightning","Frozen Egg 2"],"potions_floor_usage":[6,16,16,22,22,45,50,50],"damage_taken":[{"damage":0,"enemies":"Cultist","floor":1,"turns":5},{"damage":0,"enemies":"2 Louse","floor":3,"turns":4},{"damage":0,"enemies":"Small Slimes","floor":5,"turns":4},{"damage":36,"enemies":"Lagavulin","floor":6,"turns":7},{"damage":0,"enemies":"Blue Slaver","floor":8,"turns":6},{"damage":3,"enemies":"The Mushroom Lair","floor":10,"turns":4},{"damage":12,"enemies":"3 Sentries","floor":12,"turns":7},{"damage":21,"enemies":"Hexaghost","floor":16,"turns":11},{"damage":0,"enemies":"Chosen","floor":18,"turns":2},{"damage":0,"enemies":"Spheric Guardian","floor":20,"turns":3},{"damage":0,"enemies":"Cultist and Chosen","floor":22,"turns":6},{"damage":14,"enemies":"Slavers","floor":24,"turns":4},{"damage":2,"enemies":"3 Cultists","floor":31,"turns":4},{"damage":61,"enemies":"Champ","floor":33,"turns":8},{"damage":8,"enemies":"Orb Walker","floor":35,"turns":3},{"damage":12,"enemies":"3 Shapes","floor":37,"turns":1},{"damage":39,"enemies":"Writhing Mass","floor":39,"turns":6},{"damage":10,"enemies":"Mind Bloom Boss Battle","floor":41,"turns":8},{"damage":10,"enemies":"Sphere and 2 Shapes","floor":44,"turns":4},{"damage":27,"enemies":"Reptomancer","floor":45,"turns":5},{"damage":19,"enemies":"Spire Growth","floor":48,"turns":4},{"damage":19,"enemies":"Awakened One","floor":50,"turns":2}],"seed_played":"2013833371624703346","potions_obtained":[{"floor":5,"key":"SkillPotion"},{"floor":6,"key":"SteroidPotion"},{"floor":12,"key":"AttackPotion"},{"floor":19,"key":"Block Potion"},{"floor":20,"key":"SneckoOil"},{"floor":35,"key":"Strength Potion"},{"floor":37,"key":"PowerPotion"},{"floor":45,"key":"Fire Potion"}],"is_trial":false,"path_per_floor":["M","$","M","$","M","E","T","M","T","?","R","E","R","?","R","B",null,"M","?","M","?","M","R","E","?","T","?","R","$","?","M","R","B",null,"M","$","M","?","M","R","?","R","T","M","E","R","?","M","R","B"],"character_chosen":"THE_SILENT","items_purchased":["Peace Pipe","Infinite Blades","Accuracy","Nunchaku"],"campfire_rested":0,"item_purchase_floors":[29,29,36,36],"current_hp_per_floor":[70,70,70,70,70,34,34,34,34,31,31,28,28,28,28,7,79,79,79,79,89,89,89,77,77,77,77,77,77,77,77,77,18,95,87,87,77,65,26,26,18,18,18,10,37,37,37,18,18,0],"gold":411,"neow_bonus":"BOSS_RELIC","is_prod":false,"is_daily":false,"chose_seed":false,"campfire_upgraded":4,"win_rate":0,"timestamp":1545144759,"path_taken":["M","?","M","$","?","E","?","M","T","?","R","E","R","?","R","BOSS","M","?","?","?","M","R","E","?","T","?","R","?","?","?","R","BOSS","M","$","M","?","M","R","?","R","T","M","E","R","?","M","R","BOSS"],"build_version":"2018-12-17","purchased_purges":2,"victory":false,"max_hp_per_floor":[70,70,70,70,70,70,70,70,70,70,70,79,79,79,79,79,79,79,79,79,89,89,89,91,91,91,91,91,91,91,93,93,95,95,95,95,97,97,97,97,99,99,99,101,101,101,101,101,101,101],"card_choices":[{"not_picked":["Prepared","Deflect"],"picked":"Cloak And Dagger","floor":1},{"not_picked":["Flying Knee","Bane"],"picked":"Prepared","floor":3},{"not_picked":["Dash","Flying Knee"],"picked":"Cloak And Dagger","floor":5},{"not_picked":["Crippling Poison","Acrobatics"],"picked":"Prepared","floor":6},{"not_picked":["Concentrate","Dodge and Roll"],"picked":"Accuracy","floor":8},{"not_picked":["Well Laid Plans","Sucker Punch"],"picked":"Masterful Stab","floor":10},{"not_picked":["Malaise","Caltrops","Underhanded Strike"],"picked":"Singing Bowl","floor":12},{"not_picked":["Malaise","Doppelganger"],"picked":"Adrenaline","floor":16},{"not_picked":["Backstab","Deadly Poison"],"picked":"Blade Dance","floor":18},{"not_picked":["Deflect","Riddle With Holes+1"],"picked":"Footwork+1","floor":20},{"not_picked":["Crippling Poison","Distraction"],"picked":"Backstab+1","floor":22},{"not_picked":["Dash","Outmaneuver+1","Dagger Throw+1"],"picked":"Singing Bowl","floor":24},{"not_picked":["Deflect+1","Deadly Poison","Catalyst+1"],"picked":"Singing Bowl","floor":31},{"not_picked":["Storm of Steel","Envenom","Doppelganger"],"picked":"Singing Bowl","floor":33},{"not_picked":["Leg Sweep","Dodge and Roll"],"picked":"Blade Dance+1","floor":35},{"not_picked":["Poisoned Stab+1","Underhanded Strike+1","Flechettes+1"],"picked":"Singing Bowl","floor":37},{"not_picked":["Backflip+1","Cloak And Dagger"],"picked":"Accuracy","floor":39},{"not_picked":["Acrobatics","Slice","Wraith Form v2"],"picked":"Singing Bowl","floor":41},{"not_picked":["Outmaneuver+1","Acrobatics","Backflip"],"picked":"Singing Bowl","floor":44},{"not_picked":["Prepared+1","Backflip"],"picked":"Escape Plan","floor":45},{"not_picked":["Prepared+1","Flechettes+1"],"picked":"Cloak And Dagger+1","floor":48}],"player_experience":220231,"relics_obtained":[{"floor":6,"key":"MawBank"},{"floor":7,"key":"Singing Bowl"},{"floor":9,"key":"Mercury Hourglass"},{"floor":10,"key":"Odd Mushroom"},{"floor":12,"key":"Strawberry"},{"floor":24,"key":"Omamori"},{"floor":41,"key":"Incense Burner"},{"floor":43,"key":"Bottled Lightning"},{"floor":45,"key":"Frozen Egg 2"}],"event_choices":[{"damage_healed":0,"gold_gain":0,"player_choice":"Fought Mushrooms","damage_taken":0,"max_hp_gain":0,"max_hp_loss":0,"event_name":"Mushrooms","floor":10,"gold_loss":0},{"damage_healed":0,"gold_gain":175,"player_choice":"AGREE","damage_taken":0,"max_hp_gain":0,"max_hp_loss":0,"event_name":"Liars Game","floor":14,"gold_loss":0,"cards_obtained":["Doubt"]},{"damage_healed":0,"gold_gain":0,"player_choice":"Bought 1 Potion","damage_taken":0,"max_hp_gain":0,"max_hp_loss":0,"event_name":"The Woman in Blue","floor":19,"gold_loss":0},{"damage_healed":0,"gold_gain":0,"player_choice":"Opened","damage_taken":0,"relics_obtained":["Pear"],"max_hp_gain":0,"max_hp_loss":0,"event_name":"The Mausoleum","floor":21,"gold_loss":0,"cards_obtained":["Writhe"]},{"damage_healed":0,"gold_gain":0,"player_choice":"Read","damage_taken":0,"max_hp_gain":0,"max_hp_loss":0,"event_name":"The Library","floor":25,"gold_loss":0,"cards_obtained":["Blade Dance"]},{"damage_healed":0,"gold_gain":0,"player_choice":"Ignored","damage_taken":0,"max_hp_gain":0,"max_hp_loss":0,"event_name":"Ghosts","floor":27,"gold_loss":0},{"damage_healed":0,"gold_gain":0,"player_choice":"Inject Mutagens","damage_taken":0,"relics_obtained":["MutagenicStrength"],"max_hp_gain":0,"max_hp_loss":0,"event_name":"Drug Dealer","floor":30,"gold_loss":0},{"damage_healed":0,"gold_gain":0,"player_choice":"Embrace Madness","damage_taken":12,"max_hp_gain":0,"max_hp_loss":0,"event_name":"Winding Halls","floor":38,"gold_loss":0,"cards_obtained":["Madness","Madness"]},{"damage_healed":0,"gold_gain":0,"player_choice":"Fight","damage_taken":0,"max_hp_gain":0,"max_hp_loss":0,"event_name":"MindBloom","floor":41,"gold_loss":0},{"cards_removed":["Accuracy"],"damage_healed":0,"gold_gain":0,"player_choice":"Removed Power","damage_taken":0,"max_hp_gain":0,"max_hp_loss":0,"event_name":"Falling","floor":47,"gold_loss":0}],"is_beta":true,"boss_relics":[{"not_picked":["Cursed Key","White Beast Statue"],"picked":"Astrolabe"},{"not_picked":["Philosopher\u0027s Stone","Black Star"],"picked":"Lizard Tail"}],"items_purged_floors":[2,29],"is_endless":false,"potions_floor_spawned":[5,6,12,20,35,37,45],"killed_by":"Awakened One","ascension_level":0}