{"gold_per_floor":[119,137,137,312,328,328,354,398,398,363,403,415,427],"floor_reached":13,"playtime":336,"items_purged":[],"score":146,"play_id":"cb9035d8-0fb2-40d4-9e4e-79311affc871","local_time":"20190928221050","is_ascension_mode":true,"campfire_choices":[{"floor":6,"key":"REST"}],"neow_cost":"NONE","seed_source_timestamp":965385218340600,"circlet_count":0,"master_deck":["AscendersBane","Strike_R","Strike_R","Strike_R","Strike_R","Strike_R","Defend_R","Defend_R","Defend_R","Defend_R","Bash","Clash","Dropkick","Doubt","Headbutt","Flex","Reaper+1"],"relics":["Burning Blood","Centennial Puzzle","Golden Idol","Smiling Mask","Nunchaku","Molten Egg 2","MawBank","Meat on the Bone"],"potions_floor_usage":[8,13,13],"damage_taken":[{"damage":6,"enemies":"Cultist","floor":1,"turns":3},{"damage":9,"enemies":"2 Louse","floor":2,"turns":3},{"damage":16,"enemies":"Jaw Worm","floor":5,"turns":4},{"damage":13,"enemies":"Gremlin Nob","floor":8,"turns":3},{"damage":62,"enemies":"Lagavulin","floor":11,"turns":6},{"damage":30,"enemies":"3 Sentries","floor":13,"turns":4}],"seed_played":"5224133895247991516","potions_obtained":[{"floor":5,"key":"FearPotion"},{"floor":8,"key":"Swift Potion"},{"floor":11,"key":"Dexterity Potion"}],"is_trial":false,"path_per_floor":["M","M","?","?","M","R","T","E","T","?","E","?","E"],"character_chosen":"IRONCLAD","items_purchased":[],"campfire_rested":1,"item_purchase_floors":[],"current_hp_per_floor":[72,69,49,49,39,63,63,56,56,76,20,13,0],"gold":427,"neow_bonus":"RANDOM_COMMON_RELIC","is_prod":false,"is_daily":false,"chose_seed":false,"campfire_upgraded":0,"win_rate":0,"timestamp":1569723050,"path_taken":["M","?","?","?","M","R","?","E","T","?","E","?","E"],"build_version":"2019-07-17","purchased_purges":0,"victory":false,"max_hp_per_floor":[80,80,80,80,80,80,80,80,80,80,80,80,80],"card_choices":[{"not_picked":["True Grit","Seeing Red"],"picked":"Clash","floor":1},{"not_picked":["Sword Boomerang","Spot Weakness"],"picked":"Dropkick","floor":2},{"not_picked":["Iron Wave","Intimidate"],"picked":"Headbutt","floor":5},{"not_picked":["Sword Boomerang","Fiend Fire"],"picked":"Flex","floor":8},{"not_picked":["Searing Blow+1","Brutality"],"picked":"Reaper+1","floor":11}],"player_experience":729310,"relics_obtained":[{"floor":7,"key":"Smiling Mask"},{"floor":8,"key":"Nunchaku"},{"floor":9,"key":"Molten Egg 2"},{"floor":11,"key":"MawBank"}],"event_choices":[{"damage_healed":0,"gold_gain":0,"player_choice":"Take Damage","damage_taken":20,"relics_obtained":["Golden Idol"],"max_hp_gain":0,"max_hp_loss":0,"event_name":"Golden Idol","floor":3,"gold_loss":0},{"damage_healed":0,"gold_gain":175,"player_choice":"AGREE","damage_taken":0,"max_hp_gain":0,"max_hp_loss":0,"event_name":"Liars Game","floor":4,"gold_loss":0,"cards_obtained":["Doubt"]},{"damage_healed":20,"gold_gain":0,"player_choice":"Healed","damage_taken":0,"max_hp_gain":0,"max_hp_loss":0,"event_name":"The Cleric","floor":10,"gold_loss":35},{"damage_healed":0,"gold_gain":0,"player_choice":"Success","damage_taken":7,"relics_obtained":["Meat on the Bone"],"max_hp_gain":0,"max_hp_loss":0,"event_name":"Scrap Ooze","floor":12,"gold_loss":0}],"is_beta":false,"boss_relics":[],"items_purged_floors":[],"is_endless":false,"potions_floor_spawned":[5,8,11],"killed_by":"3 Sentries","ascension_level":12}