{"gold_per_floor":[119,194,213,178,178,178,206,225,300,315,4,18,30,46,46,146,146,161,161,12,12,12,12,46,46,46,46,71,82,82],"floor_reached":30,"playtime":1251,"items_purged":["Strike_B","Defend_B"],"score":429,"play_id":"6cf5fe6c-2aef-404d-9664-98087c7aa219","local_time":"20191002212658","is_ascension_mode":true,"campfire_choices":[{"floor":6,"key":"REST"},{"floor":15,"key":"REST"},{"floor":23,"key":"REST"},{"floor":25,"key":"REST"}],"neow_cost":"NONE","seed_source_timestamp":1307441115521900,"circlet_count":0,"master_deck":["AscendersBane","Strike_B+1","Strike_B","Strike_B+1","Defend_B","Defend_B+1","Defend_B","Zap+1","Dualcast+1","Ball Lightning+1","Barrage","Core Surge","Hologram","Steam","Loop","Go for the Eyes","Gash","Creative AI","Hologram","Conserve Battery","Writhe","Barrage+1","Ball Lightning","Scrape"],"relics":["Cracked Core","War Paint","Whetstone","Mercury Hourglass","Toolbox","Black Star","Torii","Boot","Matryoshka","Happy Flower","Smiling Mask","Juzu Bracelet"],"potions_floor_usage":[7,13,16,24,24,28],"damage_taken":[{"damage":7,"enemies":"Jaw Worm","floor":1,"turns":3},{"damage":0,"enemies":"2 Louse","floor":3,"turns":2},{"damage":19,"enemies":"Lagavulin","floor":7,"turns":4},{"damage":7,"enemies":"Small Slimes","floor":8,"turns":2},{"damage":0,"enemies":"Looter","floor":10,"turns":2},{"damage":0,"enemies":"2 Fungi Beasts","floor":12,"turns":2},{"damage":0,"enemies":"Exordium Thugs","floor":13,"turns":2},{"damage":6,"enemies":"Lots of Slimes","floor":14,"turns":2},{"damage":32,"enemies":"The Guardian","floor":16,"turns":9},{"damage":9,"enemies":"Chosen","floor":18,"turns":4},{"damage":61,"enemies":"Gremlin Leader","floor":24,"turns":6},{"damage":37,"enemies":"Book of Stabbing","floor":28,"turns":5},{"damage":28,"enemies":"3 Byrds","floor":29,"turns":3},{"damage":22,"enemies":"Sentry and Sphere","floor":30,"turns":4}],"seed_played":"6056971995710578875","potions_obtained":[{"floor":3,"key":"FocusPotion"},{"floor":10,"key":"FearPotion"},{"floor":12,"key":"GamblersBrew"},{"floor":16,"key":"LiquidBronze"},{"floor":18,"key":"LiquidBronze"},{"floor":24,"key":"FocusPotion"}],"is_trial":false,"path_per_floor":["M","?","M","?","?","R","E","M","T","M","$","M","M","M","R","B",null,"M","?","$","?","?","R","E","R","T","?","E","M","M"],"character_chosen":"DEFECT","items_purchased":["Loop","Toolbox","Conserve Battery"],"campfire_rested":4,"item_purchase_floors":[11,11,20],"current_hp_per_floor":[61,50,50,68,53,75,56,49,49,49,49,49,49,43,65,33,65,56,56,56,42,42,66,5,29,29,80,43,15,0],"gold":82,"neow_bonus":"RANDOM_COMMON_RELIC","is_prod":false,"is_daily":false,"chose_seed":false,"campfire_upgraded":0,"win_rate":0,"timestamp":1570066018,"path_taken":["M","?","M","?","?","R","E","M","T","?","$","M","M","M","R","BOSS","M","?","$","?","?","R","E","R","T","?","E","M","M"],"build_version":"2019-07-17","purchased_purges":2,"victory":false,"max_hp_per_floor":[75,75,75,75,75,75,75,75,75,75,75,75,75,75,75,75,75,75,75,75,80,80,80,80,80,80,80,80,80,80],"card_choices":[{"not_picked":["Stack","Steam"],"picked":"Ball Lightning","floor":1},{"not_picked":["Beam Cell","Leap"],"picked":"Barrage","floor":3},{"not_picked":["Sweeping Beam","Rebound"],"picked":"Core Surge","floor":7},{"not_picked":["Coolheaded","Redo"],"picked":"Hologram","floor":8},{"not_picked":["Turbo","Reinforced Body"],"picked":"Steam","floor":10},{"not_picked":["Blizzard","Consume","Skim"],"picked":"SKIP","floor":12},{"not_picked":["Beam Cell","Darkness"],"picked":"Go for the Eyes","floor":13},{"not_picked":["Turbo","Lockon"],"picked":"Gash","floor":14},{"not_picked":["Multi-Cast","Meteor Strike"],"picked":"Creative AI","floor":16},{"not_picked":["Hello World","Redo"],"picked":"Hologram","floor":18},{"not_picked":["Compile Driver","Beam Cell+1"],"picked":"Barrage+1","floor":24},{"not_picked":["Streamline","Conserve Battery"],"picked":"Ball Lightning","floor":28},{"not_picked":["Rip and Tear+1","Steam Power+1"],"picked":"Scrape","floor":29}],"player_experience":779830,"relics_obtained":[{"floor":7,"key":"Whetstone"},{"floor":9,"key":"Mercury Hourglass"},{"floor":24,"key":"Boot"},{"floor":24,"key":"Matryoshka"},{"floor":26,"key":"Happy Flower"},{"floor":28,"key":"Smiling Mask"},{"floor":28,"key":"Juzu Bracelet"}],"event_choices":[{"damage_healed":0,"gold_gain":75,"player_choice":"Gather Gold","damage_taken":11,"max_hp_gain":0,"max_hp_loss":0,"event_name":"World of Goop","floor":2,"gold_loss":0},{"damage_healed":18,"gold_gain":0,"player_choice":"Healed","damage_taken":0,"max_hp_gain":0,"max_hp_loss":0,"event_name":"The Cleric","floor":4,"gold_loss":35},{"damage_healed":0,"gold_gain":0,"player_choice":"Entered Light","damage_taken":15,"max_hp_gain":0,"max_hp_loss":0,"event_name":"Shining Light","floor":5,"gold_loss":0,"cards_upgraded":["Ball Lightning","Zap"]},{"damage_healed":0,"gold_gain":0,"player_choice":"Ignored","damage_taken":0,"max_hp_gain":0,"max_hp_loss":0,"event_name":"Vampires","floor":19,"gold_loss":0},{"damage_healed":0,"gold_gain":0,"player_choice":"Shed Blood","damage_taken":19,"max_hp_gain":5,"max_hp_loss":0,"event_name":"Forgotten Altar","floor":21,"gold_loss":0},{"damage_healed":0,"gold_gain":0,"player_choice":"Opened","damage_taken":0,"relics_obtained":["Torii"],"max_hp_gain":0,"max_hp_loss":0,"event_name":"The Mausoleum","floor":22,"gold_loss":0,"cards_obtained":["Writhe"]},{"damage_healed":51,"gold_gain":0,"player_choice":"Full Heal","damage_taken":0,"max_hp_gain":0,"max_hp_loss":0,"event_name":"Wheel of Change","floor":27,"gold_loss":0}],"is_beta":false,"boss_relics":[{"not_picked":["Pandora\u0027s Box","Cursed Key"],"picked":"Black Star"}],"items_purged_floors":[11,20],"is_endless":false,"potions_floor_spawned":[3,10,12,16,18,24],"killed_by":"Sentry and Sphere","ascension_level":12}