{"gold_per_floor":[116,134,153,153,171,171,185,185,185,215,227,227,254,32,32,134,134,152,152,152,152,152],"floor_reached":22,"playtime":940,"items_purged":[],"score":310,"play_id":"e0f85a66-f656-4a9a-b8d5-138d63183aa9","local_time":"20191002230522","is_ascension_mode":true,"campfire_choices":[{"floor":6,"key":"REST"},{"floor":8,"key":"REST"},{"floor":12,"key":"REST"},{"floor":15,"key":"REST"}],"neow_cost":"NONE","seed_source_timestamp":1313656766046700,"circlet_count":0,"master_deck":["AscendersBane","Strike_B","Strike_B","Strike_B","Defend_B","Defend_B","Defend_B","Defend_B","Zap","Dualcast","Hologram","Defragment","Heatsinks","Chill","Cold Snap","Ball Lightning","Loop","Creative AI","Gash+1","Fission"],"relics":["Cracked Core","Bag of Marbles","Lantern","Pen Nib","Mummified Hand","PreservedInsect","Inserter","MutagenicStrength"],"potions_floor_usage":[5,10,10,13,16,22,22],"damage_taken":[{"damage":15,"enemies":"Small Slimes","floor":1,"turns":3},{"damage":0,"enemies":"Cultist","floor":2,"turns":2},{"damage":2,"enemies":"2 Louse","floor":3,"turns":2},{"damage":20,"enemies":"Lots of Slimes","floor":5,"turns":5},{"damage":10,"enemies":"Gremlin Gang","floor":7,"turns":6},{"damage":29,"enemies":"Lagavulin","floor":10,"turns":8},{"damage":2,"enemies":"Looter","floor":11,"turns":3},{"damage":9,"enemies":"3 Sentries","floor":13,"turns":8},{"damage":21,"enemies":"Slime Boss","floor":16,"turns":12},{"damage":54,"enemies":"3 Byrds","floor":18,"turns":8},{"damage":15,"enemies":"Shell Parasite","floor":22,"turns":3}],"seed_played":"-7052379123005932322","potions_obtained":[{"floor":4,"key":"Swift Potion"},{"floor":4,"key":"EssenceOfSteel"},{"floor":5,"key":"Poison Potion"},{"floor":10,"key":"Dexterity Potion"},{"floor":13,"key":"Fire Potion"},{"floor":16,"key":"SteroidPotion"},{"floor":18,"key":"PowerPotion"}],"is_trial":false,"path_per_floor":["M","M","M","?","M","R","M","R","T","E","M","R","E","$","R","B",null,"M","$","?","?","M"],"character_chosen":"DEFECT","items_purchased":["PreservedInsect","Loop"],"campfire_rested":4,"item_purchase_floors":[14,14],"current_hp_per_floor":[53,53,51,51,31,53,43,65,65,36,34,56,47,47,69,48,68,14,14,14,14,0],"gold":152,"neow_bonus":"RANDOM_COMMON_RELIC","is_prod":false,"is_daily":false,"chose_seed":false,"campfire_upgraded":0,"win_rate":0,"timestamp":1570071922,"path_taken":["M","M","M","?","M","R","M","R","T","E","M","R","E","$","R","BOSS","M","?","?","?","M"],"build_version":"2019-07-17","purchased_purges":0,"victory":false,"max_hp_per_floor":[75,75,75,75,75,75,75,75,75,75,75,75,75,75,75,75,75,75,75,75,75,75],"card_choices":[{"not_picked":["Coolheaded","Go for the Eyes"],"picked":"Hologram","floor":1},{"not_picked":["Rebound","Tempest","Sweeping Beam"],"picked":"SKIP","floor":2},{"not_picked":["Redo","Compile Driver"],"picked":"Defragment","floor":3},{"not_picked":["Chaos","Reprogram"],"picked":"Heatsinks","floor":5},{"not_picked":["Beam Cell","Stack"],"picked":"Chill","floor":7},{"not_picked":["Stack","Consume"],"picked":"Cold Snap","floor":10},{"not_picked":["Steam Power","Sweeping Beam","Amplify"],"picked":"SKIP","floor":11},{"not_picked":["Doom and Gloom","FTL"],"picked":"Ball Lightning","floor":13},{"not_picked":["Rainbow","Reboot"],"picked":"Creative AI","floor":16},{"not_picked":["Ball Lightning","Barrage"],"picked":"Gash+1","floor":18}],"player_experience":785487,"relics_obtained":[{"floor":9,"key":"Lantern"},{"floor":10,"key":"Pen Nib"},{"floor":13,"key":"Mummified Hand"}],"event_choices":[{"damage_healed":0,"gold_gain":0,"player_choice":"Got Potions","damage_taken":0,"max_hp_gain":0,"max_hp_loss":0,"event_name":"Lab","floor":4,"gold_loss":0},{"damage_healed":0,"gold_gain":0,"player_choice":"Inject Mutagens","damage_taken":0,"relics_obtained":["MutagenicStrength"],"max_hp_gain":0,"max_hp_loss":0,"event_name":"Drug Dealer","floor":20,"gold_loss":0},{"damage_healed":0,"gold_gain":0,"cards_transformed":["Strike_B"],"player_choice":"Transformed","damage_taken":0,"max_hp_gain":0,"max_hp_loss":0,"event_name":"Transmorgrifier","floor":21,"gold_loss":0,"cards_obtained":["Fission"]}],"is_beta":false,"boss_relics":[{"not_picked":["Busted Crown","Nuclear Battery"],"picked":"Inserter"}],"items_purged_floors":[],"is_endless":false,"potions_floor_spawned":[5,10,13,16,18],"killed_by":"Shell Parasite","ascension_level":12}