{"gold_per_floor":[111,125,125,139,151,181,181,206,206,220,230,230],"floor_reached":12,"playtime":532,"items_purged":[],"score":129,"play_id":"de4b5e73-b032-4988-87bb-b0db64a7a227","local_time":"20190910125200","is_ascension_mode":true,"campfire_choices":[{"floor":7,"key":"REST"}],"neow_cost":"TEN_PERCENT_HP_LOSS","seed_source_timestamp":330255014604600,"circlet_count":0,"master_deck":["Strike_R","Strike_R","Strike_R","Strike_R","Strike_R","Defend_R","Defend_R","Defend_R","Defend_R","Bash","Thunderclap","Bloodletting+1","Pummel","Wild Strike","Intimidate","Cleave","Havoc","Headbutt"],"relics":["Burning Blood","Champion Belt","Ancient Tea Set","Juzu Bracelet","Strawberry"],"potions_floor_usage":[8,8,12,12],"damage_taken":[{"damage":0,"enemies":"Small Slimes","floor":1,"turns":3},{"damage":0,"enemies":"Cultist","floor":2,"turns":3},{"damage":3,"enemies":"Jaw Worm","floor":4,"turns":5},{"damage":19,"enemies":"Exordium Thugs","floor":5,"turns":6},{"damage":28,"enemies":"Gremlin Nob","floor":6,"turns":5},{"damage":46,"enemies":"Lagavulin","floor":8,"turns":7},{"damage":5,"enemies":"Exordium Wildlife","floor":10,"turns":3},{"damage":7,"enemies":"Blue Slaver","floor":11,"turns":3},{"damage":25,"enemies":"3 Sentries","floor":12,"turns":3}],"seed_played":"-2016946537052801673","potions_obtained":[{"floor":2,"key":"SpeedPotion"},{"floor":5,"key":"Weak Potion"},{"floor":6,"key":"SkillPotion"},{"floor":10,"key":"FearPotion"}],"is_trial":false,"path_per_floor":["M","M","?","M","M","E","R","E","T","M","M","E"],"character_chosen":"IRONCLAD","items_purchased":[],"campfire_rested":1,"item_purchase_floors":[],"current_hp_per_floor":[72,72,72,72,59,37,58,18,25,26,25,0],"gold":230,"neow_bonus":"ONE_RARE_RELIC","is_prod":false,"is_daily":false,"chose_seed":false,"campfire_upgraded":0,"win_rate":0,"timestamp":1568134320,"path_taken":["M","M","?","M","M","E","R","E","T","M","M","E"],"build_version":"2019-07-17","purchased_purges":0,"victory":false,"max_hp_per_floor":[72,72,72,72,72,72,72,72,79,79,79,79],"card_choices":[{"not_picked":["Anger","Cleave"],"picked":"Thunderclap","floor":1},{"not_picked":["Reckless Charge","Entrench"],"picked":"Bloodletting","floor":2},{"not_picked":["Iron Wave","Clash"],"picked":"Pummel","floor":4},{"not_picked":["Power Through","Disarm"],"picked":"Wild Strike","floor":5},{"not_picked":["Bloodletting","Body Slam"],"picked":"Intimidate","floor":6},{"not_picked":["Shockwave","True Grit"],"picked":"Cleave","floor":8},{"not_picked":["Rampage","Dark Embrace"],"picked":"Havoc","floor":10},{"not_picked":["Perfected Strike","True Grit"],"picked":"Headbutt","floor":11}],"player_experience":532442,"relics_obtained":[{"floor":6,"key":"Ancient Tea Set"},{"floor":8,"key":"Juzu Bracelet"},{"floor":9,"key":"Strawberry"}],"event_choices":[{"damage_healed":0,"gold_gain":0,"player_choice":"Upgraded","damage_taken":0,"max_hp_gain":0,"max_hp_loss":0,"event_name":"Upgrade Shrine","floor":3,"gold_loss":0,"cards_upgraded":["Bloodletting"]}],"is_beta":false,"boss_relics":[],"items_purged_floors":[],"is_endless":false,"potions_floor_spawned":[2,5,6,10],"killed_by":"3 Sentries","ascension_level":8}