{"gold_per_floor":[119,119,119,139,214,240,240,274,326,342,372,384,49,66,66,170,170,184,164,181,181,181,214,232,232,257,257,276,291,291,322,322,322],"floor_reached":33,"playtime":1732,"items_purged":["Strike_G"],"score":347,"play_id":"e38e8746-7a87-4325-a57e-0c1b8145e9ec","local_time":"20190112214532","is_ascension_mode":true,"campfire_choices":[{"floor":7,"key":"REST"},{"floor":15,"key":"REST"},{"floor":25,"key":"REST"},{"floor":27,"key":"REST"},{"floor":30,"key":"REST"},{"floor":32,"key":"REST"}],"neow_cost":"NONE","seed_source_timestamp":357155039109338,"circlet_count":0,"master_deck":["Defend_G+1","Defend_G+1","Defend_G+1","Defend_G+1","Defend_G+1","Strike_G+1","Strike_G+1","Strike_G+1","Survivor+1","Neutralize","Deadly Poison","Finisher","Prepared","Calculated Gamble","Heel Hook","Phantasmal Killer","Leg Sweep","Escape Plan","Mayhem","Bouncing Flask","Dagger Spray+1","Corpse Explosion","Backstab+1","Blur","PiercingWail","Dash","Infinite Blades+1","Deadly Poison","PiercingWail+1"],"relics":["Ring of the Snake","NeowsBlessing","Bag of Preparation","Anchor","Lantern","Black Star","MutagenicStrength","Blue Candle","Tingsha","Whetstone","Gambling Chip","Pear"],"potions_floor_usage":[11,16,20,23,23,24,33],"damage_taken":[{"damage":0,"enemies":"Jaw Worm","floor":1,"turns":1},{"damage":0,"enemies":"Small Slimes","floor":4,"turns":1},{"damage":0,"enemies":"Gremlin Nob","floor":6,"turns":1},{"damage":13,"enemies":"Lagavulin","floor":8,"turns":7},{"damage":0,"enemies":"Cultist","floor":10,"turns":2},{"damage":31,"enemies":"Gremlin Nob","floor":11,"turns":5},{"damage":0,"enemies":"Blue Slaver","floor":12,"turns":3},{"damage":0,"enemies":"Large Slime","floor":14,"turns":4},{"damage":19,"enemies":"The Guardian","floor":16,"turns":10},{"damage":12,"enemies":"3 Byrds","floor":18,"turns":4},{"damage":0,"enemies":"2 Thieves","floor":20,"turns":1},{"damage":45,"enemies":"Book of Stabbing","floor":23,"turns":9},{"damage":8,"enemies":"Sentry and Sphere","floor":24,"turns":7},{"damage":0,"enemies":"Cultist and Chosen","floor":28,"turns":5},{"damage":13,"enemies":"Snake Plant","floor":29,"turns":4},{"damage":20,"enemies":"Slavers","floor":31,"turns":4},{"damage":71,"enemies":"Champ","floor":33,"turns":13}],"seed_played":"-1626299365294177923","potions_obtained":[{"floor":10,"key":"SteroidPotion"},{"floor":11,"key":"GamblersBrew"},{"floor":12,"key":"AttackPotion"},{"floor":14,"key":"SkillPotion"},{"floor":16,"key":"SpeedPotion"},{"floor":19,"key":"Fire Potion"},{"floor":20,"key":"Strength Potion"},{"floor":23,"key":"EssenceOfSteel"},{"floor":28,"key":"Block Potion"}],"is_trial":false,"path_per_floor":["M","?","?","M","?","E","R","E","T","M","E","M","$","M","R","B",null,"M","?","M","?","?","E","M","R","T","R","M","M","R","E","R","B"],"character_chosen":"THE_SILENT","items_purchased":["Mayhem","Bouncing Flask"],"campfire_rested":6,"item_purchase_floors":[13,13],"current_hp_per_floor":[70,70,56,56,45,45,66,53,53,53,22,22,22,22,43,24,70,58,58,58,58,58,13,5,26,26,47,47,34,55,45,69,0],"gold":322,"neow_bonus":"THREE_ENEMY_KILL","is_prod":false,"is_daily":false,"chose_seed":false,"campfire_upgraded":0,"win_rate":0,"timestamp":1547347532,"path_taken":["M","?","?","M","?","E","R","E","T","M","E","M","$","M","R","BOSS","M","?","?","?","?","E","M","R","T","R","M","?","R","E","R","BOSS"],"build_version":"2019-01-10","purchased_purges":1,"victory":false,"max_hp_per_floor":[70,70,70,70,70,70,70,70,70,70,70,70,70,70,70,70,70,70,70,70,70,70,70,70,70,70,70,70,70,70,80,80,80],"card_choices":[{"not_picked":["Slice","Bane"],"picked":"Deadly Poison","floor":1},{"not_picked":["Bane","Deflect"],"picked":"Prepared","floor":4},{"not_picked":["Poisoned Stab","Riddle With Holes"],"picked":"Calculated Gamble","floor":6},{"not_picked":["Deflect","Sucker Punch"],"picked":"Heel Hook","floor":8},{"not_picked":["Flying Knee","Bane"],"picked":"Phantasmal Killer","floor":10},{"not_picked":["Caltrops","Flying Knee"],"picked":"Leg Sweep","floor":11},{"not_picked":["PiercingWail","Backflip"],"picked":"Escape Plan","floor":12},{"not_picked":["Blade Dance","Deflect"],"picked":"Dagger Spray","floor":14},{"not_picked":["A Thousand Cuts","Grand Finale"],"picked":"Corpse Explosion","floor":16},{"not_picked":["All Out Attack","Deadly Poison"],"picked":"Backstab","floor":18},{"not_picked":["Bane","Underhanded Strike"],"picked":"Blur","floor":20},{"not_picked":["Dagger Throw","Caltrops"],"picked":"PiercingWail","floor":23},{"not_picked":["A Thousand Cuts","Flying Knee"],"picked":"Dash","floor":24},{"not_picked":["Deflect","Prepared"],"picked":"Infinite Blades+1","floor":28},{"not_picked":["Expertise","Masterful Stab"],"picked":"Deadly Poison","floor":29},{"not_picked":["Outmaneuver+1","Bouncing Flask"],"picked":"PiercingWail+1","floor":31}],"player_experience":384116,"relics_obtained":[{"floor":6,"key":"Bag of Preparation"},{"floor":8,"key":"Anchor"},{"floor":11,"key":"Lantern"},{"floor":23,"key":"Blue Candle"},{"floor":23,"key":"Tingsha"},{"floor":26,"key":"Whetstone"},{"floor":31,"key":"Gambling Chip"},{"floor":31,"key":"Pear"}],"event_choices":[{"damage_healed":0,"gold_gain":0,"cards_transformed":["Strike_G"],"player_choice":"Change","damage_taken":0,"max_hp_gain":0,"max_hp_loss":0,"event_name":"Living Wall","floor":2,"gold_loss":0,"cards_obtained":["Finisher"]},{"damage_healed":0,"gold_gain":0,"player_choice":"Entered Light","damage_taken":14,"max_hp_gain":0,"max_hp_loss":0,"event_name":"Shining Light","floor":3,"gold_loss":0,"cards_upgraded":["Strike_G","Survivor"]},{"damage_healed":0,"gold_gain":75,"player_choice":"Gather Gold","damage_taken":11,"max_hp_gain":0,"max_hp_loss":0,"event_name":"World of Goop","floor":5,"gold_loss":0},{"damage_healed":0,"gold_gain":0,"player_choice":"Bought 1 Potion","damage_taken":0,"max_hp_gain":0,"max_hp_loss":0,"event_name":"The Woman in Blue","floor":19,"gold_loss":0},{"damage_healed":0,"gold_gain":0,"player_choice":"Simplicity","damage_taken":0,"max_hp_gain":0,"max_hp_loss":0,"event_name":"Back to Basics","floor":21,"gold_loss":0,"cards_upgraded":["Defend_G","Defend_G","Defend_G","Defend_G","Defend_G","Strike_G","Strike_G"]},{"damage_healed":0,"gold_gain":0,"player_choice":"Inject Mutagens","damage_taken":0,"relics_obtained":["MutagenicStrength"],"max_hp_gain":0,"max_hp_loss":0,"event_name":"Drug Dealer","floor":22,"gold_loss":0}],"is_beta":false,"boss_relics":[{"not_picked":["White Beast Statue","Pandora\u0027s Box"],"picked":"Black Star"}],"items_purged_floors":[13],"is_endless":false,"potions_floor_spawned":[10,11,12,14,16,18,20,23,28],"killed_by":"Champ","ascension_level":1}