{"gold_per_floor":[113,130,4,20,37,67,67,94,94,94],"floor_reached":10,"playtime":499,"items_purged":[],"score":117,"play_id":"0d64ab5e-9a31-43e7-acde-7103d1b4ae04","local_time":"20190929220314","is_ascension_mode":true,"campfire_choices":[{"floor":7,"key":"REST"}],"neow_cost":"NONE","seed_source_timestamp":40185836786294,"circlet_count":0,"master_deck":["AscendersBane","Strike_R","Strike_R","Strike_R","Strike_R","Strike_R","Defend_R","Defend_R","Defend_R","Defend_R","Bash","Intimidate","Corruption","Whirlwind","Wild Strike","Pommel Strike","Exhume","Metallicize"],"relics":["Burning Blood","Torii","Bag of Preparation","Happy Flower"],"potions_floor_usage":[2,5,8,8],"damage_taken":[{"damage":10,"enemies":"2 Louse","floor":1,"turns":4},{"damage":3,"enemies":"Jaw Worm","floor":2,"turns":5},{"damage":10,"enemies":"Cultist","floor":4,"turns":4},{"damage":25,"enemies":"Large Slime","floor":5,"turns":7},{"damage":50,"enemies":"3 Sentries","floor":6,"turns":8},{"damage":25,"enemies":"Lagavulin","floor":8,"turns":7},{"damage":18,"enemies":"3 Sentries","floor":10,"turns":5}],"seed_played":"-1282830613517954064","potions_obtained":[{"floor":1,"key":"Energy Potion"},{"floor":4,"key":"AttackPotion"},{"floor":6,"key":"Poison Potion"}],"is_trial":false,"path_per_floor":["M","M","$","M","M","E","R","E","T","E"],"character_chosen":"IRONCLAD","items_purchased":["Whirlwind","Poison Potion"],"campfire_rested":1,"item_purchase_floors":[3,3],"current_hp_per_floor":[76,79,79,75,56,12,38,19,19,1],"gold":94,"neow_bonus":"TEN_PERCENT_HP_BONUS","is_prod":false,"is_daily":false,"chose_seed":false,"campfire_upgraded":0,"win_rate":0,"timestamp":1569787394,"path_taken":["M","M","$","M","M","E","R","E","T","E"],"build_version":"2019-07-17","purchased_purges":0,"victory":false,"max_hp_per_floor":[88,88,88,88,88,88,88,88,88,88],"card_choices":[{"not_picked":["Sentinel","Heavy Blade"],"picked":"Intimidate","floor":1},{"not_picked":["Dual Wield","Sever Soul"],"picked":"Corruption","floor":2},{"not_picked":["Thunderclap","Flex"],"picked":"Wild Strike","floor":4},{"not_picked":["Pummel","Clothesline"],"picked":"Pommel Strike","floor":5},{"not_picked":["Sever Soul","Infernal Blade"],"picked":"Exhume","floor":6},{"not_picked":["Reckless Charge","Dropkick"],"picked":"Metallicize","floor":8}],"player_experience":307835,"relics_obtained":[{"floor":6,"key":"Torii"},{"floor":8,"key":"Bag of Preparation"},{"floor":9,"key":"Happy Flower"}],"event_choices":[],"is_beta":false,"boss_relics":[],"items_purged_floors":[],"is_endless":false,"potions_floor_spawned":[1,4,6],"killed_by":"3 Sentries","ascension_level":10}