{"gold_per_floor":[115,115,115,135,60,79,109,109,109,127,156,156,231,33,33,33],"floor_reached":16,"playtime":1650,"items_purged":["Strike_G"],"score":108,"play_id":"4a1b9526-3640-4f00-96d9-b907e71669d1","local_time":"20181202143157","is_ascension_mode":false,"campfire_choices":[{"data":"Skewer","floor":8,"key":"SMITH"},{"data":"Infinite Blades","floor":15,"key":"SMITH"}],"neow_cost":"NONE","seed_source_timestamp":0,"circlet_count":0,"master_deck":["Defend_G","Defend_G","Defend_G","Defend_G","Strike_G","Strike_G","Strike_G","Strike_G","Survivor","Neutralize+1","PiercingWail","Skewer+1","Flying Knee","Flying Knee","Infinite Blades+1","Backstab"],"special_seed":0,"relics":["Eternal Feather","Ninja Scroll","Dream Catcher","Golden Idol","Membership Card"],"potions_floor_usage":[7,11,16],"damage_taken":[{"damage":2,"enemies":"Cultist","floor":1,"turns":5},{"damage":0,"enemies":"Small Slimes","floor":4,"turns":4},{"damage":8,"enemies":"Jaw Worm","floor":6,"turns":6},{"damage":18,"enemies":"3 Sentries","floor":7,"turns":10},{"damage":0,"enemies":"3 Louse","floor":10,"turns":3},{"damage":5,"enemies":"Lagavulin","floor":11,"turns":5},{"damage":33,"enemies":"Slime Boss","floor":16,"turns":8}],"seed_played":"-288441629056350641","potions_obtained":[{"floor":6,"key":"SteroidPotion"},{"floor":10,"key":"SpeedPotion"},{"floor":11,"key":"SpeedPotion"}],"is_trial":false,"path_per_floor":["M","?","?","M","$","M","E","R","T","M","E","?","?","$","R","B"],"character_chosen":"THE_SILENT","items_purchased":["Membership Card"],"campfire_rested":0,"item_purchase_floors":[14],"current_hp_per_floor":[68,68,68,68,68,60,42,48,48,48,43,26,15,15,24,0],"gold":33,"neow_bonus":"BOSS_RELIC","is_prod":false,"is_daily":false,"chose_seed":false,"campfire_upgraded":2,"win_rate":0,"timestamp":1543761117,"path_taken":["M","?","?","M","$","?","E","R","T","M","E","?","?","$","R","BOSS"],"build_version":"2018-11-15","purchased_purges":1,"victory":false,"max_hp_per_floor":[70,70,70,70,70,70,70,70,70,70,70,70,70,70,70,70],"card_choices":[{"not_picked":["Dagger Spray","Deadly Poison"],"picked":"PiercingWail","floor":1},{"not_picked":["Slice","Sucker Punch"],"picked":"Skewer","floor":4},{"not_picked":["Deflect","Reflex"],"picked":"Flying Knee","floor":6},{"not_picked":["Riddle With Holes","Underhanded Strike"],"picked":"Flying Knee","floor":7},{"not_picked":["Flying Knee","Prepared"],"picked":"Infinite Blades","floor":10},{"not_picked":["Acrobatics","Endless Agony"],"picked":"Backstab","floor":11}],"player_experience":184145,"relics_obtained":[{"floor":7,"key":"Ninja Scroll"},{"floor":11,"key":"Dream Catcher"}],"event_choices":[{"cards_removed":["Defend_G"],"damage_healed":0,"gold_gain":0,"player_choice":"Forget","damage_taken":0,"max_hp_gain":0,"max_hp_loss":0,"event_name":"Living Wall","floor":2,"gold_loss":0},{"damage_healed":0,"gold_gain":0,"player_choice":"Upgraded","damage_taken":0,"max_hp_gain":0,"max_hp_loss":0,"event_name":"Upgrade Shrine","floor":3,"gold_loss":0,"cards_upgraded":["Neutralize"]},{"damage_healed":0,"gold_gain":0,"player_choice":"Take Damage","damage_taken":17,"relics_obtained":["Golden Idol"],"max_hp_gain":0,"max_hp_loss":0,"event_name":"Golden Idol","floor":12,"gold_loss":0},{"damage_healed":0,"gold_gain":75,"player_choice":"Gather Gold","damage_taken":11,"max_hp_gain":0,"max_hp_loss":0,"event_name":"World of Goop","floor":13,"gold_loss":0}],"is_beta":true,"boss_relics":[],"items_purged_floors":[5],"is_endless":false,"potions_floor_spawned":[6,10,11],"killed_by":"Slime Boss","ascension_level":0}