{"gold_per_floor":[111,129,144,160,176,176,209,229,277,287,315,315,2,13,13,109,109,129,129,148,162,181,211,236,266,266,291,291,323,323,343,343,439,439,457,58,76,0,0,28,28,28,102,118,149,159,36,48,48,48,48,48,6,35,35],"floor_reached":56,"playtime":3260,"items_purged":["Pain"],"score":1448,"play_id":"bbf43fe9-ded1-425e-a25f-4d0b11c24970","local_time":"20190112151658","is_ascension_mode":true,"campfire_choices":[{"data":"Bash","floor":6,"key":"SMITH"},{"data":"Barricade","floor":15,"key":"SMITH"},{"floor":28,"key":"REST"},{"data":"Carnage","floor":32,"key":"SMITH"},{"floor":41,"key":"RECALL"},{"data":"Armaments","floor":49,"key":"SMITH"},{"data":"Power Through","floor":52,"key":"SMITH"}],"neow_cost":"PERCENT_DAMAGE","seed_source_timestamp":332290059148472,"circlet_count":0,"master_deck":["Strike_R+1","Strike_R","Strike_R","Strike_R","Strike_R","Defend_R","Defend_R","Defend_R","Bash+1","Power Through+1","Shockwave","Battle Trance","Wild Strike","True Grit","Barricade+1","Headbutt","Metallicize","Reaper","Shrug It Off","Inflame","Fiend Fire+1","Second Wind","Rampage","Armaments+1","Heavy Blade+1","Intimidate+1","Body Slam","Carnage+1","Metallicize","Havoc+1","Headbutt+1","Double Tap+1","Clothesline","Apotheosis+1","Flex+1","Spot Weakness+1","Shrug It Off+1","Dropkick","Havoc+1","Double Tap+1","Immolate","Exhume+1"],"relics":["Burning Blood","WingedGreaves","PreservedInsect","Turnip","WarpedTongs","Brimstone","Mark of Pain","Matryoshka","Whetstone","Bottled Tornado","The Courier","Self Forming Clay","Toxic Egg 2","Pen Nib","Blue Candle","Lizard Tail","Mango","Red Mask","Question Card","Anchor","FossilizedHelix","Potion Belt","Orichalcum"],"potions_floor_usage":[4,7,11,20,27,33,34,37,55,55,55,55,55],"damage_taken":[{"damage":10,"enemies":"Jaw Worm","floor":1,"turns":4},{"damage":1,"enemies":"Cultist","floor":2,"turns":4},{"damage":4,"enemies":"2 Louse","floor":3,"turns":3},{"damage":10,"enemies":"Gremlin Gang","floor":4,"turns":4},{"damage":7,"enemies":"3 Louse","floor":5,"turns":4},{"damage":13,"enemies":"Lagavulin","floor":7,"turns":6},{"damage":4,"enemies":"Exordium Wildlife","floor":8,"turns":4},{"damage":2,"enemies":"Blue Slaver","floor":10,"turns":3},{"damage":9,"enemies":"3 Sentries","floor":11,"turns":8},{"damage":6,"enemies":"Red Slaver","floor":14,"turns":3},{"damage":32,"enemies":"Slime Boss","floor":16,"turns":7},{"damage":14,"enemies":"Shell Parasite","floor":18,"turns":5},{"damage":40,"enemies":"3 Byrds","floor":20,"turns":5},{"damage":3,"enemies":"Cultist and Chosen","floor":21,"turns":4},{"damage":13,"enemies":"Snecko","floor":22,"turns":3},{"damage":33,"enemies":"Book of Stabbing","floor":23,"turns":3},{"damage":17,"enemies":"Gremlin Leader","floor":24,"turns":7},{"damage":39,"enemies":"Book of Stabbing","floor":25,"turns":5},{"damage":32,"enemies":"Slavers","floor":27,"turns":4},{"damage":39,"enemies":"Book of Stabbing","floor":29,"turns":5},{"damage":2,"enemies":"3 Cultists","floor":31,"turns":4},{"damage":49,"enemies":"Automaton","floor":33,"turns":8},{"damage":12,"enemies":"Orb Walker","floor":35,"turns":2},{"damage":22,"enemies":"3 Shapes","floor":37,"turns":4},{"damage":6,"enemies":"Giant Head","floor":40,"turns":6},{"damage":0,"enemies":"Writhing Mass","floor":44,"turns":5},{"damage":0,"enemies":"Reptomancer","floor":45,"turns":2},{"damage":12,"enemies":"3 Darklings","floor":46,"turns":5},{"damage":0,"enemies":"Maw","floor":48,"turns":7},{"damage":32,"enemies":"Time Eater","floor":50,"turns":8},{"damage":50,"enemies":"Shield and Spear","floor":54,"turns":5},{"damage":116,"enemies":"The Heart","floor":55,"turns":7}],"seed_played":"-7700504898362443850","potions_obtained":[{"floor":1,"key":"Explosive Potion"},{"floor":5,"key":"Energy Potion"},{"floor":7,"key":"Energy Potion"},{"floor":11,"key":"SkillPotion"},{"floor":16,"key":"Explosive Potion"},{"floor":18,"key":"FearPotion"},{"floor":22,"key":"SmokeBomb"},{"floor":23,"key":"Energy Potion"},{"floor":27,"key":"Fruit Juice"},{"floor":29,"key":"Block Potion"},{"floor":33,"key":"Fruit Juice"},{"floor":44,"key":"SteroidPotion"},{"floor":45,"key":"FearPotion"},{"floor":54,"key":"Energy Potion"}],"is_trial":false,"path_per_floor":["M","M","M","M","M","R","E","M","T","M","E","?","$","M","R","B",null,"M","?","M","M","M","E","E","E","T","E","R","E","?","M","R","B",null,"M","$","M","?","?","E","R","T","T","M","E","M","$","M","R","B",null,"R","$","E","B",null],"character_chosen":"IRONCLAD","items_purchased":["Shrug It Off","Brimstone","Apotheosis+1","Mango","Double Tap+1","PowerPotion"],"campfire_rested":1,"item_purchase_floors":[13,13,36,36,47,53],"current_hp_per_floor":[68,73,75,71,70,70,63,65,65,69,66,66,66,66,66,76,96,88,88,74,95,88,61,86,63,63,63,93,77,77,81,81,58,106,100,114,108,108,108,108,108,108,108,114,120,114,114,120,120,94,120,120,120,76,27],"gold":35,"neow_bonus":"TWENTY_PERCENT_HP_BONUS","is_prod":false,"is_daily":false,"chose_seed":false,"campfire_upgraded":5,"win_rate":0,"timestamp":1547324218,"path_taken":["M","M","M","M","M","R","E","M","T","M","E","?","$","M","R","BOSS","M","?","?","M","?","E","E","E","T","E","R","E","?","M","R","BOSS","M","$","?","?","?","E","R","?","T","?","E","M","?","M","R","BOSS","R","$","E","BOSS"],"build_version":"2019-01-10","purchased_purges":1,"victory":true,"max_hp_per_floor":[96,96,96,96,96,96,96,96,96,96,96,96,96,96,96,96,96,96,96,96,96,96,96,96,96,96,101,101,101,101,101,101,101,106,106,120,120,120,120,120,120,120,120,120,120,120,120,120,120,120,120,120,120,120,120],"card_choices":[{"not_picked":["Feel No Pain","Pommel Strike"],"picked":"Power Through","floor":1},{"not_picked":["Flex","Headbutt"],"picked":"Shockwave","floor":2},{"not_picked":["Entrench","Sword Boomerang"],"picked":"Battle Trance","floor":3},{"not_picked":["Perfected Strike","Sword Boomerang"],"picked":"Wild Strike","floor":4},{"not_picked":["Pommel Strike","Reckless Charge"],"picked":"True Grit","floor":5},{"not_picked":["Warcry","Second Wind"],"picked":"Barricade","floor":7},{"not_picked":["Body Slam","Anger"],"picked":"Headbutt","floor":8},{"not_picked":["Heavy Blade","Havoc"],"picked":"Metallicize","floor":10},{"not_picked":["True Grit","Exhume"],"picked":"Reaper","floor":11},{"not_picked":["Pommel Strike","Warcry"],"picked":"Inflame","floor":14},{"not_picked":["Exhume","Bludgeon"],"picked":"Fiend Fire","floor":16},{"not_picked":["Intimidate","Feel No Pain"],"picked":"Second Wind","floor":18},{"not_picked":["Wild Strike","Blood for Blood+1"],"picked":"Rampage","floor":20},{"not_picked":["True Grit","Sword Boomerang"],"picked":"Armaments","floor":21},{"not_picked":["Thunderclap","Second Wind"],"picked":"Heavy Blade+1","floor":22},{"not_picked":["Hemokinesis","Burning Pact"],"picked":"Intimidate+1","floor":23},{"not_picked":["Bloodletting+1","Searing Blow"],"picked":"Body Slam","floor":24},{"not_picked":["Wild Strike","Rampage"],"picked":"Carnage","floor":25},{"not_picked":["Blood for Blood","Hemokinesis"],"picked":"Metallicize","floor":27},{"not_picked":["Flex+1","Wild Strike"],"picked":"Havoc+1","floor":29},{"not_picked":["Hemokinesis+1","Inflame"],"picked":"Headbutt+1","floor":31},{"not_picked":["Limit Break+1","Exhume+1"],"picked":"Double Tap+1","floor":33},{"not_picked":["Inflame+1","Rampage"],"picked":"Clothesline","floor":35},{"not_picked":["Second Wind+1","Dropkick"],"picked":"Flex+1","floor":37},{"not_picked":["Perfected Strike+1","Corruption+1"],"picked":"Spot Weakness+1","floor":40},{"not_picked":["Pommel Strike+1","Seeing Red+1","Havoc+1"],"picked":"Shrug It Off+1","floor":44},{"not_picked":["Iron Wave+1","Armaments+1","Body Slam+1"],"picked":"Dropkick","floor":45},{"not_picked":["Heavy Blade","Dropkick+1","Cleave"],"picked":"Havoc+1","floor":46},{"not_picked":["Clash+1","Clothesline+1","Evolve+1"],"picked":"Immolate","floor":48},{"not_picked":["Havoc+1","Second Wind+1","Pommel Strike"],"picked":"Exhume+1","floor":54}],"player_experience":365106,"relics_obtained":[{"floor":7,"key":"WingedGreaves"},{"floor":9,"key":"PreservedInsect"},{"floor":11,"key":"Turnip"},{"floor":23,"key":"Whetstone"},{"floor":24,"key":"Bottled Tornado"},{"floor":25,"key":"The Courier"},{"floor":26,"key":"Self Forming Clay"},{"floor":26,"key":"Toxic Egg 2"},{"floor":27,"key":"Pen Nib"},{"floor":29,"key":"Blue Candle"},{"floor":40,"key":"Question Card"},{"floor":42,"key":"Anchor"},{"floor":42,"key":"FossilizedHelix"},{"floor":45,"key":"Potion Belt"},{"floor":54,"key":"Orichalcum"}],"event_choices":[{"damage_healed":0,"gold_gain":0,"player_choice":"Rummage","damage_taken":0,"relics_obtained":["WarpedTongs"],"max_hp_gain":0,"max_hp_loss":0,"event_name":"Accursed Blacksmith","floor":12,"gold_loss":0,"cards_obtained":["Pain"]},{"damage_healed":0,"gold_gain":0,"player_choice":"Gave Potion","damage_taken":0,"relics_obtained":["Matryoshka"],"max_hp_gain":0,"max_hp_loss":0,"event_name":"WeMeetAgain","floor":19,"gold_loss":0},{"damage_healed":0,"gold_gain":0,"player_choice":"Ignored","damage_taken":0,"max_hp_gain":0,"max_hp_loss":0,"event_name":"N\u0027loth","floor":30,"gold_loss":0},{"damage_healed":0,"gold_gain":0,"player_choice":"Paid","damage_taken":0,"relics_obtained":["Red Mask"],"max_hp_gain":0,"max_hp_loss":0,"event_name":"Tomb of Lord Red Mask","floor":38,"gold_loss":76},{"cards_removed":["Defend_R"],"damage_healed":0,"gold_gain":0,"player_choice":"Removed Skill","damage_taken":0,"max_hp_gain":0,"max_hp_loss":0,"event_name":"Falling","floor":39,"gold_loss":0}],"is_beta":false,"boss_relics":[{"not_picked":["Orrery","Astrolabe"],"picked":"Mark of Pain"},{"not_picked":["White Beast Statue","Velvet Choker"],"picked":"Lizard Tail"}],"items_purged_floors":[13],"is_endless":false,"potions_floor_spawned":[1,5,7,11,16,18,22,23,27,29,33,44,45,54],"ascension_level":1}