{"gold_per_floor":[117,117,135,145,9,42,42,52,76,87,100,111,137,155,155,252,252,263,263,263,277,104,104,134,134,157,257,207,241,255,281,281,281],"floor_reached":33,"playtime":1810,"items_purged":["Strike_G","Defend_G"],"score":514,"play_id":"022d8011-b1ba-4dac-b1c5-a13dac3430d2","local_time":"20190922150300","is_ascension_mode":true,"campfire_choices":[{"data":"Glass Knife","floor":7,"key":"SMITH"},{"floor":15,"key":"REST"},{"floor":23,"key":"REST"},{"data":"Backstab","floor":25,"key":"SMITH"},{"data":"1","floor":32,"key":"LIFT"}],"neow_cost":"NONE","seed_source_timestamp":419836028246000,"circlet_count":0,"master_deck":["Strike_G","Strike_G","Strike_G","Defend_G","Defend_G","Defend_G","Survivor","Neutralize","Backstab+1","Cloak And Dagger","Glass Knife+1","Heel Hook","Dash","Cloak And Dagger","Backstab","Slice","Venomology","Poisoned Stab","RitualDagger","Choke","Flash of Steel","Backstab","Footwork"],"relics":["Ring of the Snake","Art of War","Boot","Strawberry","Pen Nib","Runic Pyramid","PreservedInsect","Smiling Mask","Girya","Matryoshka","Du-Vu Doll","Ornamental Fan"],"potions_floor_usage":[6,6,16,16,18,21,24,24,30,31,31,33,33],"damage_taken":[{"damage":8,"enemies":"2 Louse","floor":1,"turns":4},{"damage":0,"enemies":"Cultist","floor":3,"turns":4},{"damage":1,"enemies":"Small Slimes","floor":4,"turns":3},{"damage":0,"enemies":"Gremlin Nob","floor":6,"turns":2},{"damage":2,"enemies":"Blue Slaver","floor":8,"turns":2},{"damage":2,"enemies":"3 Louse","floor":10,"turns":3},{"damage":5,"enemies":"Large Slime","floor":11,"turns":4},{"damage":0,"enemies":"Exordium Wildlife","floor":12,"turns":2},{"damage":2,"enemies":"3 Sentries","floor":13,"turns":8},{"damage":0,"enemies":"3 Louse","floor":14,"turns":2},{"damage":51,"enemies":"The Guardian","floor":16,"turns":8},{"damage":2,"enemies":"3 Byrds","floor":18,"turns":3},{"damage":5,"enemies":"2 Thieves","floor":21,"turns":2},{"damage":7,"enemies":"Slavers","floor":24,"turns":4},{"damage":0,"enemies":"Colosseum Slavers","floor":27,"turns":3},{"damage":2,"enemies":"Colosseum Nobs","floor":27,"turns":3},{"damage":10,"enemies":"Gremlin Leader","floor":29,"turns":2},{"damage":0,"enemies":"Centurion and Healer","floor":30,"turns":3},{"damage":0,"enemies":"Book of Stabbing","floor":31,"turns":2},{"damage":69,"enemies":"Champ","floor":33,"turns":11}],"seed_played":"6843432625677119620","potions_obtained":[{"floor":1,"key":"PowerPotion"},{"floor":3,"key":"AttackPotion"},{"floor":8,"key":"Swift Potion"},{"floor":12,"key":"LiquidBronze"},{"floor":14,"key":"Block Potion"},{"floor":16,"key":"Explosive Potion"},{"floor":21,"key":"Fire Potion"},{"floor":30,"key":"Fire Potion"},{"floor":31,"key":"Weak Potion"}],"is_trial":false,"path_per_floor":["M","?","M","M","$","E","R","M","T","M","M","M","E","M","R","B",null,"M","?","?","M","$","R","E","R","T","?","$","E","M","E","R","B"],"character_chosen":"THE_SILENT","items_purchased":["Glass Knife","Flash of Steel"],"campfire_rested":2,"item_purchase_floors":[5,22],"current_hp_per_floor":[55,55,55,54,54,54,54,52,59,57,52,52,50,50,73,22,63,61,55,55,50,50,73,66,66,66,64,64,54,54,59,59,0],"gold":281,"neow_bonus":"RANDOM_COMMON_RELIC","is_prod":false,"is_daily":false,"chose_seed":false,"campfire_upgraded":2,"win_rate":0,"timestamp":1569178980,"path_taken":["M","?","M","M","$","E","R","M","T","M","M","?","E","M","R","BOSS","M","?","?","M","$","R","E","R","T","?","$","E","M","E","R","BOSS"],"build_version":"2019-07-17","purchased_purges":2,"victory":false,"max_hp_per_floor":[70,70,70,70,70,70,70,70,77,77,77,77,77,77,77,77,77,77,77,77,77,77,77,77,77,77,77,77,77,77,77,77,77],"card_choices":[{"not_picked":["Setup","Slice"],"picked":"Backstab","floor":1},{"not_picked":["Quick Slash","Well Laid Plans"],"picked":"Cloak And Dagger","floor":3},{"not_picked":["Deadly Poison","Dagger Spray","Blade Dance"],"picked":"SKIP","floor":4},{"not_picked":["Flechettes","Deflect"],"picked":"Heel Hook","floor":6},{"not_picked":["Crippling Poison","Underhanded Strike","Riddle With Holes"],"picked":"SKIP","floor":8},{"not_picked":["Flying Knee","Distraction"],"picked":"Dash","floor":10},{"not_picked":["Expertise","Quick Slash","Accuracy"],"picked":"SKIP","floor":11},{"not_picked":["Deadly Poison","Eviscerate"],"picked":"Cloak And Dagger","floor":12},{"not_picked":["Dash","Masterful Stab"],"picked":"Backstab","floor":13},{"not_picked":["Dagger Spray","Flechettes"],"picked":"Slice","floor":14},{"not_picked":["Adrenaline","A Thousand Cuts"],"picked":"Venomology","floor":16},{"not_picked":["Acrobatics","Slice"],"picked":"Poisoned Stab","floor":18},{"not_picked":["Poisoned Stab","Acrobatics"],"picked":"Choke","floor":21},{"not_picked":["Flying Knee+1","Grand Finale"],"picked":"Backstab","floor":24},{"not_picked":["Acrobatics","Deadly Poison+1","Eviscerate+1"],"picked":"SKIP","floor":29},{"not_picked":["Expertise","Dodge and Roll+1","Sucker Punch"],"picked":"SKIP","floor":30},{"not_picked":["Concentrate","Bouncing Flask+1"],"picked":"Footwork","floor":31}],"player_experience":713477,"relics_obtained":[{"floor":6,"key":"Boot"},{"floor":9,"key":"Strawberry"},{"floor":13,"key":"Pen Nib"},{"floor":24,"key":"PreservedInsect"},{"floor":26,"key":"Smiling Mask"},{"floor":27,"key":"Girya"},{"floor":27,"key":"Matryoshka"},{"floor":29,"key":"Du-Vu Doll"},{"floor":31,"key":"Ornamental Fan"}],"event_choices":[{"cards_removed":["Defend_G"],"damage_healed":0,"gold_gain":0,"player_choice":"Offered Basic","damage_taken":0,"max_hp_gain":0,"max_hp_loss":0,"event_name":"Bonfire Elementals","floor":2,"gold_loss":0},{"damage_healed":0,"gold_gain":0,"player_choice":"Joined the Cult","damage_taken":6,"max_hp_gain":0,"max_hp_loss":0,"event_name":"Nest","floor":19,"gold_loss":0,"cards_obtained":["RitualDagger"]},{"cards_removed":["Strike_G"],"damage_healed":0,"gold_gain":0,"player_choice":"Elegance","damage_taken":0,"max_hp_gain":0,"max_hp_loss":0,"event_name":"Back to Basics","floor":20,"gold_loss":0},{"damage_healed":0,"gold_gain":0,"player_choice":"Fight","damage_taken":0,"max_hp_gain":0,"max_hp_loss":0,"event_name":"Colosseum","floor":27,"gold_loss":0},{"damage_healed":0,"gold_gain":0,"player_choice":"Fought Nobs","damage_taken":0,"max_hp_gain":0,"max_hp_loss":0,"event_name":"Colosseum","floor":27,"gold_loss":0}],"is_beta":false,"boss_relics":[{"not_picked":["Ring of the Serpent","Philosopher\u0027s Stone"],"picked":"Runic Pyramid"}],"items_purged_floors":[22,28],"is_endless":false,"potions_floor_spawned":[1,3,8,12,14,16,21,27,30,31],"killed_by":"Champ","ascension_level":8}