{"gold_per_floor":[112,127,143,143,155,155,174,185,185,205,240,259,259,289,289,389,389,409,87,87,98,98,131,148,148,171,198,214,214,248,264,264,264],"floor_reached":33,"playtime":1965,"items_purged":["Strike_G"],"score":483,"play_id":"88827f70-c5b5-477c-b07f-d5e6d3c328ad","local_time":"20190915183647","is_ascension_mode":true,"campfire_choices":[{"floor":6,"key":"REST"},{"floor":13,"key":"REST"},{"data":"Footwork","floor":15,"key":"SMITH"},{"floor":25,"key":"REST"},{"floor":29,"key":"REST"},{"floor":32,"key":"REST"}],"neow_cost":"CURSE","seed_source_timestamp":259274575712800,"circlet_count":0,"master_deck":["Strike_G+1","Strike_G+1","Strike_G+1","Defend_G+1","Defend_G+1","Defend_G+1","Defend_G+1","Defend_G+1","Survivor","Neutralize","Heel Hook","Footwork+1","Underhanded Strike","Prepared","Crippling Poison","Cloak And Dagger","Accuracy","Prepared","Backstab","Underhanded Strike","Cloak And Dagger","Corpse Explosion","Endless Agony+1","Backstab","Swift Strike","Infinite Blades","Footwork","Backflip","Underhanded Strike","Blade Dance+1","Underhanded Strike","Slice","Backflip","Tactician","Backstab"],"relics":["Ring of the Snake","PreservedInsect","The Courier","Juzu Bracelet","Empty Cage","Shuriken","Ginger","Torii"],"potions_floor_usage":[7,11,16,18,27,27,30,30,30,30,33,33],"damage_taken":[{"damage":7,"enemies":"Small Slimes","floor":1,"turns":4},{"damage":4,"enemies":"Cultist","floor":2,"turns":4},{"damage":7,"enemies":"2 Louse","floor":3,"turns":4},{"damage":13,"enemies":"Exordium Wildlife","floor":5,"turns":4},{"damage":3,"enemies":"Looter","floor":7,"turns":3},{"damage":1,"enemies":"Blue Slaver","floor":8,"turns":4},{"damage":6,"enemies":"2 Fungi Beasts","floor":10,"turns":4},{"damage":7,"enemies":"Gremlin Nob","floor":11,"turns":4},{"damage":7,"enemies":"Exordium Wildlife","floor":12,"turns":5},{"damage":9,"enemies":"3 Sentries","floor":14,"turns":9},{"damage":27,"enemies":"The Guardian","floor":16,"turns":12},{"damage":21,"enemies":"Spheric Guardian","floor":18,"turns":6},{"damage":6,"enemies":"3 Byrds","floor":21,"turns":3},{"damage":28,"enemies":"Slavers","floor":23,"turns":2},{"damage":29,"enemies":"Cultist and Chosen","floor":24,"turns":7},{"damage":10,"enemies":"Gremlin Leader","floor":27,"turns":3},{"damage":18,"enemies":"Snecko","floor":28,"turns":5},{"damage":2,"enemies":"Slavers","floor":30,"turns":3},{"damage":15,"enemies":"Shelled Parasite and Fungi","floor":31,"turns":6},{"damage":72,"enemies":"Collector","floor":33,"turns":9}],"seed_played":"4797501132173744338","potions_obtained":[{"floor":2,"key":"SkillPotion"},{"floor":3,"key":"GhostInAJar"},{"floor":5,"key":"Poison Potion"},{"floor":8,"key":"Block Potion"},{"floor":16,"key":"SmokeBomb"},{"floor":18,"key":"SpeedPotion"},{"floor":21,"key":"Strength Potion"},{"floor":23,"key":"Explosive Potion"},{"floor":27,"key":"Weak Potion"},{"floor":28,"key":"EntropicBrew"}],"is_trial":false,"path_per_floor":["M","M","M","?","M","R","M","M","T","M","E","M","R","E","R","B",null,"M","$","?","M","?","E","M","R","T","E","M","R","E","M","R","B"],"character_chosen":"THE_SILENT","items_purchased":["Backstab","Swift Strike","Infinite Blades","Footwork","Backflip"],"campfire_rested":5,"item_purchase_floors":[19,19,19,19,19],"current_hp_per_floor":[70,66,59,59,46,71,68,67,67,61,54,47,72,63,63,36,72,51,51,79,73,73,45,16,41,41,31,13,38,36,21,46,0],"gold":264,"neow_bonus":"TWENTY_PERCENT_HP_BONUS","is_prod":false,"is_daily":false,"chose_seed":false,"campfire_upgraded":1,"win_rate":0,"timestamp":1568587007,"path_taken":["M","M","M","?","M","R","?","M","T","M","E","M","R","E","R","BOSS","M","$","?","M","?","E","M","R","T","E","M","R","E","M","R","BOSS"],"build_version":"2019-07-17","purchased_purges":1,"victory":false,"max_hp_per_floor":[84,84,84,84,84,84,84,84,84,84,84,84,84,84,84,84,84,84,84,84,84,84,84,84,84,84,84,84,84,84,84,84,84],"card_choices":[{"not_picked":["Flying Knee","Outmaneuver"],"picked":"Heel Hook","floor":1},{"not_picked":["Prepared","Underhanded Strike"],"picked":"Footwork","floor":2},{"not_picked":["Poisoned Stab","Bane"],"picked":"Underhanded Strike","floor":3},{"not_picked":["PiercingWail","Dagger Spray"],"picked":"Cloak And Dagger","floor":5},{"not_picked":["Eviscerate","Sucker Punch"],"picked":"Accuracy","floor":7},{"not_picked":["Burst","Endless Agony"],"picked":"Prepared","floor":8},{"not_picked":["Dagger Throw","Calculated Gamble"],"picked":"Backstab","floor":10},{"not_picked":["Deadly Poison","Phantasmal Killer","Bane"],"picked":"SKIP","floor":11},{"not_picked":["Terror","Riddle With Holes"],"picked":"Underhanded Strike","floor":12},{"not_picked":["Riddle With Holes","Bane"],"picked":"Cloak And Dagger","floor":14},{"not_picked":["Venomology","Adrenaline"],"picked":"Corpse Explosion","floor":16},{"not_picked":["Poisoned Stab","Masterful Stab"],"picked":"Endless Agony+1","floor":18},{"not_picked":["Backflip","Setup"],"picked":"Underhanded Strike","floor":21},{"not_picked":["Concentrate","Slice"],"picked":"Blade Dance+1","floor":23},{"not_picked":["Quick Slash","Flying Knee+1"],"picked":"Underhanded Strike","floor":24},{"not_picked":["Setup","Sucker Punch"],"picked":"Slice","floor":27},{"not_picked":["Outmaneuver+1","Bane"],"picked":"Backflip","floor":28},{"not_picked":["Leg Sweep+1","Blade Dance"],"picked":"Tactician","floor":30},{"not_picked":["Bouncing Flask","Accuracy"],"picked":"Backstab","floor":31}],"player_experience":637650,"relics_obtained":[{"floor":9,"key":"PreservedInsect"},{"floor":11,"key":"The Courier"},{"floor":14,"key":"Juzu Bracelet"},{"floor":23,"key":"Shuriken"},{"floor":27,"key":"Ginger"},{"floor":30,"key":"Torii"}],"event_choices":[{"damage_healed":0,"gold_gain":0,"player_choice":"2 cards matched","damage_taken":0,"max_hp_gain":0,"max_hp_loss":0,"event_name":"Match and Keep!","floor":4,"gold_loss":0,"cards_obtained":["Prepared","Crippling Poison"]},{"damage_healed":28,"gold_gain":0,"player_choice":"Heal","damage_taken":0,"max_hp_gain":0,"max_hp_loss":0,"event_name":"The Library","floor":20,"gold_loss":0},{"damage_healed":0,"gold_gain":0,"player_choice":"Simplicity","damage_taken":0,"max_hp_gain":0,"max_hp_loss":0,"event_name":"Back to Basics","floor":22,"gold_loss":0,"cards_upgraded":["Strike_G","Strike_G","Strike_G","Defend_G","Defend_G","Defend_G","Defend_G","Defend_G"]}],"is_beta":false,"boss_relics":[{"not_picked":["Runic Dome","Runic Pyramid"],"picked":"Empty Cage"}],"items_purged_floors":[19],"is_endless":false,"potions_floor_spawned":[2,3,5,8,10,16,18,21,23,27,28],"killed_by":"Collector","ascension_level":7}