{"gold_per_floor":[118,68,143,154,154,182,198,198,198,215,243,418,418,433,433,538,538,558,577,577,577,593,593,503,503,503,503,2,2,31,60,60,163,163,177,177,190,1189,1199,1199,1229,776,776,296,347,361,64,78,78,78],"floor_reached":51,"playtime":2792,"items_purged":["Prepared","Normality","Normality"],"score":1126,"play_id":"ba204014-8f84-4c20-ad72-6e7d42e553aa","local_time":"20190518154358","is_ascension_mode":true,"campfire_choices":[{"data":"Blade Dance","floor":8,"key":"SMITH"},{"data":"Doubt","floor":13,"key":"PURGE"},{"data":"Terror","floor":15,"key":"SMITH"},{"data":"Shame","floor":23,"key":"PURGE"},{"data":"Finisher","floor":25,"key":"SMITH"},{"data":"Neutralize","floor":27,"key":"SMITH"},{"data":"Reflex","floor":32,"key":"PURGE"},{"data":"Writhe","floor":40,"key":"PURGE"},{"data":"Shame","floor":49,"key":"PURGE"}],"neow_cost":"NONE","seed_source_timestamp":315515303838278,"circlet_count":0,"master_deck":["Survivor+1","Neutralize+1","Terror+1","Backflip+1","Die Die Die","Sucker Punch","Finisher+1","Poisoned Stab","Dash","PiercingWail","Blade Dance+1","Endless Agony","Heel Hook+1","Well Laid Plans","Adrenaline","Cloak And Dagger+1","Backstab","Neutralize","Backstab","Master of Strategy","Discovery","Escape Plan+1","Die Die Die","Adrenaline","Acrobatics+1","Escape Plan+1","Acrobatics","After Image","Doppelganger","Impatience","Discovery","Master of Strategy","Skewer","Infinite Blades+1","Heel Hook+1"],"relics":["Pandora\u0027s Box","Shuriken","Question Card","Peace Pipe","Sozu","Bag of Marbles","Orichalcum","War Paint","Blue Candle","Darkstone Periapt","Red Mask","Cursed Key","Snake Skull","ClockworkSouvenir","Frozen Egg 2","Incense Burner","Bottled Flame"],"potions_floor_usage":[6,11],"damage_taken":[{"damage":0,"enemies":"Jaw Worm","floor":1,"turns":3},{"damage":0,"enemies":"Small Slimes","floor":4,"turns":2},{"damage":3,"enemies":"Lagavulin","floor":6,"turns":7},{"damage":0,"enemies":"Cultist","floor":7,"turns":2},{"damage":1,"enemies":"Looter","floor":10,"turns":3},{"damage":2,"enemies":"Gremlin Nob","floor":11,"turns":4},{"damage":0,"enemies":"Exordium Wildlife","floor":14,"turns":2},{"damage":0,"enemies":"Slime Boss","floor":16,"turns":6},{"damage":0,"enemies":"Shell Parasite","floor":18,"turns":2},{"damage":0,"enemies":"3 Byrds","floor":19,"turns":3},{"damage":0,"enemies":"Snake Plant","floor":22,"turns":1},{"damage":0,"enemies":"Gremlin Leader","floor":30,"turns":3},{"damage":0,"enemies":"Masked Bandits","floor":31,"turns":2},{"damage":5,"enemies":"Automaton","floor":33,"turns":4},{"damage":0,"enemies":"3 Darklings","floor":35,"turns":2},{"damage":0,"enemies":"Orb Walker","floor":37,"turns":1},{"damage":0,"enemies":"Sphere and 2 Shapes","floor":39,"turns":2},{"damage":0,"enemies":"Reptomancer","floor":41,"turns":2},{"damage":2,"enemies":"2 Orb Walkers","floor":45,"turns":2},{"damage":0,"enemies":"Spire Growth","floor":46,"turns":2},{"damage":0,"enemies":"4 Shapes","floor":48,"turns":4},{"damage":27,"enemies":"Donu and Deca","floor":50,"turns":3}],"seed_played":"6997871253832941046","potions_obtained":[{"floor":5,"key":"FairyPotion"},{"floor":5,"key":"Energy Potion"},{"floor":5,"key":"Fruit Juice"},{"floor":6,"key":"GhostInAJar"},{"floor":11,"key":"SpeedPotion"}],"is_trial":false,"path_per_floor":["M","?","?","M","?","E","M","R","T","M","E","?","R","M","R","B",null,"M","M","?","?","M","R","?","R","T","R","$","T","E","?","R","B",null,"M","?","M","?","M","R","E","$","T","$","?","M","$","M","R","B",null],"character_chosen":"THE_SILENT","items_purchased":["Master of Strategy","Discovery","War Paint","ClockworkSouvenir","Doppelganger","Impatience","Discovery","Master of Strategy","Skewer","Bottled Flame","Infinite Blades+1"],"campfire_rested":0,"item_purchase_floors":[28,28,28,42,42,42,44,44,44,47,47],"current_hp_per_floor":[70,70,59,59,59,61,61,61,61,60,58,58,58,58,58,58,71,71,71,71,71,71,71,71,71,71,71,71,71,71,71,71,66,73,73,81,81,93,93,93,93,93,99,99,97,97,97,97,97,70],"gold":78,"neow_bonus":"BOSS_RELIC","is_prod":false,"is_daily":false,"chose_seed":false,"campfire_upgraded":4,"win_rate":0,"timestamp":1558190638,"path_taken":["M","?","?","M","?","E","?","R","T","M","E","?","R","M","R","BOSS","M","M","?","?","?","R","?","R","T","R","$","?","E","?","R","BOSS","M","?","M","?","M","R","E","$","T","$","?","?","$","M","R","BOSS"],"build_version":"2019-01-23","purchased_purges":3,"victory":true,"max_hp_per_floor":[70,70,70,70,70,75,75,75,75,75,75,75,75,75,75,75,75,75,75,75,75,75,75,75,75,75,75,75,75,75,75,75,75,75,75,81,81,93,93,93,93,93,99,99,99,99,99,99,99,99],"card_choices":[{"not_picked":["Sucker Punch","Quick Slash"],"picked":"Dash","floor":1},{"not_picked":["Flechettes","Acrobatics"],"picked":"PiercingWail","floor":4},{"not_picked":["Catalyst","Terror"],"picked":"Blade Dance","floor":6},{"not_picked":["Concentrate","Predator","Acrobatics"],"picked":"SKIP","floor":7},{"not_picked":["Quick Slash","Bane","Flying Knee"],"picked":"Endless Agony","floor":10},{"not_picked":["Deadly Poison","Backstab","Underhanded Strike"],"picked":"Heel Hook","floor":11},{"not_picked":["Choke","Underhanded Strike","Flying Knee"],"picked":"Well Laid Plans","floor":14},{"not_picked":["Night Terror","Glass Knife","Burst"],"picked":"Adrenaline","floor":16},{"not_picked":["Prepared","Calculated Gamble","Poisoned Stab"],"picked":"Cloak And Dagger+1","floor":18},{"not_picked":["Sucker Punch","Dagger Throw","Deadly Poison"],"picked":"Backstab","floor":19},{"not_picked":["Acrobatics","Accuracy","Dagger Throw+1"],"picked":"Backstab","floor":22},{"not_picked":["Calculated Gamble","Eviscerate","All Out Attack"],"picked":"Escape Plan+1","floor":30},{"not_picked":["Blade Dance","Endless Agony","Distraction"],"picked":"Die Die Die","floor":31},{"not_picked":["Tools of the Trade","Phantasmal Killer","Night Terror"],"picked":"Adrenaline","floor":33},{"not_picked":["Slice","Dagger Throw","Dodge and Roll+1"],"picked":"Acrobatics+1","floor":35},{"not_picked":["Concentrate","Blade Dance","Cloak And Dagger+1"],"picked":"Escape Plan+1","floor":37},{"not_picked":["Outmaneuver","Bane","Eviscerate"],"picked":"Acrobatics","floor":39},{"not_picked":["Burst","Acrobatics+1","Dagger Throw"],"picked":"After Image","floor":41},{"not_picked":["Dodge and Roll+1","Acrobatics","Poisoned Stab","Sucker Punch+1"],"picked":"SKIP","floor":46},{"not_picked":["Poisoned Stab","Tactician+1","Terror+1"],"picked":"Heel Hook+1","floor":48}],"player_experience":249245,"relics_obtained":[{"floor":6,"key":"Shuriken"},{"floor":9,"key":"Question Card"},{"floor":11,"key":"Peace Pipe"},{"floor":26,"key":"Orichalcum"},{"floor":29,"key":"Blue Candle"},{"floor":30,"key":"Darkstone Periapt"},{"floor":31,"key":"Red Mask"},{"floor":41,"key":"Snake Skull"},{"floor":43,"key":"Frozen Egg 2"},{"floor":45,"key":"Incense Burner"}],"event_choices":[{"cards_removed":["Catalyst"],"damage_healed":0,"gold_gain":0,"player_choice":"Card Removal","damage_taken":0,"max_hp_gain":0,"max_hp_loss":0,"event_name":"The Cleric","floor":2,"gold_loss":50},{"damage_healed":0,"gold_gain":75,"player_choice":"Gather Gold","damage_taken":11,"max_hp_gain":0,"max_hp_loss":0,"event_name":"World of Goop","floor":3,"gold_loss":0},{"damage_healed":0,"gold_gain":0,"player_choice":"Got Potions","damage_taken":0,"max_hp_gain":0,"max_hp_loss":0,"event_name":"Lab","floor":5,"gold_loss":0},{"damage_healed":0,"gold_gain":175,"player_choice":"AGREE","damage_taken":0,"max_hp_gain":0,"max_hp_loss":0,"event_name":"Liars Game","floor":12,"gold_loss":0,"cards_obtained":["Doubt"]},{"damage_healed":0,"gold_gain":0,"player_choice":"Stole Relic","damage_taken":0,"relics_obtained":["Bag of Marbles"],"max_hp_gain":0,"max_hp_loss":0,"event_name":"Addict","floor":20,"gold_loss":0,"cards_obtained":["Shame"]},{"damage_healed":0,"gold_gain":0,"player_choice":"1 cards matched","damage_taken":0,"max_hp_gain":0,"max_hp_loss":0,"event_name":"Match and Keep!","floor":21,"gold_loss":0,"cards_obtained":["Neutralize"]},{"cards_removed":["Footwork"],"damage_healed":0,"gold_gain":0,"player_choice":"Upgrade and Remove","damage_taken":0,"max_hp_gain":0,"max_hp_loss":0,"event_name":"Designer","floor":24,"gold_loss":90,"cards_upgraded":["Heel Hook"]},{"damage_healed":0,"gold_gain":0,"player_choice":"Fought Bandits","damage_taken":0,"max_hp_gain":0,"max_hp_loss":0,"event_name":"Masked Bandits","floor":31,"gold_loss":0},{"damage_healed":19,"gold_gain":0,"player_choice":"Writhe","damage_taken":0,"max_hp_gain":0,"max_hp_loss":0,"event_name":"Winding Halls","floor":36,"gold_loss":0,"cards_obtained":["Writhe"]},{"damage_healed":0,"gold_gain":999,"player_choice":"Gold","damage_taken":0,"max_hp_gain":0,"max_hp_loss":0,"event_name":"MindBloom","floor":38,"gold_loss":0,"cards_obtained":["Normality","Normality"]},{"damage_healed":0,"gold_gain":0,"player_choice":"Fight","damage_taken":0,"max_hp_gain":0,"max_hp_loss":0,"event_name":"Mysterious Sphere","floor":45,"gold_loss":0}],"is_beta":false,"boss_relics":[{"not_picked":["Eternal Feather","Orrery"],"picked":"Sozu"},{"not_picked":["Snecko Eye","Runic Pyramid"],"picked":"Cursed Key"}],"items_purged_floors":[28,42,44],"is_endless":false,"potions_floor_spawned":[6,10,11,14,18,31,33,39,45],"ascension_level":5}