{"gold_per_floor":[119,138,155,168,168,194,194,228,282,247,266,266,295,305,305,406,406,426,426,22,32,13,45,65,65],"floor_reached":25,"playtime":1296,"items_purged":[],"score":363,"play_id":"645235d4-4482-4588-9dea-7ef3abce79f9","local_time":"20190929230751","is_ascension_mode":true,"campfire_choices":[{"floor":7,"key":"REST"},{"floor":12,"key":"REST"},{"data":"Envenom","floor":15,"key":"SMITH"}],"neow_cost":"NONE","seed_source_timestamp":1054246997567400,"circlet_count":0,"master_deck":["Strike_G","Strike_G","Strike_G","Strike_G","Strike_G","Defend_G","Defend_G","Defend_G","Defend_G","Survivor","Neutralize","Prepared","Cloak And Dagger","Accuracy","Dagger Throw","PiercingWail","Dagger Spray","Envenom+1","Heel Hook","Glass Knife","Backstab+1","Escape Plan","Noxious Fumes","Good Instincts","Cloak And Dagger","Footwork","Noxious Fumes","Choke"],"relics":["Ring of the Snake","Bronze Scales","Matryoshka","Potion Belt","Odd Mushroom","Philosopher\u0027s Stone","Nilry\u0027s Codex","Membership Card","Bag of Marbles"],"potions_floor_usage":[6,8,11,14,16,16,21,23,23,23,24],"damage_taken":[{"damage":2,"enemies":"Cultist","floor":1,"turns":4},{"damage":2,"enemies":"Small Slimes","floor":2,"turns":4},{"damage":2,"enemies":"Jaw Worm","floor":3,"turns":4},{"damage":4,"enemies":"Blue Slaver","floor":4,"turns":6},{"damage":43,"enemies":"3 Sentries","floor":6,"turns":9},{"damage":27,"enemies":"Lagavulin","floor":8,"turns":8},{"damage":0,"enemies":"3 Louse","floor":11,"turns":3},{"damage":6,"enemies":"The Mushroom Lair","floor":13,"turns":4},{"damage":0,"enemies":"Looter","floor":14,"turns":4},{"damage":40,"enemies":"Hexaghost","floor":16,"turns":11},{"damage":8,"enemies":"3 Byrds","floor":18,"turns":4},{"damage":0,"enemies":"2 Thieves","floor":21,"turns":3},{"damage":14,"enemies":"Slavers","floor":23,"turns":4},{"damage":18,"enemies":"Snecko","floor":24,"turns":4},{"damage":23,"enemies":"Centurion and Healer","floor":25,"turns":3}],"seed_played":"7883094376635207623","potions_obtained":[{"floor":3,"key":"Weak Potion"},{"floor":4,"key":"LiquidBronze"},{"floor":8,"key":"AttackPotion"},{"floor":11,"key":"Dexterity Potion"},{"floor":13,"key":"GamblersBrew"},{"floor":16,"key":"Fruit Juice"},{"floor":21,"key":"Explosive Potion"},{"floor":24,"key":"Fruit Juice"}],"is_trial":false,"path_per_floor":["M","M","M","M","?","E","R","E","T","?","M","R","?","M","R","B",null,"M","?","$","M","$","E","M","M"],"character_chosen":"THE_SILENT","items_purchased":["Membership Card","Escape Plan","Noxious Fumes","Good Instincts","AttackPotion","Fire Potion","PowerPotion","Footwork"],"campfire_rested":2,"item_purchase_floors":[20,20,20,20,20,20,20,22],"current_hp_per_floor":[68,66,64,60,60,17,40,13,13,32,32,55,49,49,49,14,65,57,41,41,41,41,27,14,0],"gold":65,"neow_bonus":"TEN_PERCENT_HP_BONUS","is_prod":false,"is_daily":false,"chose_seed":false,"campfire_upgraded":1,"win_rate":0,"timestamp":1569812871,"path_taken":["M","M","?","M","?","E","R","E","T","?","?","R","?","M","R","BOSS","M","?","$","M","$","E","M","M"],"build_version":"2019-07-17","purchased_purges":0,"victory":false,"max_hp_per_floor":[77,77,77,77,77,77,77,77,77,77,77,77,77,77,77,82,82,82,82,82,82,82,82,87,87],"card_choices":[{"not_picked":["Tactician","Bane"],"picked":"Prepared","floor":1},{"not_picked":["Crippling Poison","Quick Slash"],"picked":"Cloak And Dagger","floor":2},{"not_picked":["Predator","Underhanded Strike"],"picked":"Accuracy","floor":3},{"not_picked":["Prepared","Deflect"],"picked":"Dagger Throw","floor":4},{"not_picked":["Setup","Skewer","Dodge and Roll"],"picked":"SKIP","floor":6},{"not_picked":["Dagger Throw","Deflect"],"picked":"PiercingWail","floor":8},{"not_picked":["Eviscerate","Poisoned Stab"],"picked":"Dagger Spray","floor":11},{"not_picked":["Bane","Cloak And Dagger"],"picked":"Envenom","floor":13},{"not_picked":["Dagger Spray","Slice"],"picked":"Heel Hook","floor":14},{"not_picked":["Wraith Form v2","Tools of the Trade"],"picked":"Glass Knife","floor":16},{"not_picked":["Poisoned Stab","Outmaneuver"],"picked":"Backstab+1","floor":18},{"not_picked":["Blade Dance","Underhanded Strike"],"picked":"Cloak And Dagger","floor":21},{"not_picked":["Blade Dance","Backflip"],"picked":"Noxious Fumes","floor":23},{"not_picked":["Crippling Poison","Flying Knee"],"picked":"Choke","floor":24}],"player_experience":736042,"relics_obtained":[{"floor":6,"key":"Bronze Scales"},{"floor":8,"key":"Matryoshka"},{"floor":9,"key":"Potion Belt"},{"floor":13,"key":"Odd Mushroom"},{"floor":19,"key":"Nilry\u0027s Codex"},{"floor":23,"key":"Bag of Marbles"}],"event_choices":[{"cards_removed":["Defend_G"],"damage_healed":0,"gold_gain":0,"player_choice":"Forget","damage_taken":0,"max_hp_gain":0,"max_hp_loss":0,"event_name":"Living Wall","floor":5,"gold_loss":0},{"damage_healed":19,"gold_gain":0,"player_choice":"Healed","damage_taken":0,"max_hp_gain":0,"max_hp_loss":0,"event_name":"The Cleric","floor":10,"gold_loss":35},{"damage_healed":0,"gold_gain":0,"player_choice":"Fought Mushrooms","damage_taken":0,"max_hp_gain":0,"max_hp_loss":0,"event_name":"Mushrooms","floor":13,"gold_loss":0},{"damage_healed":0,"gold_gain":0,"player_choice":"Obtained Book","damage_taken":16,"max_hp_gain":0,"max_hp_loss":0,"event_name":"Cursed Tome","floor":19,"gold_loss":0}],"is_beta":false,"boss_relics":[{"not_picked":["Orrery","HoveringKite"],"picked":"Philosopher\u0027s Stone"}],"items_purged_floors":[],"is_endless":false,"potions_floor_spawned":[3,4,8,11,13,16,21,24],"killed_by":"Centurion and Healer","ascension_level":9}