{"gold_per_floor":[119,194,208,226,237,249,281,281,306,339,356,356,369,388,388,485,485,505,505,505,505,523,554,554,586,613,613],"floor_reached":27,"playtime":1738,"items_purged":[],"score":403,"play_id":"35e0a0a8-69eb-4d46-b6ea-e326e2d9787e","local_time":"20190116140503","is_ascension_mode":true,"campfire_choices":[{"floor":8,"key":"REST"},{"floor":12,"key":"REST"},{"data":"Biased Cognition","floor":15,"key":"SMITH"},{"floor":24,"key":"REST"}],"neow_cost":"NONE","seed_source_timestamp":153429379739306,"circlet_count":0,"master_deck":["Defend_B+1","Defend_B+1","Defend_B+1","Defend_B+1","Zap","Dualcast","Core Surge","Hologram","Cold Snap","Conserve Battery","Coolheaded","Doom and Gloom","White Noise","Conserve Battery","Biased Cognition+1","Consume","FTL","Core Surge","Heatsinks","Bite","Bite","Bite","Bite","Bite","Steam","BootSequence","Compile Driver+1"],"relics":["Cracked Core","Blue Candle","DataDisk","Lantern","Inserter","Potion Belt","Pen Nib","Blood Vial"],"potions_floor_usage":[7,7,13,23,23,25],"damage_taken":[{"damage":0,"enemies":"Small Slimes","floor":1,"turns":4},{"damage":1,"enemies":"Cultist","floor":3,"turns":3},{"damage":5,"enemies":"Jaw Worm","floor":4,"turns":3},{"damage":5,"enemies":"Looter","floor":5,"turns":4},{"damage":18,"enemies":"Exordium Wildlife","floor":6,"turns":7},{"damage":9,"enemies":"3 Sentries","floor":7,"turns":8},{"damage":38,"enemies":"Gremlin Nob","floor":10,"turns":5},{"damage":13,"enemies":"Lots of Slimes","floor":11,"turns":2},{"damage":3,"enemies":"2 Fungi Beasts","floor":13,"turns":3},{"damage":0,"enemies":"Looter","floor":14,"turns":4},{"damage":0,"enemies":"Slime Boss","floor":16,"turns":5},{"damage":11,"enemies":"Spheric Guardian","floor":18,"turns":3},{"damage":45,"enemies":"3 Byrds","floor":22,"turns":4},{"damage":21,"enemies":"Gremlin Leader","floor":23,"turns":9},{"damage":30,"enemies":"Slavers","floor":25,"turns":8},{"damage":31,"enemies":"Centurion and Healer","floor":27,"turns":12}],"seed_played":"-7701516505296394545","potions_obtained":[{"floor":5,"key":"Energy Potion"},{"floor":6,"key":"SpeedPotion"},{"floor":11,"key":"Regen Potion"},{"floor":14,"key":"Swift Potion"},{"floor":16,"key":"LiquidBronze"},{"floor":22,"key":"EssenceOfSteel"},{"floor":23,"key":"FearPotion"}],"is_trial":false,"path_per_floor":["M","?","M","M","M","M","E","R","T","E","M","R","M","M","R","B",null,"M","?","?","?","M","E","R","E","T","M"],"character_chosen":"DEFECT","items_purchased":[],"campfire_rested":3,"item_purchase_floors":[],"current_hp_per_floor":[75,68,67,62,57,39,30,52,52,14,1,23,29,29,29,29,75,64,50,50,50,11,10,26,8,8,0],"gold":613,"neow_bonus":"ONE_RANDOM_RARE_CARD","is_prod":false,"is_daily":false,"chose_seed":false,"campfire_upgraded":1,"win_rate":0,"timestamp":1547665503,"path_taken":["M","?","M","M","M","M","E","R","T","E","M","R","M","?","R","BOSS","M","?","?","?","M","E","R","E","T","M"],"build_version":"2019-01-10","purchased_purges":0,"victory":false,"max_hp_per_floor":[75,75,75,75,75,75,75,75,75,75,75,75,75,75,75,75,75,75,80,80,56,56,56,56,56,56,56],"card_choices":[{"not_picked":["Go for the Eyes","Compile Driver"],"picked":"Hologram","floor":1},{"not_picked":["Barrage","Gash"],"picked":"Cold Snap","floor":3},{"not_picked":["Hologram","Gash"],"picked":"Conserve Battery","floor":4},{"not_picked":["Chill","Stack"],"picked":"Coolheaded","floor":5},{"not_picked":["Fusion","Blizzard"],"picked":"Doom and Gloom","floor":6},{"not_picked":["Turbo","Doom and Gloom"],"picked":"White Noise","floor":7},{"not_picked":["Coolheaded","Gash"],"picked":"Conserve Battery","floor":10},{"not_picked":["Barrage","Melter"],"picked":"Biased Cognition","floor":11},{"not_picked":["Chill","White Noise"],"picked":"Consume","floor":13},{"not_picked":["Leap","Beam Cell"],"picked":"FTL","floor":14},{"not_picked":["Biased Cognition","Hyperbeam"],"picked":"Core Surge","floor":16},{"not_picked":["Go for the Eyes+1","Sweeping Beam"],"picked":"Heatsinks","floor":18},{"not_picked":["Beam Cell","Melter"],"picked":"Steam","floor":22},{"not_picked":["Chaos+1","Lockon"],"picked":"BootSequence","floor":23},{"not_picked":["Leap","Chaos"],"picked":"Compile Driver+1","floor":25}],"player_experience":417707,"relics_obtained":[{"floor":7,"key":"Blue Candle"},{"floor":9,"key":"DataDisk"},{"floor":10,"key":"Lantern"},{"floor":23,"key":"Potion Belt"},{"floor":25,"key":"Pen Nib"},{"floor":26,"key":"Blood Vial"}],"event_choices":[{"damage_healed":0,"gold_gain":75,"player_choice":"Touch","damage_taken":7,"max_hp_gain":0,"max_hp_loss":0,"event_name":"FaceTrader","floor":2,"gold_loss":0},{"damage_healed":0,"gold_gain":0,"player_choice":"Shed Blood","damage_taken":19,"max_hp_gain":5,"max_hp_loss":0,"event_name":"Forgotten Altar","floor":19,"gold_loss":0},{"damage_healed":0,"gold_gain":0,"player_choice":"Simplicity","damage_taken":0,"max_hp_gain":0,"max_hp_loss":0,"event_name":"Back to Basics","floor":20,"gold_loss":0,"cards_upgraded":["Strike_B","Strike_B","Strike_B","Strike_B","Defend_B","Defend_B","Defend_B","Defend_B"]},{"damage_healed":0,"gold_gain":0,"player_choice":"Became a vampire","damage_taken":0,"max_hp_gain":0,"max_hp_loss":24,"event_name":"Vampires","floor":21,"gold_loss":0,"cards_obtained":["Bite","Bite","Bite","Bite","Bite"]}],"is_beta":false,"boss_relics":[{"not_picked":["Astrolabe","Pandora\u0027s Box"],"picked":"Inserter"}],"items_purged_floors":[],"is_endless":false,"potions_floor_spawned":[5,6,11,14,16,22,23],"killed_by":"Centurion and Healer","ascension_level":4}