{"gold_per_floor":[109,120,120,120,130,130,162,176,176,176],"floor_reached":10,"playtime":384,"items_purged":[],"score":92,"play_id":"692c79a3-538f-46b1-a37b-f72a1803361f","local_time":"20190930125202","is_ascension_mode":true,"campfire_choices":[{"data":"Zap","floor":6,"key":"SMITH"}],"neow_cost":"NONE","seed_source_timestamp":953773495188100,"circlet_count":0,"master_deck":["Strike_B","Strike_B","Strike_B","Strike_B","Defend_B","Defend_B","Defend_B","Defend_B","Zap+1","Dualcast","FTL","Genetic Algorithm","Redo","Doom and Gloom","Steam"],"relics":["Cracked Core","Oddly Smooth Stone","Dodecahedron","Darkstone Periapt","Mummified Hand"],"potions_floor_usage":[10],"damage_taken":[{"damage":0,"enemies":"Cultist","floor":1,"turns":3},{"damage":0,"enemies":"Jaw Worm","floor":2,"turns":3},{"damage":4,"enemies":"Small Slimes","floor":5,"turns":4},{"damage":36,"enemies":"Gremlin Nob","floor":7,"turns":4},{"damage":0,"enemies":"Looter","floor":8,"turns":3},{"damage":13,"enemies":"Lagavulin","floor":10,"turns":3}],"seed_played":"-4968230895540271805","potions_obtained":[{"floor":1,"key":"FearPotion"},{"floor":7,"key":"Dexterity Potion"},{"floor":8,"key":"Poison Potion"}],"is_trial":false,"path_per_floor":["M","M","?","?","M","R","E","M","T","E"],"character_chosen":"DEFECT","items_purchased":[],"campfire_rested":0,"item_purchase_floors":[],"current_hp_per_floor":[68,68,68,50,46,46,10,10,10,0],"gold":176,"neow_bonus":"RANDOM_COMMON_RELIC","is_prod":false,"is_daily":false,"chose_seed":false,"campfire_upgraded":1,"win_rate":0,"timestamp":1569844322,"path_taken":["M","?","?","?","M","R","E","M","T","E"],"build_version":"2019-07-17","purchased_purges":0,"victory":false,"max_hp_per_floor":[75,75,75,75,75,75,75,75,75,75],"card_choices":[{"not_picked":["Conserve Battery","Loop"],"picked":"FTL","floor":1},{"not_picked":["Cold Snap","White Noise"],"picked":"Genetic Algorithm","floor":2},{"not_picked":["Blizzard","Compile Driver"],"picked":"Redo","floor":5},{"not_picked":["Meteor Strike","Fusion"],"picked":"Doom and Gloom","floor":7},{"not_picked":["Sweeping Beam","Force Field"],"picked":"Steam","floor":8}],"player_experience":428578,"relics_obtained":[{"floor":7,"key":"Darkstone Periapt"},{"floor":9,"key":"Mummified Hand"}],"event_choices":[{"damage_healed":0,"gold_gain":0,"player_choice":"Ignored","damage_taken":0,"max_hp_gain":0,"max_hp_loss":0,"event_name":"Liars Game","floor":3,"gold_loss":0},{"damage_healed":0,"gold_gain":0,"player_choice":"Success","damage_taken":18,"relics_obtained":["Dodecahedron"],"max_hp_gain":0,"max_hp_loss":0,"event_name":"Scrap Ooze","floor":4,"gold_loss":0}],"is_beta":false,"boss_relics":[],"items_purged_floors":[],"is_endless":false,"potions_floor_spawned":[1,7,8],"killed_by":"Lagavulin","ascension_level":7}