{"gold_per_floor":[217,4,18,18,30,30,16,46,127,146,146,146,146,158,158,260,260,272,43,43,61,77,77,77],"floor_reached":24,"playtime":1459,"items_purged":["Strike_G"],"score":277,"play_id":"b7e11189-073d-4d20-9752-e3149d0cb937","local_time":"20190922161325","is_ascension_mode":true,"campfire_choices":[{"data":"Footwork","floor":6,"key":"SMITH"},{"floor":11,"key":"REST"},{"floor":13,"key":"REST"},{"floor":15,"key":"REST"},{"floor":23,"key":"REST"}],"neow_cost":"NONE","seed_source_timestamp":424411835150200,"circlet_count":0,"master_deck":["Strike_G","Defend_G","Defend_G","Defend_G","Defend_G","Survivor","Neutralize","Poisoned Stab","Footwork+1","Prepared","Reflex","Noxious Fumes+1","Dash","Sucker Punch","Die Die Die","Prepared","Tools of the Trade"],"relics":["Ring of the Snake","Oddly Smooth Stone","Dead Branch","Empty Cage","Vajra"],"potions_floor_usage":[8,16,16,22],"damage_taken":[{"damage":2,"enemies":"Small Slimes","floor":1,"turns":7},{"damage":0,"enemies":"Cultist","floor":3,"turns":4},{"damage":1,"enemies":"Jaw Worm","floor":5,"turns":4},{"damage":1,"enemies":"Exordium Thugs","floor":7,"turns":7},{"damage":45,"enemies":"Gremlin Nob","floor":8,"turns":7},{"damage":11,"enemies":"Gremlin Gang","floor":10,"turns":7},{"damage":0,"enemies":"Looter","floor":14,"turns":4},{"damage":32,"enemies":"The Guardian","floor":16,"turns":9},{"damage":16,"enemies":"Spheric Guardian","floor":18,"turns":6},{"damage":23,"enemies":"2 Thieves","floor":21,"turns":5},{"damage":24,"enemies":"Chosen and Byrds","floor":22,"turns":9},{"damage":26,"enemies":"Slavers","floor":24,"turns":3}],"seed_played":"5952977078227803583","potions_obtained":[{"floor":3,"key":"Weak Potion"},{"floor":10,"key":"EssenceOfSteel"},{"floor":14,"key":"Regen Potion"},{"floor":18,"key":"Ancient Potion"}],"is_trial":false,"path_per_floor":["M","$","M","?","M","R","M","E","T","M","R","?","R","M","R","B",null,"M","$","?","M","M","R","E"],"character_chosen":"THE_SILENT","items_purchased":["Footwork","Oddly Smooth Stone","Vajra"],"campfire_rested":4,"item_purchase_floors":[2,2,19],"current_hp_per_floor":[61,61,61,61,60,60,59,14,14,3,24,24,45,45,66,49,65,49,49,49,26,2,23,0],"gold":77,"neow_bonus":"HUNDRED_GOLD","is_prod":false,"is_daily":false,"chose_seed":false,"campfire_upgraded":1,"win_rate":0,"timestamp":1569183205,"path_taken":["M","$","M","?","M","R","?","E","T","M","R","?","R","M","R","BOSS","M","$","?","?","M","R","E"],"build_version":"2019-07-17","purchased_purges":1,"victory":false,"max_hp_per_floor":[70,70,70,70,70,70,70,70,70,70,70,70,70,70,70,70,70,70,70,70,70,70,70,70],"card_choices":[{"not_picked":["Quick Slash","Expertise"],"picked":"Poisoned Stab","floor":1},{"not_picked":["Deadly Poison","Acrobatics"],"picked":"Prepared","floor":3},{"not_picked":["Setup","Outmaneuver","Deadly Poison"],"picked":"SKIP","floor":5},{"not_picked":["Blade Dance","PiercingWail"],"picked":"Noxious Fumes","floor":7},{"not_picked":["Predator","Quick Slash","Concentrate"],"picked":"SKIP","floor":8},{"not_picked":["Storm of Steel","Outmaneuver"],"picked":"Dash","floor":10},{"not_picked":["Deadly Poison","Slice"],"picked":"Sucker Punch","floor":14},{"not_picked":["Grand Finale","Storm of Steel"],"picked":"Die Die Die","floor":16},{"not_picked":["Outmaneuver","Quick Slash+1"],"picked":"Prepared","floor":18},{"not_picked":["Outmaneuver","Setup+1","Expertise"],"picked":"SKIP","floor":21},{"not_picked":["Backflip","Blade Dance"],"picked":"Tools of the Trade","floor":22}],"player_experience":717450,"relics_obtained":[{"floor":8,"key":"Dead Branch"}],"event_choices":[{"damage_healed":0,"gold_gain":0,"cards_transformed":["Strike_G"],"player_choice":"Transformed","damage_taken":0,"max_hp_gain":0,"max_hp_loss":0,"event_name":"Transmorgrifier","floor":4,"gold_loss":0,"cards_obtained":["Reflex"]},{"damage_healed":0,"gold_gain":0,"player_choice":"Forge","damage_taken":0,"max_hp_gain":0,"max_hp_loss":0,"event_name":"Accursed Blacksmith","floor":12,"gold_loss":0,"cards_upgraded":["Noxious Fumes"]},{"cards_removed":["Strike_G"],"damage_healed":0,"gold_gain":0,"player_choice":"Card Removal","damage_taken":0,"max_hp_gain":0,"max_hp_loss":0,"event_name":"Wheel of Change","floor":20,"gold_loss":0}],"is_beta":false,"boss_relics":[{"not_picked":["Calling Bell","Pandora\u0027s Box"],"picked":"Empty Cage"}],"items_purged_floors":[19],"is_endless":false,"potions_floor_spawned":[3,10,14,18],"killed_by":"Slavers","ascension_level":8}