{"gold_per_floor":[119,69,87,262,281,308,308,338,338,338,438,438,404,414,414,509,509,483,494,28,28,41,75,75,106,161,161,193,40,40,94,94,193,193,206,306,0,15,34,69,69,69,93,93,142,175,175,275,275,275],"floor_reached":51,"playtime":5858,"items_purged":["Doubt"],"score":841,"play_id":"6b2a4772-8ba8-4ec1-b3ad-5022b17f79b4","local_time":"20181222112518","is_ascension_mode":false,"campfire_choices":[{"data":"Blur","floor":7.0,"key":"SMITH"},{"floor":10.0,"key":"REST"},{"data":"Sucker Punch","floor":12.0,"key":"SMITH"},{"floor":15.0,"key":"REST"},{"floor":24.0,"key":"REST"},{"floor":27.0,"key":"REST"},{"floor":30.0,"key":"REST"},{"floor":32.0,"key":"REST"},{"data":"Buffer","floor":42,"key":"SMITH"},{"data":"After Image","floor":44,"key":"SMITH"},{"data":"Metallicize","floor":47,"key":"SMITH"},{"data":"Noxious Fumes","floor":49,"key":"SMITH"}],"neow_cost":"NONE","seed_source_timestamp":0,"circlet_count":0,"master_deck":["Defend_G","Defend_G","Defend_G","Strike_G+1","Strike_G+1","Strike_G","Survivor","Neutralize","Blur+1","Cloak And Dagger","Expertise","Sucker Punch+1","Prepared","Underhanded Strike","Acrobatics","After Image+1","Corpse Explosion+1","Malaise+1","Backstab+1","Poisoned Stab","Noxious Fumes+1","HandOfGreed","Metallicize+1","Buffer+1","Bane+1","Flying Knee+1","Conserve Battery","Adrenaline","Fusion+1","Reinforced Body+1","Force Field+1"],"special_seed":0,"relics":["Ring of the Snake","Sundial","Matryoshka","Astrolabe","PrismaticShard","Nloth\u0027s Gift","Strawberry","Shuriken","Bottled Lightning","Whetstone","Snake Skull","Bag of Marbles","Busted Crown","Du-Vu Doll","Red Mask","Ancient Tea Set","Centennial Puzzle","Potion Belt","Bird Faced Urn"],"potions_floor_usage":[50,50,50],"damage_taken":[{"damage":0.0,"enemies":"2 Louse","floor":1.0,"turns":3.0},{"damage":0.0,"enemies":"Jaw Worm","floor":3.0,"turns":6.0},{"damage":0.0,"enemies":"Cultist","floor":5.0,"turns":5.0},{"damage":17.0,"enemies":"3 Sentries","floor":6.0,"turns":20.0},{"damage":35.0,"enemies":"Lagavulin","floor":8.0,"turns":12.0},{"damage":10.0,"enemies":"Exordium Thugs","floor":13.0,"turns":7.0},{"damage":7.0,"enemies":"Gremlin Gang","floor":14.0,"turns":6.0},{"damage":12.0,"enemies":"The Guardian","floor":16.0,"turns":21.0},{"damage":15.0,"enemies":"2 Thieves","floor":18.0,"turns":5.0},{"damage":7.0,"enemies":"Spheric Guardian","floor":19.0,"turns":4.0},{"damage":8.0,"enemies":"Snecko","floor":22.0,"turns":8.0},{"damage":37.0,"enemies":"Slavers","floor":23.0,"turns":6.0},{"damage":9.0,"enemies":"Book of Stabbing","floor":25.0,"turns":9.0},{"damage":15.0,"enemies":"Snake Plant","floor":28.0,"turns":5.0},{"damage":43.0,"enemies":"Gremlin Leader","floor":31.0,"turns":7.0},{"damage":30.0,"enemies":"Automaton","floor":33.0,"turns":12.0},{"damage":0,"enemies":"Orb Walker","floor":35,"turns":2},{"damage":15,"enemies":"Mind Bloom Boss Battle","floor":36,"turns":6},{"damage":0,"enemies":"3 Darklings","floor":38,"turns":2},{"damage":11,"enemies":"Jaw Worm Horde","floor":39,"turns":3},{"damage":20,"enemies":"Nemesis","floor":40,"turns":8},{"damage":0,"enemies":"2 Orb Walkers","floor":45,"turns":3},{"damage":0,"enemies":"4 Shapes","floor":46,"turns":2},{"damage":9,"enemies":"Donu and Deca","floor":50,"turns":9}],"seed_played":"-7273682906124189248","potions_obtained":[{"floor":1.0,"key":"PowerPotion"},{"floor":3.0,"key":"FearPotion"},{"floor":8.0,"key":"SkillPotion"},{"floor":14.0,"key":"PowerPotion"},{"floor":18.0,"key":"SteroidPotion"},{"floor":19.0,"key":"EssenceOfSteel"},{"floor":33.0,"key":"GamblersBrew"},{"floor":35,"key":"AttackPotion"},{"floor":39,"key":"Weak Potion"}],"is_trial":false,"path_per_floor":["M","?","M","?","M","E","R","E","T","R","?","R","M","M","R","B",null,"M","M","$","?","M","E","R","E","T","R","M","$","R","E","R","B",null,"M","?","?","M","M","E","?","R","T","R","?","M","R","?","R","B",null],"character_chosen":"THE_SILENT","items_purchased":["PrismaticShard","HandOfGreed","Snake Skull"],"campfire_rested":6,"item_purchase_floors":[20,20,29],"current_hp_per_floor":[77,77,77,77,77,60,60,25,25,48,48,48,38,31,54,42,77,62,55,55,55,47,17,42,33,33,58,43,43,68,25,50,20,84,84,69,69,69,58,38,73,73,73,73,73,73,73,73,73,64],"gold":275,"neow_bonus":"TEN_PERCENT_HP_BONUS","is_prod":false,"is_daily":false,"chose_seed":false,"campfire_upgraded":6,"win_rate":0.0,"timestamp":1545495918,"path_taken":["M","?","M","?","M","E","R","E","T","R","?","R","?","M","R","BOSS","M","M","$","?","?","E","R","E","T","R","M","$","R","E","R","BOSS","M","?","?","M","M","E","?","R","T","R","?","M","R","?","R","BOSS"],"build_version":"2018-12-20","purchased_purges":1,"victory":true,"max_hp_per_floor":[77,77,77,77,77,77,77,77,77,77,77,77,77,77,77,77,77,77,77,77,77,77,84,84,84,84,84,84,84,84,84,84,84,84,84,84,84,84,84,84,73,73,73,73,73,73,73,73,73,73],"card_choices":[{"not_picked":["Calculated Gamble","Underhanded Strike"],"picked":"Blur","floor":1.0},{"not_picked":["Riddle With Holes","Endless Agony"],"picked":"Cloak And Dagger","floor":3.0},{"not_picked":["Slice","Storm of Steel"],"picked":"Expertise","floor":5.0},{"not_picked":["Tactician","Bane"],"picked":"Sucker Punch","floor":6.0},{"not_picked":["Masterful Stab","Heel Hook"],"picked":"Prepared","floor":8.0},{"not_picked":["Sucker Punch","Prepared"],"picked":"Underhanded Strike","floor":13.0},{"not_picked":["Blade Dance","Eviscerate"],"picked":"Acrobatics","floor":14.0},{"not_picked":["Wraith Form v2","Bullet Time"],"picked":"After Image","floor":16.0},{"not_picked":["Cloak And Dagger","Dodge and Roll"],"picked":"Poisoned Stab","floor":18.0},{"not_picked":["Heel Hook","Blur"],"picked":"Noxious Fumes","floor":19.0},{"not_picked":["Noxious Fumes+1","Headbutt+1"],"picked":"Metallicize","floor":22.0},{"not_picked":["Echo Form","Turbo+1"],"picked":"Buffer","floor":23.0},{"not_picked":["Turbo","Seeing Red+1"],"picked":"Bane+1","floor":25.0},{"not_picked":["Searing Blow","Leap"],"picked":"Flying Knee+1","floor":28.0},{"not_picked":["Gash+1","Static Discharge"],"picked":"Conserve Battery","floor":31.0},{"not_picked":["Doppelganger","All For One"],"picked":"Adrenaline","floor":33.0},{"not_picked":[],"picked":"Fusion+1","floor":35},{"not_picked":["Clothesline"],"picked":"SKIP","floor":38},{"not_picked":["Power Through+1"],"picked":"SKIP","floor":39},{"not_picked":["Deflect"],"picked":"SKIP","floor":40},{"not_picked":[],"picked":"Reinforced Body+1","floor":45},{"not_picked":[],"picked":"Force Field+1","floor":46}],"player_experience":42389,"relics_obtained":[{"floor":6.0,"key":"Oddly Smooth Stone"},{"floor":8.0,"key":"Sundial"},{"floor":9.0,"key":"Matryoshka"},{"floor":23.0,"key":"Strawberry"},{"floor":25.0,"key":"Shuriken"},{"floor":26.0,"key":"Bottled Lightning"},{"floor":26.0,"key":"Whetstone"},{"floor":31.0,"key":"Bag of Marbles"},{"floor":36,"key":"Du-Vu Doll"},{"floor":40,"key":"Ancient Tea Set"},{"floor":43,"key":"Centennial Puzzle"},{"floor":43,"key":"Potion Belt"},{"floor":45,"key":"Bird Faced Urn"}],"event_choices":[{"cards_removed":["Defend_G"],"damage_healed":0.0,"max_hp_gain":0.0,"max_hp_loss":0.0,"gold_gain":0.0,"event_name":"The Cleric","player_choice":"Card Removal","floor":2.0,"gold_loss":50.0,"damage_taken":0.0},{"damage_healed":0.0,"max_hp_gain":0.0,"max_hp_loss":0.0,"gold_gain":175.0,"event_name":"Liars Game","player_choice":"AGREE","floor":4.0,"gold_loss":0.0,"damage_taken":0.0,"cards_obtained":["Doubt"]},{"damage_healed":0.0,"max_hp_gain":0.0,"max_hp_loss":0.0,"gold_gain":100.0,"event_name":"Wheel of Change","player_choice":"Gold","floor":11.0,"gold_loss":0.0,"damage_taken":0.0},{"damage_healed":0.0,"max_hp_gain":0.0,"max_hp_loss":0.0,"gold_gain":0.0,"event_name":"N\u0027loth","player_choice":"Traded Relic","floor":21.0,"relics_lost":["Oddly Smooth Stone"],"gold_loss":0.0,"damage_taken":0.0,"relics_obtained":["Nloth\u0027s Gift"]},{"damage_healed":0,"gold_gain":0,"player_choice":"Fight","damage_taken":0,"max_hp_gain":0,"max_hp_loss":0,"event_name":"MindBloom","floor":36,"gold_loss":0},{"damage_healed":0,"gold_gain":0,"player_choice":"Paid","damage_taken":0,"relics_obtained":["Red Mask"],"max_hp_gain":0,"max_hp_loss":0,"event_name":"Tomb of Lord Red Mask","floor":37,"gold_loss":306},{"damage_healed":73,"gold_gain":0,"player_choice":"Heal","damage_taken":0,"max_hp_gain":0,"max_hp_loss":11,"event_name":"The Moai Head","floor":41,"gold_loss":0},{"damage_healed":0,"gold_gain":0,"player_choice":"Fight","damage_taken":0,"max_hp_gain":0,"max_hp_loss":0,"event_name":"Mysterious Sphere","floor":45,"gold_loss":0},{"damage_healed":0,"gold_gain":100,"player_choice":"Pray","damage_taken":0,"max_hp_gain":0,"max_hp_loss":0,"event_name":"Golden Shrine","floor":48,"gold_loss":0}],"is_beta":false,"boss_relics":[{"not_picked":["Snecko Eye","Sozu"],"picked":"Astrolabe"},{"not_picked":["HoveringKite","Ring of the Serpent"],"picked":"Busted Crown"}],"items_purged_floors":[20],"is_endless":false,"potions_floor_spawned":[1,3,8,14,18,19,33,35,39,40],"ascension_level":0}