{"gold_per_floor":[369,25,43,55,29,29,43,56,82,109,109,127,160,160,160,261,261,275,275,275,175,175],"floor_reached":22,"playtime":1179,"items_purged":["Strike_R","Strike_R"],"score":296,"play_id":"56fb3b2e-4fd4-445d-b0f9-a04a19790d49","local_time":"20190925113855","is_ascension_mode":true,"campfire_choices":[{"data":"Armaments","floor":6,"key":"SMITH"},{"data":"Juggernaut","floor":11,"key":"SMITH"},{"data":"Corruption","floor":15,"key":"SMITH"}],"neow_cost":"PERCENT_DAMAGE","seed_source_timestamp":516587174381700,"circlet_count":0,"master_deck":["Strike_R","Strike_R","Defend_R","Defend_R","Defend_R","Defend_R","Bash+1","Burning Pact","Rampage","Pummel","Armaments+1","Headbutt","Sever Soul+1","Juggernaut+1","Corruption+1","Juggernaut"],"relics":["Burning Blood","Tiny Chest","Vajra","Anchor","Regal Pillow","Whetstone","Mark of Pain","Self Forming Clay"],"potions_floor_usage":[10,12,16],"damage_taken":[{"damage":6,"enemies":"Cultist","floor":1,"turns":4},{"damage":8,"enemies":"Jaw Worm","floor":3,"turns":5},{"damage":1,"enemies":"2 Louse","floor":4,"turns":3},{"damage":1,"enemies":"Exordium Wildlife","floor":7,"turns":3},{"damage":1,"enemies":"2 Fungi Beasts","floor":8,"turns":3},{"damage":0,"enemies":"Gremlin Nob","floor":10,"turns":2},{"damage":0,"enemies":"Large Slime","floor":12,"turns":4},{"damage":14,"enemies":"Lagavulin","floor":13,"turns":6},{"damage":45,"enemies":"Hexaghost","floor":16,"turns":8},{"damage":25,"enemies":"Spheric Guardian","floor":18,"turns":4},{"damage":33,"enemies":"Masked Bandits","floor":22,"turns":3}],"seed_played":"3515574317270775452","potions_obtained":[{"floor":1,"key":"AttackPotion"},{"floor":4,"key":"GamblersBrew"},{"floor":7,"key":"LiquidBronze"},{"floor":8,"key":"Fire Potion"}],"is_trial":false,"path_per_floor":["M","$","M","M","$","R","M","M","T","E","R","M","E","?","R","B",null,"M","?","T","$","?"],"character_chosen":"IRONCLAD","items_purchased":["Tiny Chest","Vajra","Armaments"],"campfire_rested":0,"item_purchase_floors":[2,2,5],"current_hp_per_floor":[51,51,49,54,54,54,59,64,64,70,70,76,68,61,61,22,66,47,32,32,32,0],"gold":175,"neow_bonus":"TWO_FIFTY_GOLD","is_prod":false,"is_daily":false,"chose_seed":false,"campfire_upgraded":3,"win_rate":0,"timestamp":1569407935,"path_taken":["M","$","M","M","$","R","M","M","T","E","R","?","E","?","R","BOSS","M","?","?","?","?"],"build_version":"2019-07-17","purchased_purges":2,"victory":false,"max_hp_per_floor":[80,80,80,80,80,80,80,80,80,80,80,80,80,80,80,80,80,80,85,85,85,85],"card_choices":[{"not_picked":["Clash","Entrench"],"picked":"Burning Pact","floor":1},{"not_picked":["Hemokinesis","Wild Strike"],"picked":"Rampage","floor":3},{"not_picked":["Heavy Blade","Pommel Strike"],"picked":"Pummel","floor":4},{"not_picked":["Armaments","Body Slam"],"picked":"Headbutt","floor":7},{"not_picked":["Iron Wave","Inflame"],"picked":"Sever Soul","floor":8},{"not_picked":["Evolve","Sword Boomerang"],"picked":"Juggernaut","floor":10},{"not_picked":["True Grit","Wild Strike"],"picked":"Corruption","floor":12},{"not_picked":["Brutality","Corruption","Intimidate"],"picked":"SKIP","floor":13},{"not_picked":["Limit Break","Fiend Fire"],"picked":"Juggernaut","floor":16},{"not_picked":["Fire Breathing","Clothesline+1","Wild Strike"],"picked":"SKIP","floor":18}],"player_experience":389783,"relics_obtained":[{"floor":9,"key":"Anchor"},{"floor":10,"key":"Regal Pillow"},{"floor":13,"key":"Whetstone"},{"floor":20,"key":"Self Forming Clay"}],"event_choices":[{"cards_removed":["Strike_R"],"damage_healed":0,"gold_gain":0,"player_choice":"Card Removal","damage_taken":7,"max_hp_gain":0,"max_hp_loss":0,"event_name":"Golden Wing","floor":14,"gold_loss":0},{"damage_healed":0,"gold_gain":0,"player_choice":"Shed Blood","damage_taken":20,"max_hp_gain":5,"max_hp_loss":0,"event_name":"Forgotten Altar","floor":19,"gold_loss":0},{"damage_healed":0,"gold_gain":0,"player_choice":"Fought Bandits","damage_taken":0,"max_hp_gain":0,"max_hp_loss":0,"event_name":"Masked Bandits","floor":22,"gold_loss":0}],"is_beta":false,"boss_relics":[{"not_picked":["Black Blood","Busted Crown"],"picked":"Mark of Pain"}],"items_purged_floors":[2,21],"is_endless":false,"potions_floor_spawned":[1,4,7,8],"killed_by":"Masked Bandits","ascension_level":7}