{"gold_per_floor":[116,116,116,291,366,404,404,429,477,500,535,147,220,261,261,261],"floor_reached":16,"playtime":405,"items_purged":[],"score":219,"play_id":"b80b9676-233b-4753-b927-d81fd1062484","local_time":"20190915140702","is_ascension_mode":true,"campfire_choices":[{"floor":15,"key":"REST"}],"neow_cost":"NONE","seed_source_timestamp":244650439219400,"circlet_count":0,"master_deck":["AscendersBane","Strike_R","Strike_R","Strike_R","Strike_R","Strike_R","Defend_R","Defend_R","Defend_R","Defend_R","Bash","Twin Strike","Twin Strike","Double Tap","Spot Weakness","Heavy Blade","Corruption","True Grit","Juggernaut"],"relics":["Burning Blood","NeowsBlessing","Golden Idol","Juzu Bracelet","Regal Pillow","Gremlin Horn","Mummified Hand","Boot"],"potions_floor_usage":[11,14,16],"damage_taken":[{"damage":0,"enemies":"Jaw Worm","floor":1,"turns":1},{"damage":0,"enemies":"Lagavulin","floor":6,"turns":2},{"damage":0,"enemies":"2 Louse","floor":8,"turns":1},{"damage":8,"enemies":"Small Slimes","floor":10,"turns":4},{"damage":40,"enemies":"Gremlin Nob","floor":11,"turns":4},{"damage":26,"enemies":"3 Sentries","floor":14,"turns":6},{"damage":53,"enemies":"The Guardian","floor":16,"turns":8}],"seed_played":"-4548292127032308260","potions_obtained":[{"floor":10,"key":"Poison Potion"},{"floor":11,"key":"Dexterity Potion"},{"floor":14,"key":"Weak Potion"}],"is_trial":false,"path_per_floor":["M","?","?","?","?","E","?","M","T","M","E","$","?","E","R","B"],"character_chosen":"IRONCLAD","items_purchased":["Corruption","Mummified Hand","True Grit"],"campfire_rested":1,"item_purchase_floors":[12,12,12],"current_hp_per_floor":[78,83,62,62,51,57,57,63,63,61,27,27,27,7,47,0],"gold":261,"neow_bonus":"THREE_ENEMY_KILL","is_prod":false,"is_daily":false,"chose_seed":false,"campfire_upgraded":0,"win_rate":0,"timestamp":1568570822,"path_taken":["M","?","?","?","?","E","?","M","T","M","E","$","?","E","R","BOSS"],"build_version":"2019-07-17","purchased_purges":0,"victory":false,"max_hp_per_floor":[80,85,85,85,85,85,85,85,85,85,85,85,85,85,85,85],"card_choices":[{"not_picked":["Armaments","Body Slam"],"picked":"Twin Strike","floor":1},{"not_picked":["Anger","Clash"],"picked":"Twin Strike","floor":6},{"not_picked":["Burning Pact","Infernal Blade"],"picked":"Double Tap","floor":8},{"not_picked":["Body Slam","Flex"],"picked":"Spot Weakness","floor":10},{"not_picked":["Spot Weakness","Body Slam"],"picked":"Heavy Blade","floor":11},{"not_picked":["True Grit","Headbutt"],"picked":"Juggernaut","floor":14}],"player_experience":623983,"relics_obtained":[{"floor":6,"key":"Juzu Bracelet"},{"floor":9,"key":"Regal Pillow"},{"floor":11,"key":"Gremlin Horn"},{"floor":14,"key":"Boot"}],"event_choices":[{"damage_healed":0,"gold_gain":0,"player_choice":"Donut","damage_taken":0,"max_hp_gain":5,"max_hp_loss":0,"event_name":"Big Fish","floor":2,"gold_loss":0},{"damage_healed":0,"gold_gain":0,"player_choice":"Take Damage","damage_taken":21,"relics_obtained":["Golden Idol"],"max_hp_gain":0,"max_hp_loss":0,"event_name":"Golden Idol","floor":3,"gold_loss":0},{"damage_healed":0,"gold_gain":175,"player_choice":"AGREE","damage_taken":0,"max_hp_gain":0,"max_hp_loss":0,"event_name":"Liars Game","floor":4,"gold_loss":0,"cards_obtained":["Doubt"]},{"damage_healed":0,"gold_gain":75,"player_choice":"Gather Gold","damage_taken":11,"max_hp_gain":0,"max_hp_loss":0,"event_name":"World of Goop","floor":5,"gold_loss":0},{"cards_removed":["Doubt"],"damage_healed":0,"gold_gain":0,"player_choice":"Forget","damage_taken":0,"max_hp_gain":0,"max_hp_loss":0,"event_name":"Living Wall","floor":7,"gold_loss":0},{"damage_healed":0,"gold_gain":73,"player_choice":"Gained Gold","damage_taken":0,"max_hp_gain":0,"max_hp_loss":0,"event_name":"Golden Wing","floor":13,"gold_loss":0}],"is_beta":false,"boss_relics":[],"items_purged_floors":[],"is_endless":false,"potions_floor_spawned":[10,11,14],"killed_by":"The Guardian","ascension_level":11}