{"gold_per_floor":[117,67,78,3,3,3,33,33,59,93,93,93,93,112,112,210,210,230,248,281,281,293,293,293,293,293,324,324,424,437,454,454,556,556,567,582,336,347,30,57,57,86,110,135,150,150,150,150,150,150],"floor_reached":51,"playtime":2088,"items_purged":["Strike_B","Regret","Defend_B"],"score":1009,"play_id":"e2156803-191e-4de5-baaa-83eefaeadc64","local_time":"20190508223417","is_ascension_mode":true,"campfire_choices":[{"data":"Zap","floor":6,"key":"SMITH"},{"data":"Dualcast","floor":8,"key":"SMITH"},{"data":"Streamline","floor":11,"key":"SMITH"},{"data":"FTL","floor":15,"key":"SMITH"},{"data":"Hyperbeam","floor":23,"key":"SMITH"},{"data":"Conserve Battery","floor":25,"key":"SMITH"},{"data":"J.A.X.","floor":28,"key":"SMITH"},{"data":"Skim","floor":32,"key":"SMITH"},{"data":"Apotheosis","floor":41,"key":"SMITH"},{"data":"Hyperbeam","floor":47,"key":"SMITH"},{"data":"FTL","floor":49,"key":"SMITH"}],"neow_cost":"NONE","seed_source_timestamp":11110176008285,"circlet_count":0,"master_deck":["Strike_B","Strike_B","Defend_B","Zap+1","Dualcast+1","Streamline+1","Skim+1","Turbo","FTL+1","Hyperbeam+1","Conserve Battery+1","Steam Power+1","Turbo","J.A.X.+1","Go for the Eyes","Beam Cell","Hyperbeam+1","Coolheaded+1","FTL+1","Coolheaded","Apotheosis+1","Echo Form","Go for the Eyes","Conserve Battery+1","Conserve Battery","Skim+1"],"relics":["Cracked Core","Emotion Chip","Centennial Puzzle","Bottled Lightning","Blood Vial","Meat on the Bone","Lizard Tail","Red Mask","Vajra","DataDisk","Coffee Dripper","Pen Nib","Lantern","Shuriken","Omamori","Bag of Marbles"],"potions_floor_usage":[10,30,44,50],"damage_taken":[{"damage":1,"enemies":"2 Louse","floor":1,"turns":2},{"damage":0,"enemies":"Jaw Worm","floor":3,"turns":3},{"damage":15,"enemies":"3 Sentries","floor":10,"turns":6},{"damage":0,"enemies":"Small Slimes","floor":14,"turns":2},{"damage":22,"enemies":"Slime Boss","floor":16,"turns":8},{"damage":22,"enemies":"2 Thieves","floor":18,"turns":2},{"damage":15,"enemies":"3 Byrds","floor":19,"turns":3},{"damage":8,"enemies":"Masked Bandits","floor":20,"turns":2},{"damage":28,"enemies":"Snecko","floor":22,"turns":4},{"damage":25,"enemies":"Slavers","floor":27,"turns":3},{"damage":7,"enemies":"Centurion and Healer","floor":30,"turns":3},{"damage":4,"enemies":"Cultist and Chosen","floor":31,"turns":3},{"damage":27,"enemies":"Collector","floor":33,"turns":4},{"damage":0,"enemies":"3 Darklings","floor":35,"turns":1},{"damage":10,"enemies":"3 Shapes","floor":36,"turns":2},{"damage":21,"enemies":"Writhing Mass","floor":38,"turns":2},{"damage":6,"enemies":"Giant Head","floor":40,"turns":4},{"damage":3,"enemies":"Reptomancer","floor":42,"turns":2},{"damage":3,"enemies":"Nemesis","floor":44,"turns":1},{"damage":5,"enemies":"Transient","floor":45,"turns":5},{"damage":15,"enemies":"Donu and Deca","floor":50,"turns":4}],"seed_played":"-5084535806382129875","potions_obtained":[{"floor":3,"key":"Fire Potion"},{"floor":20,"key":"SmokeBomb"},{"floor":22,"key":"Poison Potion"},{"floor":38,"key":"Swift Potion"},{"floor":45,"key":"PowerPotion"}],"is_trial":false,"path_per_floor":["M","?","M","$","?","R","?","R","T","E","R","?","T","M","R","B",null,"M","M","?","?","M","R","?","R","T","E","R","?","M","M","R","B",null,"M","M","$","M","$","E","R","E","T","E","M","?","R","?","R","B",null],"character_chosen":"DEFECT","items_purchased":["Pen Nib","Apotheosis"],"campfire_rested":0,"item_purchase_floors":[37,39],"current_hp_per_floor":[81,81,81,81,74,74,74,74,74,59,59,59,59,61,61,53,82,60,47,53,53,39,39,39,39,39,28,28,28,35,45,45,32,82,82,72,72,53,53,49,49,48,48,47,44,44,44,44,44,43],"gold":150,"neow_bonus":"TEN_PERCENT_HP_BONUS","is_prod":false,"is_daily":false,"chose_seed":false,"campfire_upgraded":11,"win_rate":0,"timestamp":1557351257,"path_taken":["M","?","M","$","?","R","?","R","T","E","R","?","?","?","R","BOSS","M","M","?","?","?","R","?","R","T","E","R","?","?","M","R","BOSS","M","M","$","M","$","E","R","E","T","E","M","?","R","?","R","BOSS"],"build_version":"2019-01-23","purchased_purges":3,"victory":true,"max_hp_per_floor":[82,82,82,82,82,82,82,82,82,82,82,82,82,82,82,82,82,82,82,82,82,82,82,82,82,82,82,82,82,82,82,82,82,82,82,82,82,82,82,82,82,82,82,82,82,82,82,82,82,82],"card_choices":[{"not_picked":["Ball Lightning","Cold Snap"],"picked":"Streamline","floor":1},{"not_picked":["Reprogram","Coolheaded"],"picked":"Skim","floor":3},{"not_picked":["Sunder","Stack"],"picked":"Turbo","floor":10},{"not_picked":["Cold Snap","Redo"],"picked":"FTL","floor":14},{"not_picked":["Buffer","Biased Cognition"],"picked":"Hyperbeam","floor":16},{"not_picked":["Stack","Darkness+1"],"picked":"Conserve Battery","floor":18},{"not_picked":["Ball Lightning","Genetic Algorithm"],"picked":"Steam Power+1","floor":19},{"not_picked":["Auto Shields+1","Steam+1"],"picked":"Beam Cell+1","floor":20},{"not_picked":["Blizzard+1","Redo","Compile Driver+1"],"picked":"SKIP","floor":22},{"not_picked":["Compile Driver+1","Stack"],"picked":"Go for the Eyes","floor":27},{"not_picked":["Chill","Barrage","Steam+1"],"picked":"SKIP","floor":30},{"not_picked":["Steam","Leap"],"picked":"Beam Cell","floor":31},{"not_picked":["Electrodynamics","Seek"],"picked":"Hyperbeam","floor":33},{"not_picked":["Hologram","Lockon+1"],"picked":"Coolheaded+1","floor":35},{"not_picked":["Stack+1","Streamline+1"],"picked":"FTL","floor":36},{"not_picked":["BootSequence","Stack"],"picked":"Coolheaded","floor":38},{"not_picked":["Lockon","Steam"],"picked":"Echo Form","floor":40},{"not_picked":["Glacier+1","Redo+1"],"picked":"Go for the Eyes","floor":42},{"not_picked":["Static Discharge+1","Streamline+1"],"picked":"Conserve Battery+1","floor":44},{"not_picked":["Streamline","Ball Lightning"],"picked":"Conserve Battery","floor":45}],"player_experience":225858,"relics_obtained":[{"floor":9,"key":"Centennial Puzzle"},{"floor":10,"key":"Bottled Lightning"},{"floor":13,"key":"Meat on the Bone"},{"floor":20,"key":"Red Mask"},{"floor":26,"key":"Vajra"},{"floor":27,"key":"DataDisk"},{"floor":40,"key":"Lantern"},{"floor":42,"key":"Shuriken"},{"floor":43,"key":"Omamori"},{"floor":44,"key":"Bag of Marbles"}],"event_choices":[{"cards_removed":["Strike_B"],"damage_healed":0,"gold_gain":0,"player_choice":"Card Removal","damage_taken":0,"max_hp_gain":0,"max_hp_loss":0,"event_name":"The Cleric","floor":2,"gold_loss":50},{"cards_removed":["Defend_B"],"damage_healed":0,"gold_gain":0,"player_choice":"Card Removal","damage_taken":7,"max_hp_gain":0,"max_hp_loss":0,"event_name":"Golden Wing","floor":5,"gold_loss":0},{"damage_healed":0,"gold_gain":30,"player_choice":"Searched \u00273\u0027 times","damage_taken":0,"relics_obtained":["Emotion Chip"],"max_hp_gain":0,"max_hp_loss":0,"event_name":"Dead Adventurer","floor":7,"gold_loss":0},{"damage_healed":0,"gold_gain":0,"player_choice":"Box","damage_taken":0,"relics_obtained":["Blood Vial"],"max_hp_gain":0,"max_hp_loss":0,"event_name":"Big Fish","floor":12,"gold_loss":0,"cards_obtained":["Regret"]},{"damage_healed":0,"gold_gain":0,"player_choice":"Fought Bandits","damage_taken":0,"max_hp_gain":0,"max_hp_loss":0,"event_name":"Masked Bandits","floor":20,"gold_loss":0},{"damage_healed":0,"gold_gain":0,"cards_transformed":["Defend_B"],"player_choice":"Transformed","damage_taken":0,"max_hp_gain":0,"max_hp_loss":0,"event_name":"Transmorgrifier","floor":21,"gold_loss":0,"cards_obtained":["Turbo"]},{"damage_healed":0,"gold_gain":0,"player_choice":"Obtain J.A.X.","damage_taken":0,"max_hp_gain":0,"max_hp_loss":0,"event_name":"Drug Dealer","floor":24,"gold_loss":0,"cards_obtained":["J.A.X."]},{"damage_healed":0,"gold_gain":100,"player_choice":"Pray","damage_taken":0,"max_hp_gain":0,"max_hp_loss":0,"event_name":"Golden Shrine","floor":29,"gold_loss":0},{"cards_removed":["Beam Cell"],"damage_healed":0,"gold_gain":0,"player_choice":"Removed Attack","damage_taken":0,"max_hp_gain":0,"max_hp_loss":0,"event_name":"Falling","floor":46,"gold_loss":0},{"damage_healed":0,"gold_gain":0,"player_choice":"Copied","damage_taken":0,"max_hp_gain":0,"max_hp_loss":0,"event_name":"Duplicator","floor":48,"gold_loss":0,"cards_obtained":["Skim"]}],"is_beta":false,"boss_relics":[{"not_picked":["Snecko Eye","Inserter"],"picked":"Lizard Tail"},{"not_picked":["Velvet Choker","Empty Cage"],"picked":"Coffee Dripper"}],"items_purged_floors":[4,37,39],"is_endless":false,"potions_floor_spawned":[3,20,22,38,45],"ascension_level":4}