{"gold_per_floor":[118,118,118,118,118,143,143,143,143,163,88,106,139,157,157,259,259,276,258,82,82,82],"floor_reached":22,"playtime":1047,"items_purged":["Strike_G"],"score":240,"play_id":"2792b248-c81d-4168-ad88-9c6521aeef94","local_time":"20190512234611","is_ascension_mode":true,"campfire_choices":[{"floor":8,"key":"REST"},{"data":"Noxious Fumes","floor":15,"key":"SMITH"}],"neow_cost":"NONE","seed_source_timestamp":362076967679688,"circlet_count":0,"master_deck":["Defend_G","Defend_G","Defend_G+1","Defend_G","Strike_G+1","Strike_G","Survivor","Neutralize","Cloak And Dagger","Cloak And Dagger","PiercingWail","Bouncing Flask","Noxious Fumes+1","Burst","Escape Plan","Chrysalis"],"relics":["Ring of the Snake","Potion Belt","Letter Opener","Singing Bowl","Paper Crane","White Beast Statue"],"potions_floor_usage":[14,16,18,22],"damage_taken":[{"damage":16,"enemies":"Jaw Worm","floor":1,"turns":10},{"damage":37,"enemies":"Gremlin Nob","floor":6,"turns":6},{"damage":0,"enemies":"2 Louse","floor":10,"turns":2},{"damage":0,"enemies":"Small Slimes","floor":12,"turns":4},{"damage":12,"enemies":"Lagavulin","floor":13,"turns":6},{"damage":2,"enemies":"Exordium Thugs","floor":14,"turns":6},{"damage":10,"enemies":"The Guardian","floor":16,"turns":8},{"damage":15,"enemies":"3 Byrds","floor":18,"turns":3},{"damage":21,"enemies":"2 Thieves","floor":19,"turns":4},{"damage":29,"enemies":"Chosen and Byrds","floor":22,"turns":5}],"seed_played":"-365758240297929969","potions_obtained":[{"floor":6,"key":"Energy Potion"},{"floor":12,"key":"Block Potion"},{"floor":16,"key":"PowerPotion"},{"floor":18,"key":"SpeedPotion"},{"floor":19,"key":"Block Potion"}],"is_trial":false,"path_per_floor":["M","?","?","?","T","E","?","R","T","M","$","M","E","M","R","B",null,"M","M","$","?","M"],"character_chosen":"THE_SILENT","items_purchased":["Chrysalis"],"campfire_rested":1,"item_purchase_floors":[20],"current_hp_per_floor":[61,54,54,39,39,2,2,25,25,25,25,25,13,13,13,3,60,47,26,26,26,0],"gold":82,"neow_bonus":"TEN_PERCENT_HP_BONUS","is_prod":false,"is_daily":false,"chose_seed":false,"campfire_upgraded":1,"win_rate":0,"timestamp":1557701171,"path_taken":["M","?","?","?","?","E","?","R","T","M","$","?","E","M","R","BOSS","M","M","$","?","?"],"build_version":"2019-01-23","purchased_purges":1,"victory":false,"max_hp_per_floor":[77,77,77,77,77,77,77,77,77,77,77,77,77,79,79,79,79,81,81,81,81,81],"card_choices":[{"not_picked":["Deflect","Slice"],"picked":"Cloak And Dagger","floor":1},{"not_picked":["Quick Slash","Blade Dance"],"picked":"Cloak And Dagger","floor":6},{"not_picked":["Acrobatics","Poisoned Stab"],"picked":"PiercingWail","floor":10},{"not_picked":["Expertise","Cloak And Dagger"],"picked":"Bouncing Flask","floor":12},{"not_picked":["Escape Plan","Outmaneuver"],"picked":"Noxious Fumes","floor":13},{"not_picked":["Dagger Spray","Underhanded Strike","Deflect"],"picked":"Singing Bowl","floor":14},{"not_picked":["Glass Knife","Unload"],"picked":"Burst","floor":16},{"not_picked":["Deadly Poison","All Out Attack","Underhanded Strike+1"],"picked":"Singing Bowl","floor":18},{"not_picked":["Eviscerate+1","Flechettes"],"picked":"Escape Plan","floor":19}],"player_experience":242528,"relics_obtained":[{"floor":5,"key":"Potion Belt"},{"floor":6,"key":"Letter Opener"},{"floor":9,"key":"Singing Bowl"},{"floor":13,"key":"Paper Crane"}],"event_choices":[{"cards_removed":["Defend_G"],"damage_healed":0,"gold_gain":0,"player_choice":"Card Removal","damage_taken":7,"max_hp_gain":0,"max_hp_loss":0,"event_name":"Golden Wing","floor":2,"gold_loss":0},{"cards_removed":["Strike_G"],"damage_healed":0,"gold_gain":0,"player_choice":"Forget","damage_taken":0,"max_hp_gain":0,"max_hp_loss":0,"event_name":"Living Wall","floor":3,"gold_loss":0},{"damage_healed":0,"gold_gain":0,"player_choice":"Entered Light","damage_taken":15,"max_hp_gain":0,"max_hp_loss":0,"event_name":"Shining Light","floor":4,"gold_loss":0,"cards_upgraded":["Defend_G","Strike_G"]},{"damage_healed":0,"gold_gain":0,"player_choice":"Fled","damage_taken":0,"max_hp_gain":0,"max_hp_loss":0,"event_name":"Scrap Ooze","floor":7,"gold_loss":0},{"cards_removed":["Strike_G"],"damage_healed":0,"gold_gain":0,"player_choice":"Purged","damage_taken":0,"max_hp_gain":0,"max_hp_loss":0,"event_name":"Purifier","floor":21,"gold_loss":0}],"is_beta":false,"boss_relics":[{"not_picked":["Orrery","HoveringKite"],"picked":"White Beast Statue"}],"items_purged_floors":[11],"is_endless":false,"potions_floor_spawned":[6,12,16,18,19],"killed_by":"Chosen and Byrds","ascension_level":5}