{"gold_per_floor":[118,132,132,152,46,73,73,73,150,164,164,144,162,178,178,275,275,288,248,263,280,294,294,319,319],"floor_reached":25,"playtime":3592,"items_purged":[],"score":225,"play_id":"2b19ff13-04b6-447b-a77a-2989ef9d51b6","local_time":"20190910231659","is_ascension_mode":false,"campfire_choices":[{"floor":7,"key":"REST"},{"floor":11,"key":"REST"},{"data":"Doom and Gloom","floor":15,"key":"SMITH"},{"floor":23,"key":"REST"}],"neow_cost":"TEN_PERCENT_HP_LOSS","seed_source_timestamp":350182650360031,"circlet_count":0,"master_deck":["Strike_B+1","Strike_B","Strike_B","Strike_B","Defend_B","Defend_B","Defend_B","Defend_B","Zap","Dualcast","Steam","Gash","Chill","Doom and Gloom+1","Loop+1","Multi-Cast","Genetic Algorithm","Cold Snap","Rip and Tear","Machine Learning","Gash","Redo","Rebound","Leap","Barrage"],"relics":["Cracked Core","Peace Pipe","Blood Vial","Sundial","Mummified Hand","Nuclear Battery","Potion Belt"],"potions_floor_usage":[6,18,21,24],"damage_taken":[{"damage":1,"enemies":"2 Louse","floor":1,"turns":3},{"damage":1,"enemies":"Cultist","floor":2,"turns":4},{"damage":0,"enemies":"Small Slimes","floor":4,"turns":3},{"damage":31,"enemies":"Lagavulin","floor":6,"turns":8},{"damage":6,"enemies":"Red Slaver","floor":10,"turns":4},{"damage":8,"enemies":"Looter","floor":13,"turns":2},{"damage":0,"enemies":"Exordium Wildlife","floor":14,"turns":4},{"damage":43,"enemies":"The Guardian","floor":16,"turns":9},{"damage":6,"enemies":"Chosen","floor":18,"turns":5},{"damage":3,"enemies":"3 Byrds","floor":20,"turns":5},{"damage":34,"enemies":"Cultist and Chosen","floor":21,"turns":9},{"damage":26,"enemies":"Snake Plant","floor":22,"turns":4},{"damage":38,"enemies":"Gremlin Leader","floor":24,"turns":8},{"damage":13,"enemies":"Snecko","floor":25,"turns":2}],"seed_played":"1680094326329763529","potions_obtained":[{"floor":2,"key":"Weak Potion"},{"floor":10,"key":"Energy Potion"},{"floor":12,"key":"FairyPotion"},{"floor":13,"key":"Dexterity Potion"},{"floor":16,"key":"PowerPotion"},{"floor":18,"key":"Weak Potion"}],"is_trial":false,"path_per_floor":["M","M","?","M","$","E","R","?","T","M","R","?","M","M","R","B",null,"M","?","M","M","M","R","E","M"],"character_chosen":"DEFECT","items_purchased":["Doom and Gloom","Loop"],"campfire_rested":3,"item_purchase_floors":[5,5],"current_hp_per_floor":[67,66,54,56,56,27,47,47,47,43,63,63,57,59,59,18,68,62,62,61,29,5,25,6,0],"gold":319,"neow_bonus":"ONE_RARE_RELIC","is_prod":false,"is_daily":false,"chose_seed":false,"campfire_upgraded":1,"win_rate":0.0,"timestamp":1568121419,"path_taken":["M","M","?","M","$","E","R","?","T","M","R","?","M","M","R","BOSS","M","?","M","M","M","R","E","M"],"build_version":"2019-07-17","purchased_purges":0,"victory":false,"max_hp_per_floor":[68,68,68,68,68,68,68,68,68,68,68,68,68,68,68,68,68,68,68,68,68,68,68,68,68],"card_choices":[{"not_picked":["Rip and Tear","Gash"],"picked":"Steam","floor":1},{"not_picked":["Reprogram","White Noise"],"picked":"Gash","floor":2},{"not_picked":["Hologram","FTL"],"picked":"Chill","floor":4},{"not_picked":["Streamline","Storm"],"picked":"Multi-Cast","floor":6},{"not_picked":["Hologram","Steam"],"picked":"Genetic Algorithm","floor":10},{"not_picked":["Rebound","Darkness"],"picked":"Cold Snap","floor":13},{"not_picked":["Cold Snap","Reprogram"],"picked":"Rip and Tear","floor":14},{"not_picked":["Seek","Creative AI"],"picked":"Machine Learning","floor":16},{"not_picked":["Cold Snap","Lockon"],"picked":"Gash","floor":18},{"not_picked":["Consume+1","Compile Driver+1"],"picked":"Redo","floor":20},{"not_picked":["Ball Lightning","Compile Driver"],"picked":"Rebound","floor":21},{"not_picked":["Sweeping Beam","Hologram"],"picked":"Leap","floor":22},{"not_picked":["Seek","Coolheaded"],"picked":"Barrage","floor":24}],"player_experience":30642,"relics_obtained":[{"floor":6,"key":"Sundial"},{"floor":9,"key":"Mummified Hand"},{"floor":24,"key":"Potion Belt"}],"event_choices":[{"damage_healed":0,"gold_gain":0,"player_choice":"Success","damage_taken":12,"relics_obtained":["Blood Vial"],"max_hp_gain":0,"max_hp_loss":0,"event_name":"Scrap Ooze","floor":3,"gold_loss":0},{"damage_healed":0,"gold_gain":0,"player_choice":"Grow","damage_taken":0,"max_hp_gain":0,"max_hp_loss":0,"event_name":"Living Wall","floor":8,"gold_loss":0,"cards_upgraded":["Strike_B"]},{"damage_healed":0,"gold_gain":0,"player_choice":"Bought 1 Potion","damage_taken":0,"max_hp_gain":0,"max_hp_loss":0,"event_name":"The Woman in Blue","floor":12,"gold_loss":0},{"damage_healed":0,"gold_gain":0,"player_choice":"Upgrade","damage_taken":0,"max_hp_gain":0,"max_hp_loss":0,"event_name":"Designer","floor":19,"gold_loss":40,"cards_upgraded":["Loop"]}],"is_beta":false,"boss_relics":[{"not_picked":["White Beast Statue","Tiny House"],"picked":"Nuclear Battery"}],"items_purged_floors":[],"is_endless":false,"potions_floor_spawned":[2,10,13,16,18],"killed_by":"Snecko","ascension_level":0}