{"gold_per_floor":[109,109,0,25,107,151,151,190,216,240,240,240,284,284,284,407,407,425,443,463,486,26,26,60,60,108,129,148,148,63,63,63,186,249,263,263,263,332,332,332],"floor_reached":40,"playtime":2627,"items_purged":[],"score":537,"play_id":"a56326d5-bbe0-476f-9a4c-6207dceacae8","local_time":"20181225154803","is_ascension_mode":true,"campfire_choices":[{"data":"Zap","floor":7,"key":"SMITH"},{"floor":11,"key":"REST"},{"floor":15,"key":"REST"},{"data":"Aggregate","floor":23,"key":"SMITH"},{"data":"White Noise","floor":29,"key":"SMITH"},{"floor":32,"key":"REST"}],"neow_cost":"NONE","seed_source_timestamp":426198574258043,"circlet_count":0,"master_deck":["Zap+1","Dualcast","Go for the Eyes","Gash","Good Instincts","Redo+1","Genetic Algorithm","White Noise+1","Steam","Hello World","Biased Cognition","Aggregate+1","Go for the Eyes","Genetic Algorithm","Genetic Algorithm","Buffer","Tempest","White Noise+1","Redo","Loop","Redo+1","Conserve Battery","Panache","FTL","Rip and Tear","Storm","Beam Cell","Gash","RitualDagger","Echo Form","Static Discharge","Skim+1","Sadistic Nature","Metamorphosis","Gash+1"],"relics":["Cracked Core","NeowsBlessing","Golden Idol","Matryoshka","Pen Nib","Bronze Scales","Pantograph","Regal Pillow","Vajra","Mummified Hand","Pandora\u0027s Box","Bag of Marbles","Letter Opener","Orichalcum","Question Card","Tiny House","Nunchaku"],"potions_floor_usage":[16,27,27,28,33],"damage_taken":[{"damage":0,"enemies":"Small Slimes","floor":1,"turns":1},{"damage":0,"enemies":"Jaw Worm","floor":4,"turns":1},{"damage":0,"enemies":"Gremlin Nob","floor":6,"turns":1},{"damage":46,"enemies":"Lagavulin","floor":8,"turns":8},{"damage":3,"enemies":"2 Louse","floor":10,"turns":2},{"damage":20,"enemies":"3 Sentries","floor":13,"turns":6},{"damage":36,"enemies":"Slime Boss","floor":16,"turns":8},{"damage":11,"enemies":"3 Byrds","floor":18,"turns":3},{"damage":1,"enemies":"Chosen","floor":19,"turns":3},{"damage":12,"enemies":"3 Cultists","floor":20,"turns":4},{"damage":12,"enemies":"Cultist and Chosen","floor":21,"turns":5},{"damage":15,"enemies":"Gremlin Leader","floor":24,"turns":4},{"damage":6,"enemies":"Centurion and Healer","floor":27,"turns":3},{"damage":0,"enemies":"Snake Plant","floor":28,"turns":2},{"damage":8,"enemies":"Champ","floor":33,"turns":8},{"damage":2,"enemies":"Orb Walker","floor":35,"turns":3},{"damage":14,"enemies":"2 Orb Walkers","floor":38,"turns":3},{"damage":70,"enemies":"Giant Head","floor":40,"turns":7}],"seed_played":"456539468267869941","potions_obtained":[{"floor":8,"key":"FearPotion"},{"floor":13,"key":"Explosive Potion"},{"floor":21,"key":"Weak Potion"},{"floor":24,"key":"Swift Potion"},{"floor":27,"key":"Weak Potion"},{"floor":34,"key":"LiquidBronze"},{"floor":35,"key":"SteroidPotion"}],"is_trial":false,"path_per_floor":["M","?","$","M","T","E","R","E","T","M","R","?","E","T","R","B",null,"M","M","M","M","$","R","E","?","T","M","M","R","?","?","R","B",null,"M","?","?","?","?","E"],"character_chosen":"DEFECT","items_purchased":["Gash","Good Instincts","Panache","Bag of Marbles","FTL","GamblersBrew"],"campfire_rested":3,"item_purchase_floors":[3,3,22,22,22,22],"current_hp_per_floor":[75,57,57,57,57,57,57,11,11,8,30,30,10,10,47,36,75,64,63,51,39,39,39,24,24,24,18,18,18,18,12,49,66,80,78,68,68,54,54,0],"gold":332,"neow_bonus":"THREE_ENEMY_KILL","is_prod":false,"is_daily":false,"chose_seed":false,"campfire_upgraded":3,"win_rate":0,"timestamp":1545770883,"path_taken":["M","?","$","M","?","E","R","E","T","M","R","?","E","?","R","BOSS","M","M","M","M","$","R","E","?","T","M","?","R","?","?","R","BOSS","M","?","?","?","?","E"],"build_version":"2018-12-20","purchased_purges":0,"victory":false,"max_hp_per_floor":[75,75,75,75,75,75,75,75,75,75,75,75,75,75,75,75,75,75,75,75,75,75,75,75,75,75,75,75,75,75,75,75,75,80,80,80,80,80,76,76],"card_choices":[{"not_picked":["Leap","Rebound"],"picked":"Go for the Eyes","floor":1},{"not_picked":["Rebound","Ball Lightning"],"picked":"Redo","floor":4},{"not_picked":["Redo","Conserve Battery"],"picked":"Genetic Algorithm","floor":6},{"not_picked":["Biased Cognition","Static Discharge"],"picked":"White Noise","floor":8},{"not_picked":["Conserve Battery","Recycle"],"picked":"Steam","floor":10},{"not_picked":["Compile Driver","Reinforced Body"],"picked":"Hello World","floor":13},{"not_picked":["Thunder Strike","Core Surge"],"picked":"Biased Cognition","floor":16},{"not_picked":["Auto Shields","Coolheaded"],"picked":"Redo","floor":18},{"not_picked":["Melter+1","Steam Power"],"picked":"Loop","floor":19},{"not_picked":["Conserve Battery","Stack"],"picked":"Redo+1","floor":20},{"not_picked":["Darkness","Coolheaded"],"picked":"Conserve Battery","floor":21},{"not_picked":["Leap","Chaos"],"picked":"Rip and Tear","floor":24},{"not_picked":["Steam+1","Hyperbeam"],"picked":"Beam Cell","floor":27},{"not_picked":["Rebound","Undo"],"picked":"Gash","floor":28},{"not_picked":["Fission","Biased Cognition","Core Surge"],"picked":"Echo Form","floor":33},{"not_picked":["Conserve Battery+1","Hologram","Chill+1"],"picked":"Static Discharge","floor":34},{"not_picked":["Turbo","Sweeping Beam","Capacitor"],"picked":"Skim+1","floor":35},{"not_picked":["Blind","Madness","Bandage Up"],"picked":"Sadistic Nature","floor":36},{"not_picked":["Forethought","Swift Strike","PanicButton"],"picked":"Metamorphosis","floor":36},{"not_picked":["Compile Driver+1","Doom and Gloom","Leap+1"],"picked":"Gash+1","floor":38}],"player_experience":140347,"relics_obtained":[{"floor":5,"key":"Matryoshka"},{"floor":6,"key":"Pen Nib"},{"floor":8,"key":"Bronze Scales"},{"floor":9,"key":"Pantograph"},{"floor":13,"key":"Regal Pillow"},{"floor":14,"key":"Vajra"},{"floor":14,"key":"Mummified Hand"},{"floor":24,"key":"Letter Opener"},{"floor":26,"key":"Orichalcum"},{"floor":38,"key":"Nunchaku"}],"event_choices":[{"damage_healed":0,"gold_gain":0,"player_choice":"Take Damage","damage_taken":18,"relics_obtained":["Golden Idol"],"max_hp_gain":0,"max_hp_loss":0,"event_name":"Golden Idol","floor":2,"gold_loss":0},{"damage_healed":0,"gold_gain":0,"player_choice":"Grow","damage_taken":0,"max_hp_gain":0,"max_hp_loss":0,"event_name":"Living Wall","floor":12,"gold_loss":0,"cards_upgraded":["White Noise"]},{"damage_healed":0,"gold_gain":0,"cards_transformed":["Redo"],"player_choice":"Transformed","damage_taken":0,"max_hp_gain":0,"max_hp_loss":0,"event_name":"Transmorgrifier","floor":25,"gold_loss":0,"cards_obtained":["Storm"]},{"damage_healed":0,"gold_gain":0,"player_choice":"Obtained Relic","damage_taken":0,"relics_obtained":["Question Card"],"max_hp_gain":0,"max_hp_loss":0,"event_name":"Addict","floor":30,"gold_loss":85},{"damage_healed":0,"gold_gain":0,"player_choice":"Joined the Cult","damage_taken":6,"max_hp_gain":0,"max_hp_loss":0,"event_name":"Nest","floor":31,"gold_loss":0,"cards_obtained":["RitualDagger"]},{"damage_healed":0,"gold_gain":0,"player_choice":"Memory 3","damage_taken":10,"max_hp_gain":0,"max_hp_loss":0,"event_name":"SensoryStone","floor":36,"gold_loss":0},{"damage_healed":0,"gold_gain":0,"player_choice":"Ignored","damage_taken":0,"max_hp_gain":0,"max_hp_loss":0,"event_name":"Tomb of Lord Red Mask","floor":37,"gold_loss":0},{"damage_healed":0,"gold_gain":0,"player_choice":"Fight","damage_taken":0,"max_hp_gain":0,"max_hp_loss":0,"event_name":"Mysterious Sphere","floor":38,"gold_loss":0},{"damage_healed":0,"gold_gain":0,"player_choice":"Max HP","damage_taken":0,"max_hp_gain":0,"max_hp_loss":4,"event_name":"Winding Halls","floor":39,"gold_loss":0}],"is_beta":false,"boss_relics":[{"not_picked":["Inserter","Ectoplasm"],"picked":"Pandora\u0027s Box"},{"not_picked":["Philosopher\u0027s Stone","Astrolabe"],"picked":"Tiny House"}],"items_purged_floors":[],"is_endless":false,"potions_floor_spawned":[8,13,21,24,27,35],"killed_by":"Giant Head","ascension_level":3}