{"gold_per_floor":[12,22,34,47,59,59,73,107,107,162,162,187,187,262,262,361,361,377,95,95,95,73,105,120,145,145,145,122,141,141,151,151,151],"floor_reached":33,"playtime":2116,"items_purged":[],"score":398,"play_id":"f9d8aa9b-c5a1-45cf-95b2-5e3d56ec7985","local_time":"20190910123225","is_ascension_mode":true,"campfire_choices":[{"floor":6,"key":"REST"},{"floor":11,"key":"REST"},{"floor":13,"key":"REST"},{"floor":15,"key":"REST"},{"floor":27,"key":"REST"},{"floor":32,"key":"REST"}],"neow_cost":"NO_GOLD","seed_source_timestamp":327494732164600,"circlet_count":0,"master_deck":["Survivor","Neutralize","Dagger Spray","PiercingWail","Distraction","Noxious Fumes","Predator","Distraction","Slice","Footwork","Dash","Bullet Time","Prepared","Blade Dance","Deflect","Tactician","Predator","Phantasmal Killer","Bouncing Flask","Cloak And Dagger","Outmaneuver","Cloak And Dagger","Infinite Blades","Leg Sweep","Dodge and Roll","Underhanded Strike+1","Blade Dance","Blur","Quick Slash+1","Slice+1","PiercingWail"],"relics":["Ring of the Snake","Nunchaku","Pantograph","Snake Skull","Singing Bowl","Pandora\u0027s Box","MealTicket","MutagenicStrength","Pear","Molten Egg 2","Blue Candle","Ninja Scroll"],"potions_floor_usage":[10,16,23,23,25,31,33],"damage_taken":[{"damage":2,"enemies":"2 Louse","floor":1,"turns":3},{"damage":0,"enemies":"Small Slimes","floor":2,"turns":4},{"damage":0,"enemies":"Jaw Worm","floor":3,"turns":6},{"damage":17,"enemies":"Looter","floor":4,"turns":4},{"damage":5,"enemies":"Blue Slaver","floor":5,"turns":5},{"damage":0,"enemies":"2 Fungi Beasts","floor":7,"turns":3},{"damage":26,"enemies":"3 Sentries","floor":8,"turns":7},{"damage":21,"enemies":"Gremlin Nob","floor":10,"turns":5},{"damage":17,"enemies":"Lagavulin","floor":12,"turns":7},{"damage":27,"enemies":"The Guardian","floor":16,"turns":11},{"damage":37,"enemies":"Spheric Guardian","floor":18,"turns":6},{"damage":14,"enemies":"Gremlin Leader","floor":23,"turns":7},{"damage":12,"enemies":"Chosen","floor":24,"turns":6},{"damage":33,"enemies":"Book of Stabbing","floor":25,"turns":7},{"damage":30,"enemies":"3 Cultists","floor":29,"turns":6},{"damage":8,"enemies":"Shelled Parasite and Fungi","floor":31,"turns":3},{"damage":75,"enemies":"Champ","floor":33,"turns":14}],"seed_played":"-1672881660253938000","potions_obtained":[{"floor":2,"key":"LiquidBronze"},{"floor":3,"key":"GhostInAJar"},{"floor":4,"key":"Weak Potion"},{"floor":10,"key":"Fire Potion"},{"floor":16,"key":"GhostInAJar"},{"floor":25,"key":"SteroidPotion"},{"floor":31,"key":"Fire Potion"}],"is_trial":false,"path_per_floor":["M","M","M","M","M","R","M","E","T","?","R","E","R","?","R","B",null,"M","$","?","?","$","E","M","E","T","R","$","M","?","M","R","B"],"character_chosen":"THE_SILENT","items_purchased":["MealTicket","Leg Sweep","Dodge and Roll","Quick Slash+1"],"campfire_rested":6,"item_purchase_floors":[19,19,22,28],"current_hp_per_floor":[61,61,61,44,39,60,60,34,34,13,34,17,38,38,59,43,63,26,26,49,49,64,60,48,15,15,39,54,24,24,16,40,0],"gold":151,"neow_bonus":"ONE_RARE_RELIC","is_prod":false,"is_daily":false,"chose_seed":false,"campfire_upgraded":0,"win_rate":0,"timestamp":1568133145,"path_taken":["M","M","M","M","M","R","M","E","T","?","R","E","R","?","R","BOSS","M","$","?","?","$","E","M","E","T","R","$","M","?","M","R","BOSS"],"build_version":"2019-07-17","purchased_purges":0,"victory":false,"max_hp_per_floor":[70,70,70,70,70,70,70,70,70,70,70,70,70,70,70,70,70,70,70,70,70,70,80,80,80,80,80,80,80,80,80,80,80],"card_choices":[{"not_picked":["Outmaneuver","Acrobatics"],"picked":"Dagger Spray","floor":1},{"not_picked":["Deflect","Skewer"],"picked":"PiercingWail","floor":2},{"not_picked":["Riddle With Holes","Dagger Throw"],"picked":"Distraction","floor":3},{"not_picked":["Slice","Dodge and Roll"],"picked":"Noxious Fumes","floor":4},{"not_picked":["Flying Knee","Outmaneuver"],"picked":"Predator","floor":5},{"not_picked":["Concentrate","Deadly Poison"],"picked":"Distraction","floor":7},{"not_picked":["PiercingWail","Bane"],"picked":"Slice","floor":8},{"not_picked":["Dagger Spray","Bane"],"picked":"Footwork","floor":10},{"not_picked":["Phantasmal Killer","Quick Slash"],"picked":"Dash","floor":12},{"not_picked":["Glass Knife","Wraith Form v2"],"picked":"Bullet Time","floor":16},{"not_picked":["Underhanded Strike+1","Heel Hook"],"picked":"Infinite Blades","floor":18},{"not_picked":["Acrobatics+1","Deflect+1"],"picked":"Underhanded Strike+1","floor":23},{"not_picked":["Riddle With Holes","Slice"],"picked":"Blade Dance","floor":24},{"not_picked":["Underhanded Strike","Unload"],"picked":"Blur","floor":25},{"not_picked":["Skewer+1","Dagger Throw+1"],"picked":"Slice+1","floor":29},{"not_picked":["Expertise","Underhanded Strike+1"],"picked":"PiercingWail","floor":31}],"player_experience":529711,"relics_obtained":[{"floor":8,"key":"Pantograph"},{"floor":10,"key":"Snake Skull"},{"floor":12,"key":"Singing Bowl"},{"floor":23,"key":"Pear"},{"floor":25,"key":"Molten Egg 2"},{"floor":26,"key":"Blue Candle"}],"event_choices":[{"damage_healed":0,"gold_gain":0,"player_choice":"Searched \u00272\u0027 times","damage_taken":0,"max_hp_gain":0,"max_hp_loss":0,"event_name":"Dead Adventurer","floor":10,"gold_loss":0},{"damage_healed":0,"gold_gain":75,"player_choice":"Gained Gold","damage_taken":0,"max_hp_gain":0,"max_hp_loss":0,"event_name":"Golden Wing","floor":14,"gold_loss":0},{"damage_healed":23,"gold_gain":0,"player_choice":"Heal","damage_taken":0,"max_hp_gain":0,"max_hp_loss":0,"event_name":"The Library","floor":20,"gold_loss":0},{"damage_healed":0,"gold_gain":0,"player_choice":"Inject Mutagens","damage_taken":0,"relics_obtained":["MutagenicStrength"],"max_hp_gain":0,"max_hp_loss":0,"event_name":"Drug Dealer","floor":21,"gold_loss":0},{"damage_healed":0,"gold_gain":0,"player_choice":"Opened","damage_taken":0,"relics_obtained":["Ninja Scroll"],"max_hp_gain":0,"max_hp_loss":0,"event_name":"The Mausoleum","floor":30,"gold_loss":0}],"is_beta":false,"boss_relics":[{"not_picked":["Coffee Dripper","Runic Pyramid"],"picked":"Pandora\u0027s Box"}],"items_purged_floors":[],"is_endless":false,"potions_floor_spawned":[2,3,4,10,16,25,31],"killed_by":"Champ","ascension_level":7}