{"gold_per_floor":[113,38,48,63,78,78,88,113,113,113,138,213,213,10,10,81,81,100,15,15,15,30,30,41,58,58,58,13,13,13,23,23,102,102,119,19,38,53,69,97,97,109,109,119,219,63,0,14,14,14],"floor_reached":51,"playtime":5448,"items_purged":["Shame","Regret"],"score":1327,"play_id":"e53e3534-3ae3-462a-9d19-3ca2b8548edb","local_time":"20191003154327","is_ascension_mode":true,"campfire_choices":[{"data":"Neutralize","floor":6.0,"key":"SMITH"},{"floor":10.0,"key":"REST"},{"floor":13.0,"key":"REST"},{"data":"Deadly Poison","floor":15.0,"key":"SMITH"},{"data":"Catalyst","floor":23.0,"key":"SMITH"},{"data":"Well Laid Plans","floor":27.0,"key":"SMITH"},{"data":"Burst","floor":30.0,"key":"SMITH"},{"data":"Deadly Poison","floor":32.0,"key":"SMITH"},{"floor":41.0,"key":"RECALL"},{"data":"1","floor":49,"key":"LIFT"}],"neow_cost":"CURSE","seed_source_timestamp":2132090864115739,"circlet_count":0,"master_deck":["AscendersBane","Defend_G","Defend_G","Defend_G","Defend_G","Defend_G","Survivor","Neutralize+1","Catalyst+1","Deadly Poison+1","Burst+1","Backflip","Die Die Die","Well Laid Plans+1","Bite","Bite","Bite","Bite","Bite","Crippling Poison","Deadly Poison+1","PiercingWail+1","Prepared+1","Blur+1","Backflip+1","After Image","Prepared+1","Tactician+1","Dodge and Roll+1","Acrobatics+1","Adrenaline+1","Acrobatics+1","Prepared+1"],"special_seed":0,"relics":["Ring of the Snake","Dead Branch","Paper Crane","Art of War","Ancient Tea Set","Lantern","Cursed Key","Letter Opener","Toxic Egg 2","Fusion Hammer","Prayer Wheel","Girya","Red Mask"],"potions_floor_usage":[50,50],"damage_taken":[{"damage":4.0,"enemies":"2 Louse","floor":1.0,"turns":3.0},{"damage":1.0,"enemies":"Small Slimes","floor":3.0,"turns":4.0},{"damage":0.0,"enemies":"Cultist","floor":4.0,"turns":4.0},{"damage":2.0,"enemies":"2 Fungi Beasts","floor":5.0,"turns":7.0},{"damage":4.0,"enemies":"Large Slime","floor":7.0,"turns":6.0},{"damage":26.0,"enemies":"Gremlin Nob","floor":8.0,"turns":5.0},{"damage":15.0,"enemies":"3 Sentries","floor":11.0,"turns":6.0},{"damage":3.0,"enemies":"The Guardian","floor":16.0,"turns":6.0},{"damage":30.0,"enemies":"Spheric Guardian","floor":18.0,"turns":7.0},{"damage":1.0,"enemies":"3 Byrds","floor":22.0,"turns":6.0},{"damage":13.0,"enemies":"Sentry and Sphere","floor":24.0,"turns":5.0},{"damage":2.0,"enemies":"Shelled Parasite and Fungi","floor":25.0,"turns":5.0},{"damage":4.0,"enemies":"3 Cultists","floor":31.0,"turns":4.0},{"damage":4.0,"enemies":"Champ","floor":33.0,"turns":5.0},{"damage":0.0,"enemies":"Orb Walker","floor":35.0,"turns":3.0},{"damage":0.0,"enemies":"3 Shapes","floor":37.0,"turns":3.0},{"damage":0.0,"enemies":"Jaw Worm Horde","floor":38.0,"turns":3.0},{"damage":0.0,"enemies":"Writhing Mass","floor":39.0,"turns":5.0},{"damage":0.0,"enemies":"Reptomancer","floor":40.0,"turns":5.0},{"damage":0.0,"enemies":"3 Darklings","floor":42.0,"turns":3.0},{"damage":0.0,"enemies":"Maw","floor":44.0,"turns":6.0},{"damage":0,"enemies":"Mind Bloom Boss Battle","floor":45,"turns":4},{"damage":0,"enemies":"4 Shapes","floor":48,"turns":1},{"damage":0,"enemies":"Donu and Deca","floor":50,"turns":8}],"seed_played":"7438242814066533736","potions_obtained":[{"floor":5.0,"key":"Energy Potion"},{"floor":7.0,"key":"Strength Potion"},{"floor":8.0,"key":"Explosive Potion"},{"floor":18.0,"key":"Weak Potion"},{"floor":31.0,"key":"EssenceOfSteel"},{"floor":35.0,"key":"Dexterity Potion"},{"floor":38.0,"key":"FearPotion"},{"floor":45,"key":"FearPotion"}],"is_trial":false,"path_per_floor":["M","$","M","M","M","R","M","E","T","R","E","?","R","$","R","B",null,"M","?","?","?","M","R","M","M","T","R","$","?","R","M","R","B",null,"M","$","M","M","M","E","R","M","T","M","?","$","?","M","R","B",null],"character_chosen":"THE_SILENT","items_purchased":["Lantern","Backflip","PiercingWail+1","Adrenaline+1"],"campfire_rested":2,"item_purchase_floors":[14,14,28,46],"current_hp_per_floor":[59,59,58,58,56,56,52,26,26,47,32,21,42,42,42,39,62,32,32,19,19,36,36,35,43,43,43,43,43,43,49,49,52,52,52,52,52,52,52,52,52,52,52,52,52,52,52,52,52,52],"gold":14,"neow_bonus":"ONE_RARE_RELIC","is_prod":false,"is_daily":false,"chose_seed":false,"campfire_upgraded":6,"win_rate":0,"timestamp":1570131807,"path_taken":["M","$","M","M","M","R","M","E","T","R","E","?","R","$","R","BOSS","M","?","?","?","M","R","M","M","T","R","$","?","R","M","R","BOSS","M","$","?","M","M","E","R","M","T","M","?","$","?","M","R","BOSS"],"build_version":"2019-07-17","purchased_purges":2,"victory":true,"max_hp_per_floor":[70,70,70,70,70,70,70,70,70,70,70,70,70,70,70,70,70,70,70,75,52,52,52,52,52,52,52,52,52,52,52,52,52,52,52,52,52,52,52,52,52,52,52,52,52,52,52,52,52,52],"card_choices":[{"not_picked":["Masterful Stab","Dagger Spray","Deflect"],"picked":"SKIP","floor":1.0},{"not_picked":["Flying Knee","Acrobatics","Choke"],"picked":"SKIP","floor":3.0},{"not_picked":["Acrobatics","Sucker Punch","Prepared"],"picked":"SKIP","floor":4.0},{"not_picked":["Acrobatics","Dodge and Roll"],"picked":"Catalyst","floor":5.0},{"not_picked":["Catalyst","Acrobatics"],"picked":"Deadly Poison","floor":7.0},{"not_picked":["Infinite Blades","Accuracy"],"picked":"Burst","floor":8.0},{"not_picked":["Dagger Throw","Blade Dance","Sucker Punch"],"picked":"SKIP","floor":11.0},{"not_picked":["Storm of Steel","A Thousand Cuts"],"picked":"Die Die Die","floor":16.0},{"not_picked":["Prepared","Catalyst"],"picked":"Well Laid Plans","floor":18.0},{"not_picked":["Tactician","Quick Slash"],"picked":"Crippling Poison","floor":22.0},{"not_picked":["Endless Agony","Eviscerate","Prepared"],"picked":"SKIP","floor":24.0},{"not_picked":["Outmaneuver","Underhanded Strike"],"picked":"Deadly Poison","floor":25.0},{"not_picked":["Dodge and Roll+1","Infinite Blades"],"picked":"Prepared+1","floor":31.0},{"not_picked":["Caltrops","Slice"],"picked":"Blur+1","floor":35.0},{"not_picked":["Acrobatics+1","Prepared+1"],"picked":"Backflip+1","floor":37.0},{"not_picked":["Blade Dance+1","All Out Attack+1"],"picked":"After Image","floor":38.0},{"not_picked":["Slice","Bane","Expertise+1"],"picked":"SKIP","floor":39.0},{"not_picked":["Heel Hook","Dodge and Roll+1"],"picked":"Prepared+1","floor":40.0},{"not_picked":["Dagger Spray+1","Prepared+1"],"picked":"Tactician+1","floor":42.0},{"not_picked":["Endless Agony","Bane+1","Sucker Punch"],"picked":"SKIP","floor":42.0},{"not_picked":["Endless Agony","Bane+1","Sucker Punch"],"picked":"SKIP","floor":42.0},{"not_picked":["Setup+1","Cloak And Dagger+1"],"picked":"Dodge and Roll+1","floor":44.0},{"not_picked":["Reflex+1","Accuracy","Backstab"],"picked":"SKIP","floor":44.0},{"not_picked":["Die Die Die","Slice+1"],"picked":"Acrobatics+1","floor":45},{"not_picked":["Bane","Cloak And Dagger+1"],"picked":"Acrobatics+1","floor":48},{"not_picked":["Endless Agony","Acrobatics+1"],"picked":"Prepared+1","floor":48}],"player_experience":632909,"relics_obtained":[{"floor":8.0,"key":"Paper Crane"},{"floor":9.0,"key":"Art of War"},{"floor":11.0,"key":"Ancient Tea Set"},{"floor":26.0,"key":"Toxic Egg 2"},{"floor":40.0,"key":"Prayer Wheel"},{"floor":45,"key":"Girya"}],"event_choices":[{"damage_healed":0.0,"max_hp_gain":0.0,"max_hp_loss":0.0,"gold_gain":75.0,"event_name":"World of Goop","player_choice":"Gather Gold","floor":12.0,"gold_loss":0.0,"damage_taken":11.0},{"damage_healed":0.0,"max_hp_gain":0.0,"max_hp_loss":0.0,"gold_gain":0.0,"event_name":"Addict","player_choice":"Obtained Relic","floor":19.0,"gold_loss":85.0,"damage_taken":0.0,"relics_obtained":["Letter Opener"]},{"damage_healed":0.0,"max_hp_gain":5.0,"max_hp_loss":0.0,"gold_gain":0.0,"event_name":"Forgotten Altar","player_choice":"Shed Blood","floor":20.0,"gold_loss":0.0,"damage_taken":18.0},{"damage_healed":0.0,"max_hp_gain":0.0,"max_hp_loss":23.0,"gold_gain":0.0,"event_name":"Vampires","player_choice":"Became a vampire","floor":21.0,"gold_loss":0.0,"damage_taken":0.0,"cards_obtained":["Bite","Bite","Bite","Bite","Bite"]},{"damage_healed":0.0,"max_hp_gain":0.0,"max_hp_loss":0.0,"gold_gain":0.0,"event_name":"WeMeetAgain","player_choice":"Ignored","floor":29.0,"gold_loss":0.0,"damage_taken":0.0},{"damage_healed":0,"gold_gain":0,"player_choice":"Fight","damage_taken":0,"max_hp_gain":0,"max_hp_loss":0,"event_name":"MindBloom","floor":45,"gold_loss":0},{"damage_healed":0,"gold_gain":0,"player_choice":"Paid","damage_taken":0,"relics_obtained":["Red Mask"],"max_hp_gain":0,"max_hp_loss":0,"event_name":"Tomb of Lord Red Mask","floor":47,"gold_loss":63}],"is_beta":false,"boss_relics":[{"not_picked":["Coffee Dripper","Calling Bell"],"picked":"Cursed Key"},{"not_picked":["Eternal Feather","WristBlade"],"picked":"Fusion Hammer"}],"items_purged_floors":[2,36],"is_endless":false,"potions_floor_spawned":[5,7,8,18,31,35,38,45],"ascension_level":13}