{"gold_per_floor":[110,110,129,147,161,161,70,102,102,123,152,152,152],"floor_reached":13,"playtime":581,"items_purged":[],"score":165,"play_id":"aad6d1cb-53b0-4f19-9571-f8f7bf2f1082","local_time":"20190921210251","is_ascension_mode":true,"campfire_choices":[{"floor":6,"key":"REST"}],"neow_cost":"CURSE","seed_source_timestamp":356255910292500,"circlet_count":0,"master_deck":["AscendersBane","Strike_B","Strike_B","Strike_B","Strike_B","Defend_B","Defend_B","Defend_B","Defend_B","Zap","Dualcast","Injury","Storm","Beam Cell","Conserve Battery","Go for the Eyes","Gash","Chaos","Cold Snap","Go for the Eyes","Gash"],"relics":["Cracked Core","Pen Nib","Odd Mushroom","Letter Opener"],"potions_floor_usage":[8,10,11,11,11],"damage_taken":[{"damage":3,"enemies":"2 Louse","floor":1,"turns":2},{"damage":5,"enemies":"Small Slimes","floor":3,"turns":4},{"damage":12,"enemies":"Jaw Worm","floor":4,"turns":2},{"damage":7,"enemies":"3 Louse","floor":5,"turns":4},{"damage":30,"enemies":"Lagavulin","floor":8,"turns":8},{"damage":14,"enemies":"The Mushroom Lair","floor":10,"turns":5},{"damage":19,"enemies":"3 Sentries","floor":11,"turns":8},{"damage":25,"enemies":"Exordium Thugs","floor":13,"turns":4}],"seed_played":"4369900114062831592","potions_obtained":[{"floor":5,"key":"Swift Potion"},{"floor":8,"key":"Fire Potion"},{"floor":10,"key":"EntropicBrew"}],"is_trial":false,"path_per_floor":["M","?","M","M","M","R","$","E","T","?","E","?","M"],"character_chosen":"DEFECT","items_purchased":["Gash","Chaos"],"campfire_rested":1,"item_purchase_floors":[7,7],"current_hp_per_floor":[79,79,74,62,55,81,81,51,51,37,18,23,0],"gold":152,"neow_bonus":"TWENTY_PERCENT_HP_BONUS","is_prod":false,"is_daily":false,"chose_seed":false,"campfire_upgraded":0,"win_rate":0,"timestamp":1569114171,"path_taken":["M","?","M","M","M","R","$","E","T","?","E","?","M"],"build_version":"2019-07-17","purchased_purges":0,"victory":false,"max_hp_per_floor":[89,89,89,89,89,89,89,89,89,89,89,94,94],"card_choices":[{"not_picked":["Turbo","Tempest"],"picked":"Storm","floor":1},{"not_picked":["Coolheaded","Genetic Algorithm"],"picked":"Beam Cell","floor":3},{"not_picked":["FTL","Recycle"],"picked":"Conserve Battery","floor":4},{"not_picked":["Fusion","Darkness"],"picked":"Go for the Eyes","floor":5},{"not_picked":["Beam Cell","Streamline"],"picked":"Cold Snap","floor":8},{"not_picked":["Leap","Redo"],"picked":"Go for the Eyes","floor":10},{"not_picked":["Fusion","Hologram"],"picked":"Gash","floor":11}],"player_experience":701213,"relics_obtained":[{"floor":8,"key":"Pen Nib"},{"floor":10,"key":"Odd Mushroom"},{"floor":11,"key":"Letter Opener"}],"event_choices":[{"damage_healed":0,"gold_gain":0,"player_choice":"Leave","damage_taken":0,"max_hp_gain":0,"max_hp_loss":0,"event_name":"The Cleric","floor":2,"gold_loss":0},{"damage_healed":0,"gold_gain":0,"player_choice":"Fought Mushrooms","damage_taken":0,"max_hp_gain":0,"max_hp_loss":0,"event_name":"Mushrooms","floor":10,"gold_loss":0},{"damage_healed":0,"gold_gain":0,"player_choice":"Donut","damage_taken":0,"max_hp_gain":5,"max_hp_loss":0,"event_name":"Big Fish","floor":12,"gold_loss":0}],"is_beta":false,"boss_relics":[],"items_purged_floors":[],"is_endless":false,"potions_floor_spawned":[5,8,10],"killed_by":"Exordium Thugs","ascension_level":10}