{"gold_per_floor":[18,28,45,63,81,114,114,144,144,164,164,189,71,91,91,186,186,202,217,244,244,159,193,193,193,193,193],"floor_reached":27,"playtime":1669,"items_purged":[],"score":405,"play_id":"e3f820ab-c9b4-4054-85d9-e27f3220dfca","local_time":"20190920191400","is_ascension_mode":true,"campfire_choices":[{"floor":7,"key":"REST"},{"floor":15,"key":"REST"},{"floor":25,"key":"REST"}],"neow_cost":"NO_GOLD","seed_source_timestamp":262237480625499,"circlet_count":0,"master_deck":["AscendersBane","Strike_R+1","Strike_R+1","Strike_R+1","Strike_R+1","Strike_R+1","Defend_R+1","Defend_R+1","Defend_R+1","Defend_R+1","Bash","Shrug It Off","Inflame","Heavy Blade","Clothesline","Heavy Blade","Intimidate","Metallicize+1","Armaments","Dropkick","Metallicize","Rage","Offering","Flex","Seeing Red","Heavy Blade","Flex"],"relics":["Burning Blood","Champion Belt","Dodecahedron","Nunchaku","Happy Flower","MawBank","Lizard Tail","Red Mask","Frozen Egg 2","PreservedInsect"],"potions_floor_usage":[5,6,14,16,23,27],"damage_taken":[{"damage":4,"enemies":"Jaw Worm","floor":1,"turns":4},{"damage":5,"enemies":"Small Slimes","floor":2,"turns":4},{"damage":2,"enemies":"2 Louse","floor":3,"turns":3},{"damage":0,"enemies":"Large Slime","floor":4,"turns":5},{"damage":9,"enemies":"2 Fungi Beasts","floor":5,"turns":4},{"damage":53,"enemies":"Lagavulin","floor":6,"turns":7},{"damage":39,"enemies":"3 Sentries","floor":8,"turns":9},{"damage":12,"enemies":"Exordium Wildlife","floor":10,"turns":4},{"damage":9,"enemies":"Gremlin Nob","floor":12,"turns":5},{"damage":5,"enemies":"3 Louse","floor":14,"turns":4},{"damage":26,"enemies":"Slime Boss","floor":16,"turns":14},{"damage":20,"enemies":"Shell Parasite","floor":18,"turns":6},{"damage":12,"enemies":"Spheric Guardian","floor":19,"turns":5},{"damage":55,"enemies":"Masked Bandits","floor":20,"turns":6},{"damage":67,"enemies":"Slavers","floor":23,"turns":9},{"damage":39,"enemies":"Gremlin Leader","floor":27,"turns":4}],"seed_played":"-7956018664716781672","potions_obtained":[{"floor":1,"key":"SkillPotion"},{"floor":2,"key":"FearPotion"},{"floor":3,"key":"PowerPotion"},{"floor":4,"key":"BloodPotion"},{"floor":14,"key":"Weak Potion"},{"floor":20,"key":"LiquidBronze"},{"floor":23,"key":"FearPotion"}],"is_trial":false,"path_per_floor":["M","M","M","M","M","E","R","E","T","M","?","E","$","M","R","B",null,"M","M","?","?","?","E","?","R","T","E"],"character_chosen":"IRONCLAD","items_purchased":["Metallicize","AttackPotion"],"campfire_rested":3,"item_purchase_floors":[13,13],"current_hp_per_floor":[74,75,79,80,77,50,74,41,41,35,35,32,32,33,57,37,69,55,49,44,70,70,9,9,33,33,0],"gold":193,"neow_bonus":"ONE_RARE_RELIC","is_prod":false,"is_daily":false,"chose_seed":false,"campfire_upgraded":0,"win_rate":0,"timestamp":1569021240,"path_taken":["M","M","M","M","M","E","R","E","T","M","?","E","$","M","R","BOSS","M","M","?","?","?","E","?","R","T","E"],"build_version":"2019-07-17","purchased_purges":0,"victory":false,"max_hp_per_floor":[80,80,80,80,80,80,80,80,80,80,80,80,80,80,80,80,80,80,80,80,80,80,80,80,80,80,80],"card_choices":[{"not_picked":["Sentinel","Anger"],"picked":"Shrug It Off","floor":1},{"not_picked":["Flex","Havoc"],"picked":"Inflame","floor":2},{"not_picked":["Blood for Blood","Infernal Blade"],"picked":"Heavy Blade","floor":3},{"not_picked":["Havoc","Bloodletting"],"picked":"Clothesline","floor":4},{"not_picked":["Evolve","Whirlwind"],"picked":"Heavy Blade","floor":5},{"not_picked":["Entrench","Sever Soul"],"picked":"Intimidate","floor":6},{"not_picked":["Dark Embrace","Havoc"],"picked":"Metallicize","floor":8},{"not_picked":["Iron Wave","Sever Soul"],"picked":"Armaments","floor":10},{"not_picked":["Barricade","Sever Soul"],"picked":"Dropkick","floor":12},{"not_picked":["Second Wind","Sword Boomerang"],"picked":"Rage","floor":14},{"not_picked":["Berserk","Fiend Fire"],"picked":"Offering","floor":16},{"not_picked":["Havoc","Intimidate"],"picked":"Flex","floor":18},{"not_picked":["Spot Weakness","Rampage"],"picked":"Seeing Red","floor":19},{"not_picked":["Clothesline","Clash"],"picked":"Heavy Blade","floor":20},{"not_picked":["Rupture+1","Body Slam"],"picked":"Flex","floor":23}],"player_experience":685808,"relics_obtained":[{"floor":6,"key":"Dodecahedron"},{"floor":8,"key":"Nunchaku"},{"floor":9,"key":"Happy Flower"},{"floor":12,"key":"MawBank"},{"floor":20,"key":"Red Mask"},{"floor":23,"key":"PreservedInsect"}],"event_choices":[{"damage_healed":0,"gold_gain":0,"player_choice":"Grow","damage_taken":0,"max_hp_gain":0,"max_hp_loss":0,"event_name":"Living Wall","floor":11,"gold_loss":0,"cards_upgraded":["Metallicize"]},{"damage_healed":0,"gold_gain":0,"player_choice":"Fought Bandits","damage_taken":0,"max_hp_gain":0,"max_hp_loss":0,"event_name":"Masked Bandits","floor":20,"gold_loss":0},{"damage_healed":26,"gold_gain":0,"player_choice":"Heal","damage_taken":0,"max_hp_gain":0,"max_hp_loss":0,"event_name":"The Library","floor":21,"gold_loss":0},{"damage_healed":0,"gold_gain":0,"player_choice":"Obtained Relic","damage_taken":0,"relics_obtained":["Frozen Egg 2"],"max_hp_gain":0,"max_hp_loss":0,"event_name":"Addict","floor":22,"gold_loss":85},{"damage_healed":0,"gold_gain":0,"player_choice":"Simplicity","damage_taken":0,"max_hp_gain":0,"max_hp_loss":0,"event_name":"Back to Basics","floor":24,"gold_loss":0,"cards_upgraded":["Strike_R","Strike_R","Strike_R","Strike_R","Strike_R","Defend_R","Defend_R","Defend_R","Defend_R"]}],"is_beta":false,"boss_relics":[{"not_picked":["Sozu","Runic Dome"],"picked":"Lizard Tail"}],"items_purged_floors":[],"is_endless":false,"potions_floor_spawned":[1,2,3,4,14,20,23],"killed_by":"Gremlin Leader","ascension_level":12}