{"gold_per_floor":[112,37,50,64,81,81,81,93,93,93,123,134,134,147,147,268,268,286,330,344,344,360,360,383,117,199,74,74,97,115,115,115,115],"floor_reached":33,"playtime":2315,"items_purged":["Defend_B","Defend_B","Strike_B"],"score":251,"play_id":"74c11d71-deff-4367-af54-653a606d8b05","local_time":"20181126224915","is_ascension_mode":false,"campfire_choices":[{"data":"Zap","floor":6,"key":"SMITH"},{"data":"Dualcast","floor":10,"key":"SMITH"},{"floor":15,"key":"RECALL"},{"data":"Redo","floor":23,"key":"SMITH"},{"data":"Panache","floor":32,"key":"SMITH"}],"neow_cost":"NONE","seed_source_timestamp":12314473613319,"circlet_count":0,"master_deck":["Strike_B","Defend_B","Defend_B","Zap+1","Dualcast+1","Ball Lightning","Streamline","Scrape","Coolheaded","Streamline","Steam","Steam","Go for the Eyes+1","Redo+1","Streamline","Scrape","BootSequence+1","Panache+1","Chill+1"],"relics":["Cracked Core","Happy Flower","Bloody Idol","Nuclear Battery","Red Mask","Singing Bowl"],"potions_floor_usage":[12,16,18,22,22,29],"damage_taken":[{"damage":0,"enemies":"Cultist","floor":1,"turns":4},{"damage":10,"enemies":"Small Slimes","floor":3,"turns":2},{"damage":2,"enemies":"2 Louse","floor":4,"turns":2},{"damage":8,"enemies":"Red Slaver","floor":5,"turns":3},{"damage":0,"enemies":"Exordium Wildlife","floor":8,"turns":2},{"damage":4,"enemies":"Gremlin Nob","floor":11,"turns":3},{"damage":0,"enemies":"Gremlin Gang","floor":12,"turns":4},{"damage":5,"enemies":"2 Fungi Beasts","floor":14,"turns":2},{"damage":10,"enemies":"Slime Boss","floor":16,"turns":9},{"damage":3,"enemies":"Shell Parasite","floor":18,"turns":4},{"damage":0,"enemies":"Masked Bandits","floor":19,"turns":3},{"damage":0,"enemies":"Spheric Guardian","floor":20,"turns":3},{"damage":4,"enemies":"Centurion and Healer","floor":22,"turns":3},{"damage":36,"enemies":"Snake Plant","floor":24,"turns":4},{"damage":0,"enemies":"Sentry and Sphere","floor":29,"turns":3},{"damage":10,"enemies":"Snecko","floor":30,"turns":5},{"damage":64,"enemies":"Champ","floor":33,"turns":8}],"seed_played":"2981369624107284333","potions_obtained":[{"floor":4,"key":"Ancient Potion"},{"floor":5,"key":"Strength Potion"},{"floor":11,"key":"Weak Potion"},{"floor":14,"key":"FairyPotion"},{"floor":16,"key":"Weak Potion"},{"floor":19,"key":"Explosive Potion"},{"floor":20,"key":"Fire Potion"},{"floor":24,"key":"GamblersBrew"},{"floor":30,"key":"Ancient Potion"}],"is_trial":false,"path_per_floor":["M","$","M","M","M","R","?","M","T","R","E","M","?","M","R","B",null,"M","?","M","?","M","R","M","$","T","$","?","M","M","?","R","B"],"character_chosen":"DEFECT","items_purchased":["Panache"],"campfire_rested":0,"item_purchase_floors":[25],"current_hp_per_floor":[75,75,65,63,55,55,55,55,55,55,51,51,33,28,28,18,75,72,72,72,72,68,68,32,32,32,32,32,34,24,24,24,0],"gold":115,"neow_bonus":"REMOVE_CARD","is_prod":false,"is_daily":false,"chose_seed":false,"campfire_upgraded":4,"win_rate":0,"timestamp":1543272555,"path_taken":["M","?","M","M","M","R","?","M","T","R","E","M","?","M","R","BOSS","M","?","M","?","M","R","?","?","T","$","?","?","M","?","R","BOSS"],"build_version":"2018-11-15","purchased_purges":3,"victory":false,"max_hp_per_floor":[75,75,75,75,75,75,75,75,75,75,75,75,75,75,75,75,75,75,75,75,75,75,75,75,75,75,75,75,77,77,77,77,77],"card_choices":[{"not_picked":["Stack","Steam"],"picked":"Ball Lightning","floor":1},{"not_picked":["Fusion","Turbo"],"picked":"Streamline","floor":3},{"not_picked":["Gash","Skim"],"picked":"Scrape","floor":4},{"not_picked":["Gash","Consume"],"picked":"Coolheaded","floor":5},{"not_picked":["Loop","Double Energy"],"picked":"Streamline","floor":8},{"not_picked":["Biased Cognition","Rebound"],"picked":"Steam","floor":11},{"not_picked":["Stack","Recycle"],"picked":"Steam","floor":12},{"not_picked":["Cold Snap","Leap","Force Field"],"picked":"SKIP","floor":14},{"not_picked":["Thunder Strike","Meteor Strike"],"picked":"Rainbow","floor":16},{"not_picked":["Turbo","Coolheaded"],"picked":"Go for the Eyes+1","floor":18},{"not_picked":["Ball Lightning","Barrage"],"picked":"Redo","floor":19},{"not_picked":["Sweeping Beam+1","Leap"],"picked":"Streamline","floor":20},{"not_picked":["Genetic Algorithm+1","Coolheaded+1"],"picked":"Scrape","floor":22},{"not_picked":["Turbo+1","Fission"],"picked":"BootSequence+1","floor":24},{"not_picked":["Leap","Rebound+1","Cold Snap"],"picked":"Singing Bowl","floor":29},{"not_picked":["Barrage","Gash"],"picked":"Chill+1","floor":30}],"player_experience":148841,"relics_obtained":[{"floor":11,"key":"Happy Flower"},{"floor":19,"key":"Red Mask"},{"floor":26,"key":"Singing Bowl"}],"event_choices":[{"cards_removed":["Strike_B"],"damage_healed":0,"gold_gain":0,"player_choice":"Forget","damage_taken":0,"max_hp_gain":0,"max_hp_loss":0,"event_name":"Living Wall","floor":7,"gold_loss":0},{"damage_healed":0,"gold_gain":0,"player_choice":"Take Damage","damage_taken":18,"relics_obtained":["Golden Idol"],"max_hp_gain":0,"max_hp_loss":0,"event_name":"Golden Idol","floor":13,"gold_loss":0},{"damage_healed":0,"gold_gain":0,"player_choice":"Fought Bandits","damage_taken":0,"max_hp_gain":0,"max_hp_loss":0,"event_name":"Masked Bandits","floor":19,"gold_loss":0},{"cards_removed":["Rainbow"],"damage_healed":0,"gold_gain":0,"player_choice":"Took Card","damage_taken":0,"max_hp_gain":0,"max_hp_loss":0,"event_name":"NoteForYourself","floor":21,"gold_loss":0,"cards_obtained":["Defend_R"]},{"cards_removed":["Defend_R"],"damage_healed":0,"gold_gain":0,"player_choice":"Offered Basic","damage_taken":0,"max_hp_gain":0,"max_hp_loss":0,"event_name":"Bonfire Elementals","floor":28,"gold_loss":0},{"damage_healed":0,"gold_gain":0,"player_choice":"Gave Idol","damage_taken":0,"relics_obtained":["Bloody Idol"],"max_hp_gain":0,"max_hp_loss":0,"event_name":"Forgotten Altar","floor":31,"relics_lost":["Golden Idol"],"gold_loss":0}],"is_beta":true,"boss_relics":[{"not_picked":["Calling Bell","Black Star"],"picked":"Nuclear Battery"}],"items_purged_floors":[2,25,27],"is_endless":false,"potions_floor_spawned":[4,5,11,14,16,19,20,24,30],"killed_by":"Champ","ascension_level":0}