{"gold_per_floor":[113,126,145,220,220,255,273,273,324,324,205,215,276,296,296,396,396,413,413,84,99,99,99,124,124,151,51,82,7,32,52,52,151,151,167,167,117,117,67,98,98,109,109,123,140,153,186,198,198,198,198,198,2,31,31],"floor_reached":55,"playtime":3174,"items_purged":["Strike_G","Strike_G","Strike_G","Grand Finale","Defend_G"],"score":940,"play_id":"177979c1-b0c6-4fec-8b86-2ed08512edcf","local_time":"20181216222145","is_ascension_mode":false,"campfire_choices":[{"data":"Footwork","floor":8,"key":"SMITH"},{"data":"Footwork","floor":10,"key":"SMITH"},{"data":"Noxious Fumes","floor":15,"key":"SMITH"},{"floor":23,"key":"RECALL"},{"data":"Corpse Explosion","floor":25,"key":"SMITH"},{"data":"Neutralize","floor":32,"key":"SMITH"},{"data":"Envenom","floor":41,"key":"SMITH"},{"data":"Prepared","floor":49,"key":"SMITH"},{"data":"After Image","floor":52,"key":"SMITH"}],"neow_cost":"NONE","seed_source_timestamp":34119851964795,"circlet_count":0,"master_deck":["Defend_G","Defend_G","Defend_G","Survivor","Neutralize+1","Footwork+1","Dash","Escape Plan","Footwork+1","Noxious Fumes+1","Backflip","Dash","Corpse Explosion+1","Bouncing Flask+1","Prepared+1","After Image+1","Deadly Poison+1","Envenom+1","Venomology","Flechettes+1"],"relics":["Lizard Tail","The Courier","Centennial Puzzle","Coffee Dripper","Bag of Preparation","Snake Skull","Bronze Scales","Blood Vial","Happy Flower","Dream Catcher","PreservedInsect","Smiling Mask","Black Star","Pen Nib","Gremlin Horn","Omamori","Paper Crane","Bag of Marbles","Letter Opener","Dodecahedron","Shuriken"],"potions_floor_usage":[6,16,24,28,30,40,44,46,48,54,55,55,55,55],"damage_taken":[{"damage":0,"enemies":"2 Louse","floor":1,"turns":4},{"damage":1,"enemies":"Jaw Worm","floor":2,"turns":4},{"damage":0,"enemies":"Small Slimes","floor":3,"turns":4},{"damage":31,"enemies":"Gremlin Nob","floor":6,"turns":7},{"damage":0,"enemies":"Blue Slaver","floor":7,"turns":4},{"damage":3,"enemies":"Red Slaver","floor":12,"turns":5},{"damage":20,"enemies":"Gremlin Nob","floor":13,"turns":6},{"damage":0,"enemies":"Looter","floor":14,"turns":4},{"damage":20,"enemies":"Slime Boss","floor":16,"turns":13},{"damage":0,"enemies":"3 Byrds","floor":18,"turns":4},{"damage":7,"enemies":"2 Thieves","floor":21,"turns":2},{"damage":6,"enemies":"Slavers","floor":24,"turns":3},{"damage":0,"enemies":"Book of Stabbing","floor":28,"turns":5},{"damage":0,"enemies":"Slavers","floor":30,"turns":2},{"damage":1,"enemies":"Shelled Parasite and Fungi","floor":31,"turns":3},{"damage":0,"enemies":"Collector","floor":33,"turns":6},{"damage":0,"enemies":"3 Shapes","floor":35,"turns":4},{"damage":0,"enemies":"Reptomancer","floor":40,"turns":5},{"damage":1,"enemies":"3 Darklings","floor":42,"turns":3},{"damage":4,"enemies":"Sphere and 2 Shapes","floor":44,"turns":6},{"damage":0,"enemies":"Writhing Mass","floor":45,"turns":5},{"damage":0,"enemies":"3 Darklings","floor":46,"turns":2},{"damage":0,"enemies":"Giant Head","floor":47,"turns":7},{"damage":0,"enemies":"Jaw Worm Horde","floor":48,"turns":3},{"damage":41,"enemies":"Donu and Deca","floor":50,"turns":9},{"damage":42,"enemies":"Shield and Spear","floor":54,"turns":5},{"damage":42,"enemies":"The Heart","floor":55,"turns":3}],"seed_played":"5923299226513253363","potions_obtained":[{"floor":3,"key":"GhostInAJar"},{"floor":7,"key":"Dexterity Potion"},{"floor":12,"key":"Fire Potion"},{"floor":13,"key":"Explosive Potion"},{"floor":18,"key":"Energy Potion"},{"floor":28,"key":"Weak Potion"},{"floor":31,"key":"FearPotion"},{"floor":33,"key":"GhostInAJar"},{"floor":42,"key":"Swift Potion"},{"floor":44,"key":"SkillPotion"},{"floor":45,"key":"LiquidBronze"},{"floor":47,"key":"GhostInAJar"},{"floor":54,"key":"PowerPotion"}],"is_trial":false,"path_per_floor":["M","M","M","?","?","E","M","R","T","R","$","M","?","M","R","B",null,"M","T","$","M","?","R","E","R","T","$","E","?","E","M","R","B",null,"M","?","$","?","$","E","R","M","T","M","M","M","E","M","R","B",null,"R","$","E","B"],"character_chosen":"THE_SILENT","items_purchased":["Noxious Fumes","Snake Skull","Bronze Scales","Letter Opener"],"campfire_rested":0,"item_purchase_floors":[11,20,20,53],"current_hp_per_floor":[70,69,69,58,58,27,27,27,27,27,27,24,4,4,4,20,70,70,70,70,63,63,63,59,59,59,59,61,61,63,64,64,66,70,70,70,70,70,70,70,70,69,69,66,68,70,70,70,70,29,70,70,70,28,0],"gold":31,"neow_bonus":"BOSS_RELIC","is_prod":false,"is_daily":false,"chose_seed":false,"campfire_upgraded":8,"win_rate":0,"timestamp":1544998905,"path_taken":["M","M","M","?","?","E","M","R","T","R","?","M","?","?","R","BOSS","M","?","$","?","?","R","E","R","T","?","E","?","E","M","R","BOSS","M","?","?","?","$","E","R","?","T","M","M","M","E","M","R","BOSS","R","$","E","BOSS"],"build_version":"2018-12-13","purchased_purges":5,"victory":false,"max_hp_per_floor":[70,70,70,70,70,70,70,70,70,70,70,70,70,70,70,70,70,70,70,70,70,70,70,70,70,70,70,70,70,70,70,70,70,70,70,70,70,70,70,70,70,70,70,70,70,70,70,70,70,70,70,70,70,70,70],"card_choices":[{"not_picked":["Slice","Riddle With Holes"],"picked":"Backstab","floor":1},{"not_picked":["Crippling Poison","Sucker Punch"],"picked":"Footwork","floor":2},{"not_picked":["Dodge and Roll","Backstab"],"picked":"Dash","floor":3},{"not_picked":["Concentrate","Outmaneuver"],"picked":"Escape Plan","floor":6},{"not_picked":["Setup","Quick Slash"],"picked":"Footwork","floor":7},{"not_picked":["Well Laid Plans","Acrobatics"],"picked":"Backflip","floor":12},{"not_picked":["Backflip","Infinite Blades"],"picked":"Dash","floor":13},{"not_picked":["Backstab","Poisoned Stab","Eviscerate"],"picked":"SKIP","floor":14},{"not_picked":["Phantasmal Killer","Envenom"],"picked":"Corpse Explosion","floor":16},{"not_picked":["Expertise","Finisher","Dodge and Roll"],"picked":"SKIP","floor":18},{"not_picked":["Backflip","Blade Dance"],"picked":"Bouncing Flask+1","floor":21},{"not_picked":["Terror+1","Dodge and Roll","Quick Slash"],"picked":"SKIP","floor":24},{"not_picked":["Riddle With Holes","Finisher","Infinite Blades"],"picked":"SKIP","floor":28},{"not_picked":["Heel Hook","Dagger Spray","Quick Slash+1"],"picked":"SKIP","floor":30},{"not_picked":["Backflip","Blade Dance"],"picked":"Prepared","floor":31},{"not_picked":["Storm of Steel","Corpse Explosion"],"picked":"After Image","floor":33},{"not_picked":["Quick Slash+1","Slice"],"picked":"Deadly Poison+1","floor":35},{"not_picked":["Acrobatics","Flying Knee"],"picked":"Envenom","floor":40},{"not_picked":["Dagger Spray","Underhanded Strike","Predator+1"],"picked":"SKIP","floor":42},{"not_picked":["Dodge and Roll","Bouncing Flask","Riddle With Holes"],"picked":"SKIP","floor":44},{"not_picked":["Dagger Spray","Flying Knee+1","PiercingWail"],"picked":"SKIP","floor":45},{"not_picked":["Sucker Punch","Slice+1","Cloak And Dagger"],"picked":"SKIP","floor":46},{"not_picked":["Skewer","Expertise","Riddle With Holes+1"],"picked":"SKIP","floor":47},{"not_picked":["Poisoned Stab+1","Dagger Spray"],"picked":"Venomology","floor":48},{"not_picked":["Finisher+1","All Out Attack+1"],"picked":"Flechettes+1","floor":54}],"player_experience":211053,"relics_obtained":[{"floor":6,"key":"The Courier"},{"floor":13,"key":"Centennial Puzzle"},{"floor":19,"key":"Bag of Preparation"},{"floor":24,"key":"Happy Flower"},{"floor":26,"key":"Dream Catcher"},{"floor":28,"key":"PreservedInsect"},{"floor":30,"key":"Smiling Mask"},{"floor":40,"key":"Pen Nib"},{"floor":40,"key":"Gremlin Horn"},{"floor":43,"key":"Omamori"},{"floor":47,"key":"Paper Crane"},{"floor":47,"key":"Bag of Marbles"},{"floor":54,"key":"Dodecahedron"},{"floor":54,"key":"Shuriken"}],"event_choices":[{"damage_healed":0,"gold_gain":75,"player_choice":"Gather Gold","damage_taken":11,"max_hp_gain":0,"max_hp_loss":0,"event_name":"World of Goop","floor":4,"gold_loss":0},{"cards_removed":["Strike_G"],"damage_healed":0,"gold_gain":0,"player_choice":"Forget","damage_taken":0,"max_hp_gain":0,"max_hp_loss":0,"event_name":"Living Wall","floor":5,"gold_loss":0},{"damage_healed":0,"gold_gain":0,"player_choice":"Searched \u00271\u0027 times","damage_taken":0,"max_hp_gain":0,"max_hp_loss":0,"event_name":"Dead Adventurer","floor":13,"gold_loss":0},{"damage_healed":0,"gold_gain":0,"player_choice":"Gave Potion","damage_taken":0,"relics_obtained":["Blood Vial"],"max_hp_gain":0,"max_hp_loss":0,"event_name":"WeMeetAgain","floor":22,"gold_loss":0},{"cards_removed":["Strike_G"],"damage_healed":0,"gold_gain":0,"player_choice":"Gave Gold","damage_taken":0,"max_hp_gain":0,"max_hp_loss":0,"event_name":"Beggar","floor":29,"gold_loss":75},{"damage_healed":0,"gold_gain":0,"cards_transformed":["Backstab"],"player_choice":"Transformed","damage_taken":0,"max_hp_gain":0,"max_hp_loss":0,"event_name":"Transmorgrifier","floor":36,"gold_loss":0,"cards_obtained":["Grand Finale"]},{"cards_removed":["Defend_G"],"damage_healed":0,"gold_gain":0,"player_choice":"Removed Skill","damage_taken":0,"max_hp_gain":0,"max_hp_loss":0,"event_name":"Falling","floor":38,"gold_loss":0}],"is_beta":true,"boss_relics":[{"not_picked":["Cursed Key","Snecko Eye"],"picked":"Coffee Dripper"},{"not_picked":["Orrery","Astrolabe"],"picked":"Black Star"}],"items_purged_floors":[11,20,27,37,39],"is_endless":false,"potions_floor_spawned":[3,7,12,13,18,28,31,33,42,44,45,47,54],"killed_by":"The Heart","ascension_level":0}