{"gold_per_floor":[110,110,124,43,43,56,56,73,73,90,120,24,24,35,35,136,136,146,146,127,145,160,160,180,206,206,206,220,252,252],"floor_reached":30,"playtime":1341,"items_purged":[],"score":313,"play_id":"7be43af5-7dd1-455b-be42-05dbe8cdcb84","local_time":"20190112022841","is_ascension_mode":true,"campfire_choices":[{"data":"Shrug It Off","floor":7,"key":"SMITH"},{"floor":13,"key":"REST"},{"data":"Metallicize","floor":15,"key":"SMITH"},{"floor":23,"key":"REST"}],"neow_cost":"CURSE","seed_source_timestamp":288110187638535,"circlet_count":0,"master_deck":["Strike_R+1","Strike_R+1","Strike_R+1","Strike_R+1","Defend_R+1","Defend_R+1","Bash","True Grit","Shrug It Off+1","Metallicize+1","Headbutt","Burning Pact","Shockwave","Uppercut","Dropkick","Demon Form","Infernal Blade+1","Immolate+1","Clothesline+1","Iron Wave+1","Carnage+1","Ghostly Armor+1","Bludgeon","Pummel","Spot Weakness","Anger","Rage"],"relics":["Burning Blood","Pantograph","Astrolabe","Strawberry","Bronze Scales","Bag of Preparation"],"potions_floor_usage":[8,11,16,16,18,22,22,24,29],"damage_taken":[{"damage":9,"enemies":"2 Louse","floor":1,"turns":3},{"damage":0,"enemies":"Small Slimes","floor":3,"turns":3},{"damage":0,"enemies":"Jaw Worm","floor":6,"turns":5},{"damage":13,"enemies":"Exordium Thugs","floor":8,"turns":4},{"damage":2,"enemies":"2 Fungi Beasts","floor":10,"turns":5},{"damage":47,"enemies":"Gremlin Nob","floor":11,"turns":6},{"damage":0,"enemies":"Looter","floor":14,"turns":4},{"damage":44,"enemies":"The Guardian","floor":16,"turns":12},{"damage":30,"enemies":"Spheric Guardian","floor":18,"turns":4},{"damage":22,"enemies":"2 Thieves","floor":20,"turns":4},{"damage":15,"enemies":"Snake Plant","floor":21,"turns":4},{"damage":15,"enemies":"Cultist and Chosen","floor":22,"turns":8},{"damage":18,"enemies":"Sentry and Sphere","floor":24,"turns":6},{"damage":20,"enemies":"Gremlin Leader","floor":25,"turns":6},{"damage":50,"enemies":"Shelled Parasite and Fungi","floor":28,"turns":5},{"damage":40,"enemies":"Slavers","floor":29,"turns":4}],"seed_played":"9063573335841879921","potions_obtained":[{"floor":6,"key":"Explosive Potion"},{"floor":10,"key":"Swift Potion"},{"floor":11,"key":"FearPotion"},{"floor":16,"key":"AttackPotion"},{"floor":18,"key":"BloodPotion"},{"floor":28,"key":"Poison Potion"},{"floor":29,"key":"Weak Potion"}],"is_trial":false,"path_per_floor":["M","?","M","$","?","M","R","M","T","M","E","$","R","M","R","B",null,"M","?","M","M","M","R","M","E","T","?","M","E","?"],"character_chosen":"IRONCLAD","items_purchased":["Metallicize","EntropicBrew"],"campfire_rested":2,"item_purchase_floors":[4,12],"current_hp_per_floor":[93,86,92,92,73,79,79,72,72,76,35,35,63,69,69,56,96,72,72,56,47,47,75,63,56,56,90,46,12,0],"gold":252,"neow_bonus":"TWENTY_PERCENT_HP_BONUS","is_prod":false,"is_daily":false,"chose_seed":false,"campfire_upgraded":2,"win_rate":0,"timestamp":1547278121,"path_taken":["M","?","M","$","?","M","R","M","T","M","E","?","R","M","R","BOSS","M","?","M","M","M","R","M","E","T","?","M","E","?"],"build_version":"2019-01-10","purchased_purges":0,"victory":false,"max_hp_per_floor":[96,96,96,96,96,96,96,96,96,96,96,96,96,96,96,96,96,96,96,96,96,96,96,96,103,103,103,103,103,108],"card_choices":[{"not_picked":["Iron Wave","Heavy Blade"],"picked":"True Grit","floor":1},{"not_picked":["Corruption","Searing Blow"],"picked":"Shrug It Off","floor":3},{"not_picked":["Sever Soul","Sword Boomerang"],"picked":"Headbutt","floor":6},{"not_picked":["Sword Boomerang","Sever Soul"],"picked":"Burning Pact","floor":8},{"not_picked":["Anger","Pommel Strike"],"picked":"Shockwave","floor":10},{"not_picked":["Iron Wave","Anger"],"picked":"Uppercut","floor":11},{"not_picked":["Dark Embrace","Warcry"],"picked":"Dropkick","floor":14},{"not_picked":["Barricade","Limit Break"],"picked":"Demon Form","floor":16},{"not_picked":["Anger","Perfected Strike"],"picked":"Iron Wave+1","floor":18},{"not_picked":["Combust+1","Twin Strike"],"picked":"Carnage+1","floor":20},{"not_picked":["Havoc","Sword Boomerang"],"picked":"Ghostly Armor+1","floor":21},{"not_picked":["Warcry","Body Slam+1"],"picked":"Bludgeon","floor":22},{"not_picked":["Blood for Blood","Clothesline"],"picked":"Pummel","floor":24},{"not_picked":["Hemokinesis+1","Cleave"],"picked":"Spot Weakness","floor":25},{"not_picked":["Rupture","Bloodletting"],"picked":"Anger","floor":28},{"not_picked":["Pommel Strike+1","Anger"],"picked":"Rage","floor":29}],"player_experience":355783,"relics_obtained":[{"floor":11,"key":"Pantograph"},{"floor":25,"key":"Strawberry"},{"floor":26,"key":"Bronze Scales"},{"floor":29,"key":"Bag of Preparation"}],"event_choices":[{"cards_removed":["Regret"],"damage_healed":0,"gold_gain":0,"player_choice":"Card Removal","damage_taken":7,"max_hp_gain":0,"max_hp_loss":0,"event_name":"Golden Wing","floor":2,"gold_loss":0},{"damage_healed":0,"gold_gain":0,"player_choice":"Entered Light","damage_taken":19,"max_hp_gain":0,"max_hp_loss":0,"event_name":"Shining Light","floor":5,"gold_loss":0,"cards_upgraded":["Strike_R","Strike_R"]},{"damage_healed":0,"gold_gain":0,"player_choice":"Simplicity","damage_taken":0,"max_hp_gain":0,"max_hp_loss":0,"event_name":"Back to Basics","floor":19,"gold_loss":0,"cards_upgraded":["Strike_R","Strike_R","Defend_R","Defend_R"]},{"damage_healed":34,"gold_gain":0,"player_choice":"Heal","damage_taken":0,"max_hp_gain":0,"max_hp_loss":0,"event_name":"The Library","floor":27,"gold_loss":0}],"is_beta":false,"boss_relics":[{"not_picked":["Orrery","Runic Cube"],"picked":"Astrolabe"}],"items_purged_floors":[],"is_endless":false,"potions_floor_spawned":[6,10,11,16,18,21,28,29],"ascension_level":1}