{"gold_per_floor":[116,116,128,143,153,179,179,179,179,31,59,44],"floor_reached":12,"playtime":562,"items_purged":[],"score":143,"play_id":"08b3e3ad-7813-4ea5-b728-066b54acdc62","local_time":"20181227222637","is_ascension_mode":true,"campfire_choices":[{"data":"Bash","floor":7,"key":"SMITH"}],"neow_cost":"NONE","seed_source_timestamp":624982919139284,"circlet_count":0,"master_deck":["Strike_R","Strike_R","Strike_R","Strike_R","Strike_R","Defend_R","Defend_R","Defend_R","Defend_R","Bash+1","Combust","Cleave","Rampage","Cleave","Uppercut","Offering"],"relics":["Burning Blood","NlothsMask","Paper Frog","Strawberry","Dead Branch"],"potions_floor_usage":[6,8,8],"damage_taken":[{"damage":1,"enemies":"Cultist","floor":1,"turns":4},{"damage":10,"enemies":"Jaw Worm","floor":3,"turns":4},{"damage":3,"enemies":"Small Slimes","floor":4,"turns":3},{"damage":18,"enemies":"Exordium Wildlife","floor":5,"turns":3},{"damage":40,"enemies":"Lagavulin","floor":6,"turns":5},{"damage":31,"enemies":"3 Sentries","floor":8,"turns":4},{"damage":17,"enemies":"Gremlin Nob","floor":11,"turns":3},{"damage":17,"enemies":"Exordium Thugs","floor":12,"turns":1}],"seed_played":"6712384219478415718","potions_obtained":[{"floor":1,"key":"SmokeBomb"},{"floor":3,"key":"AttackPotion"},{"floor":6,"key":"Swift Potion"}],"is_trial":false,"path_per_floor":["M","?","M","M","M","E","R","E","T","$","E","M"],"character_chosen":"IRONCLAD","items_purchased":["Strawberry"],"campfire_rested":0,"item_purchase_floors":[10],"current_hp_per_floor":[88,88,84,87,75,41,41,16,16,23,12,0],"gold":44,"neow_bonus":"TEN_PERCENT_HP_BONUS","is_prod":false,"is_daily":false,"chose_seed":false,"campfire_upgraded":1,"win_rate":0,"timestamp":1545967597,"path_taken":["M","?","?","M","M","E","R","E","T","$","E","M"],"build_version":"2018-12-20","purchased_purges":0,"victory":false,"max_hp_per_floor":[88,88,88,88,88,88,88,88,88,95,95,95],"card_choices":[{"not_picked":["Searing Blow","Anger"],"picked":"Combust","floor":1},{"not_picked":["Searing Blow","Shrug It Off"],"picked":"Cleave","floor":3},{"not_picked":["Anger","Rage"],"picked":"Rampage","floor":4},{"not_picked":["Wild Strike","Anger"],"picked":"Cleave","floor":5},{"not_picked":["Exhume","Havoc"],"picked":"Uppercut","floor":6},{"not_picked":["Corruption","Metallicize"],"picked":"Offering","floor":11}],"player_experience":226651,"relics_obtained":[{"floor":6,"key":"Paper Frog"},{"floor":11,"key":"Dead Branch"}],"event_choices":[{"damage_healed":0,"gold_gain":0,"player_choice":"Trade","damage_taken":0,"relics_obtained":["NlothsMask"],"max_hp_gain":0,"max_hp_loss":0,"event_name":"FaceTrader","floor":2,"gold_loss":0}],"is_beta":false,"boss_relics":[],"items_purged_floors":[],"is_endless":false,"potions_floor_spawned":[1,3,6],"killed_by":"Exordium Thugs","ascension_level":4}