{"gold_per_floor":[111,131,148,162,175,194,220,220,243,243,277,277,312,332,332,429,429,443,443,433,18,31,61,61,95,141,152,168,168,1,56,56,153,153,184,198,210,310,328,360,360,389,389,427,461,477,477,488,488,488],"floor_reached":50,"playtime":5089,"items_purged":[],"score":868,"play_id":"3d10cfe9-e23b-4e5b-b4cd-d80fbdf30e36","local_time":"20181228013916","is_ascension_mode":true,"campfire_choices":[{"floor":10.0,"key":"REST"},{"floor":12.0,"key":"REST"},{"data":"White Noise","floor":15.0,"key":"SMITH"},{"floor":24.0,"key":"REST"},{"floor":29.0,"key":"REST"},{"floor":32.0,"key":"REST"},{"floor":41.0,"key":"REST"},{"floor":47,"key":"REST"},{"floor":49,"key":"RECALL"}],"neow_cost":"CURSE","seed_source_timestamp":0,"circlet_count":0,"master_deck":["Strike_B","Strike_B","Strike_B","Strike_B","Defend_B","Defend_B","Defend_B","Defend_B","Zap+1","Dualcast","Decay","Go for the Eyes","Stack","Ball Lightning","Sweeping Beam","Melter","Steam","Conserve Battery","Cold Snap","White Noise+1","Genetic Algorithm","Echo Form","Steam","Seek","Flash of Steel","Gash+1","Go for the Eyes","Steam+1","Biased Cognition","Tempest","Heatsinks","Storm","HandOfGreed","Thunder Strike","Buffer","Cold Snap+1","White Noise+1","Sunder+1","Double Energy","Double Energy","Sweeping Beam+1","Double Energy+1","Hologram+1","Heatsinks","Steam+1","Skim","Skim","Reinforced Body+1","Heatsinks","Conserve Battery+1"],"special_seed":0,"relics":["Cracked Core","Peace Pipe","Mercury Hourglass","Dodecahedron","Anchor","Nuclear Battery","Nunchaku","Omamori","Letter Opener","Vajra","Torii","Black Star","Prayer Wheel","Mummified Hand","Dead Branch","Potion Belt","Happy Flower","Girya","Calipers","Gremlin Horn"],"potions_floor_usage":[50],"damage_taken":[{"damage":7.0,"enemies":"Small Slimes","floor":1.0,"turns":3.0},{"damage":1.0,"enemies":"Cultist","floor":2.0,"turns":4.0},{"damage":9.0,"enemies":"Jaw Worm","floor":3.0,"turns":3.0},{"damage":4.0,"enemies":"2 Fungi Beasts","floor":4.0,"turns":3.0},{"damage":1.0,"enemies":"Blue Slaver","floor":5.0,"turns":4.0},{"damage":13.0,"enemies":"Looter","floor":6.0,"turns":3.0},{"damage":14.0,"enemies":"Gremlin Nob","floor":7.0,"turns":4.0},{"damage":20.0,"enemies":"3 Sentries","floor":11.0,"turns":5.0},{"damage":20.0,"enemies":"Gremlin Nob","floor":13.0,"turns":4.0},{"damage":0.0,"enemies":"Lots of Slimes","floor":14.0,"turns":2.0},{"damage":1.0,"enemies":"Slime Boss","floor":16.0,"turns":6.0},{"damage":2.0,"enemies":"Spheric Guardian","floor":18.0,"turns":4.0},{"damage":9.0,"enemies":"2 Thieves","floor":20.0,"turns":4.0},{"damage":11.0,"enemies":"Snake Plant","floor":22.0,"turns":5.0},{"damage":40.0,"enemies":"Slavers","floor":23.0,"turns":5.0},{"damage":16.0,"enemies":"Book of Stabbing","floor":25.0,"turns":7.0},{"damage":4.0,"enemies":"3 Cultists","floor":27.0,"turns":3.0},{"damage":0.0,"enemies":"Chosen and Byrds","floor":28.0,"turns":4.0},{"damage":16.0,"enemies":"Slavers","floor":31.0,"turns":5.0},{"damage":36.0,"enemies":"Champ","floor":33.0,"turns":6.0},{"damage":0.0,"enemies":"3 Shapes","floor":35.0,"turns":3.0},{"damage":16.0,"enemies":"Orb Walker","floor":36.0,"turns":3.0},{"damage":0.0,"enemies":"4 Shapes","floor":37.0,"turns":3.0},{"damage":0.0,"enemies":"Mind Bloom Boss Battle","floor":38.0,"turns":7.0},{"damage":0.0,"enemies":"Jaw Worm Horde","floor":39.0,"turns":4.0},{"damage":35.0,"enemies":"Nemesis","floor":40.0,"turns":5.0},{"damage":0.0,"enemies":"Giant Head","floor":42.0,"turns":6.0},{"damage":0.0,"enemies":"Sphere and 2 Shapes","floor":44.0,"turns":1.0},{"damage":0.0,"enemies":"Reptomancer","floor":45.0,"turns":5.0},{"damage":25,"enemies":"Writhing Mass","floor":46,"turns":5},{"damage":0,"enemies":"Maw","floor":48,"turns":6},{"damage":49,"enemies":"Time Eater","floor":50,"turns":8}],"seed_played":"4948659628763213187","potions_obtained":[{"floor":2.0,"key":"Explosive Potion"},{"floor":5.0,"key":"PowerPotion"},{"floor":13.0,"key":"PowerPotion"},{"floor":20.0,"key":"Strength Potion"},{"floor":33.0,"key":"AttackPotion"},{"floor":36.0,"key":"FearPotion"},{"floor":40.0,"key":"LiquidBronze"},{"floor":44.0,"key":"AttackPotion"},{"floor":45.0,"key":"Explosive Potion"},{"floor":46,"key":"SteroidPotion"}],"is_trial":false,"path_per_floor":["M","M","M","M","M","M","E","?","T","R","E","R","E","M","R","B",null,"M","?","M","$","M","E","R","E","T","M","M","R","$","E","R","B",null,"M","M","M","?","M","M","E","R","E","T","M","E","M","R","M","R","B"],"character_chosen":"DEFECT","items_purchased":["Nunchaku","Go for the Eyes","PowerPotion","Fire Potion","HandOfGreed"],"campfire_rested":7,"item_purchase_floors":[21,21,21,21,30],"current_hp_per_floor":[68,67,58,54,53,40,26,26,26,48,28,50,30,30,30,29,75,73,73,64,64,53,13,35,19,19,15,15,37,37,21,43,7,75,75,59,59,59,59,24,46,46,46,46,46,21,43,43,43,0],"gold":488,"neow_bonus":"ONE_RARE_RELIC","is_prod":false,"is_daily":false,"chose_seed":false,"campfire_upgraded":1,"win_rate":0,"timestamp":1545979156,"path_taken":["M","M","M","M","M","M","E","?","T","R","E","R","E","M","R","BOSS","M","?","M","$","M","E","R","E","T","M","M","R","$","E","R","BOSS","M","?","M","?","M","E","R","E","T","M","E","M","R","M","R","BOSS"],"build_version":"2018-12-20","purchased_purges":0,"victory":false,"max_hp_per_floor":[75,75,75,75,75,75,75,75,75,75,75,75,75,75,75,75,75,75,75,75,75,75,75,75,75,75,75,75,75,75,75,75,75,75,75,75,75,75,75,75,75,75,75,75,75,75,75,75,75,75],"card_choices":[{"not_picked":["Tempest","Rebound"],"picked":"Go for the Eyes","floor":1.0},{"not_picked":["Barrage","Capacitor"],"picked":"Stack","floor":2.0},{"not_picked":["Auto Shields","Barrage"],"picked":"Ball Lightning","floor":3.0},{"not_picked":["Turbo","Barrage"],"picked":"Sweeping Beam","floor":4.0},{"not_picked":["Conserve Battery","Redo"],"picked":"Melter","floor":5.0},{"not_picked":["Stack","Core Surge"],"picked":"Steam","floor":6.0},{"not_picked":["Stack","Streamline"],"picked":"Conserve Battery","floor":7.0},{"not_picked":["Glacier","Coolheaded"],"picked":"Cold Snap","floor":11.0},{"not_picked":["Storm","Coolheaded"],"picked":"White Noise","floor":13.0},{"not_picked":["Rebound","Turbo"],"picked":"Genetic Algorithm","floor":14.0},{"not_picked":["Fission","Machine Learning"],"picked":"Echo Form","floor":16.0},{"not_picked":["Stack","Streamline"],"picked":"Steam","floor":18.0},{"not_picked":["Streamline+1","Genetic Algorithm"],"picked":"Gash+1","floor":20.0},{"not_picked":["Darkness","Sweeping Beam+1"],"picked":"Steam+1","floor":22.0},{"not_picked":["Compile Driver+1","Capacitor"],"picked":"Biased Cognition","floor":23.0},{"not_picked":["Lockon","Stack"],"picked":"Tempest","floor":25.0},{"not_picked":["Go for the Eyes","Coolheaded"],"picked":"Heatsinks","floor":27.0},{"not_picked":["Rebound+1","Force Field"],"picked":"Storm","floor":28.0},{"not_picked":["Ball Lightning","Rebound+1"],"picked":"Thunder Strike","floor":31.0},{"not_picked":["Machine Learning","Meteor Strike"],"picked":"Buffer","floor":33.0},{"not_picked":["Barrage+1","Rebound"],"picked":"Cold Snap+1","floor":35.0},{"not_picked":["Blizzard+1","Ball Lightning"],"picked":"White Noise+1","floor":36.0},{"not_picked":["Coolheaded+1","Hologram"],"picked":"Sunder+1","floor":37.0},{"not_picked":["Scrape","Go for the Eyes"],"picked":"Double Energy","floor":38.0},{"not_picked":["Barrage+1","Self Repair"],"picked":"Double Energy","floor":39.0},{"not_picked":["Darkness","Genetic Algorithm"],"picked":"Sweeping Beam+1","floor":39.0},{"not_picked":["Tempest","Beam Cell"],"picked":"Double Energy+1","floor":40.0},{"not_picked":["Ball Lightning","Compile Driver"],"picked":"Hologram+1","floor":42.0},{"not_picked":["Steam Power+1","Redo"],"picked":"Heatsinks","floor":44.0},{"not_picked":["Coolheaded","Rainbow"],"picked":"Steam+1","floor":44.0},{"not_picked":["Leap","Gash"],"picked":"Skim","floor":45.0},{"not_picked":["Self Repair","Ball Lightning+1"],"picked":"Skim","floor":46},{"not_picked":["Darkness","Turbo+1"],"picked":"Reinforced Body+1","floor":46},{"not_picked":["Chill+1","Reinforced Body+1"],"picked":"Heatsinks","floor":48},{"not_picked":["Rebound","Cold Snap+1"],"picked":"Conserve Battery+1","floor":48}],"player_experience":227886,"relics_obtained":[{"floor":7.0,"key":"Mercury Hourglass"},{"floor":11.0,"key":"Dodecahedron"},{"floor":13.0,"key":"Anchor"},{"floor":23.0,"key":"Omamori"},{"floor":25.0,"key":"Letter Opener"},{"floor":26.0,"key":"Vajra"},{"floor":31.0,"key":"Torii"},{"floor":38.0,"key":"Prayer Wheel"},{"floor":40.0,"key":"Mummified Hand"},{"floor":40.0,"key":"Dead Branch"},{"floor":42.0,"key":"Potion Belt"},{"floor":42.0,"key":"Happy Flower"},{"floor":43.0,"key":"Girya"},{"floor":45.0,"key":"Calipers"},{"floor":45.0,"key":"Gremlin Horn"}],"event_choices":[{"damage_healed":0.0,"max_hp_gain":0.0,"max_hp_loss":0.0,"gold_gain":0.0,"event_name":"Living Wall","player_choice":"Grow","floor":8.0,"gold_loss":0.0,"damage_taken":0.0,"cards_upgraded":["Zap"]},{"damage_healed":0.0,"max_hp_gain":0.0,"max_hp_loss":0.0,"gold_gain":0.0,"event_name":"Match and Keep!","player_choice":"2 cards matched","floor":19.0,"gold_loss":0.0,"damage_taken":0.0,"cards_obtained":["Seek","Flash of Steel"]},{"damage_healed":0.0,"max_hp_gain":0.0,"max_hp_loss":0.0,"gold_gain":0.0,"event_name":"MindBloom","player_choice":"Fight","floor":38.0,"gold_loss":0.0,"damage_taken":0.0}],"is_beta":false,"boss_relics":[{"not_picked":["Runic Pyramid","Astrolabe"],"picked":"Nuclear Battery"},{"not_picked":["Busted Crown","White Beast Statue"],"picked":"Black Star"}],"items_purged_floors":[],"is_endless":false,"potions_floor_spawned":[2,5,13,20,33,36,40,44,45,46],"killed_by":"Time Eater","ascension_level":3}