{"gold_per_floor":[114,126,226,241,43,75,75,150,177,206,206,217,217],"floor_reached":13,"playtime":362,"items_purged":[],"score":144,"play_id":"d70c9a6c-af51-492f-8513-7469033c25e1","local_time":"20190930225424","is_ascension_mode":true,"campfire_choices":[{"floor":7,"key":"REST"},{"floor":11,"key":"REST"}],"neow_cost":"NONE","seed_source_timestamp":1140766167797900,"circlet_count":0,"master_deck":["AscendersBane","Strike_B","Strike_B","Strike_B","Strike_B","Defend_B","Defend_B","Defend_B","Defend_B","Zap","Dualcast","Undo","Cold Snap","Gash","Barrage","All For One","Heatsinks"],"relics":["Cracked Core","NeowsBlessing","Lee\u0027s Waffle","Lantern","Art of War","Question Card"],"potions_floor_usage":[6,10],"damage_taken":[{"damage":0,"enemies":"Cultist","floor":1,"turns":1},{"damage":0,"enemies":"Small Slimes","floor":2,"turns":1},{"damage":0,"enemies":"2 Louse","floor":4,"turns":1},{"damage":32,"enemies":"Gremlin Nob","floor":6,"turns":4},{"damage":41,"enemies":"Lagavulin","floor":10,"turns":7},{"damage":7,"enemies":"Looter","floor":12,"turns":3},{"damage":49,"enemies":"Gremlin Nob","floor":13,"turns":4}],"seed_played":"5312491977368052941","potions_obtained":[{"floor":1,"key":"Ancient Potion"},{"floor":4,"key":"FocusPotion"},{"floor":10,"key":"LiquidBronze"}],"is_trial":false,"path_per_floor":["M","M","?","M","$","E","R","?","T","E","R","M","E"],"character_chosen":"DEFECT","items_purchased":["Lee\u0027s Waffle"],"campfire_rested":2,"item_purchase_floors":[5],"current_hp_per_floor":[68,68,68,68,82,50,74,63,63,22,46,39,0],"gold":217,"neow_bonus":"THREE_ENEMY_KILL","is_prod":false,"is_daily":false,"chose_seed":false,"campfire_upgraded":0,"win_rate":0,"timestamp":1569898464,"path_taken":["M","M","?","?","$","E","R","?","T","E","R","M","E"],"build_version":"2019-07-17","purchased_purges":0,"victory":false,"max_hp_per_floor":[75,75,75,75,82,82,82,82,82,82,82,82,82],"card_choices":[{"not_picked":["Steam Power","Rebound"],"picked":"Undo","floor":1},{"not_picked":["Barrage","Beam Cell"],"picked":"Cold Snap","floor":2},{"not_picked":["Blizzard","Stack"],"picked":"Gash","floor":4},{"not_picked":["Reprogram","Redo"],"picked":"Barrage","floor":6},{"not_picked":["Sweeping Beam","Auto Shields"],"picked":"All For One","floor":10},{"not_picked":["Beam Cell","Reprogram","Streamline"],"picked":"Heatsinks","floor":12}],"player_experience":748491,"relics_obtained":[{"floor":6,"key":"Lantern"},{"floor":9,"key":"Art of War"},{"floor":10,"key":"Question Card"}],"event_choices":[{"damage_healed":0,"gold_gain":100,"player_choice":"Gold","damage_taken":0,"max_hp_gain":0,"max_hp_loss":0,"event_name":"Wheel of Change","floor":3,"gold_loss":0},{"damage_healed":0,"gold_gain":75,"player_choice":"Gather Gold","damage_taken":11,"max_hp_gain":0,"max_hp_loss":0,"event_name":"World of Goop","floor":8,"gold_loss":0}],"is_beta":false,"boss_relics":[],"items_purged_floors":[],"is_endless":false,"potions_floor_spawned":[1,4,10],"killed_by":"Gremlin Nob","ascension_level":11}