{"gold_per_floor":[118,128,142,159,159,192,192,224,298,313,35,55,55,55,55,178,178,191,209,209,209,230,274,274,274,274,315,334,348,210,210,210,310,310,329,329,14,14,26,26,40,40,40],"floor_reached":43,"playtime":2306,"items_purged":["Strike_R","Limit Break"],"score":702,"play_id":"cc4b615d-31e1-41a8-9c07-785b07bc6054","local_time":"20191001141343","is_ascension_mode":true,"campfire_choices":[{"data":"Cleave","floor":7,"key":"SMITH"},{"data":"Bludgeon","floor":15,"key":"SMITH"},{"floor":25,"key":"REST"},{"floor":32,"key":"REST"},{"data":"Flame Barrier","floor":40,"key":"SMITH"}],"neow_cost":"NONE","seed_source_timestamp":1376167129022,"circlet_count":0,"master_deck":["AscendersBane","Strike_R","Strike_R","Defend_R","Defend_R","Defend_R","Defend_R","Bash+1","Cleave+1","Wild Strike","Shrug It Off+1","Bludgeon+1","Uppercut","Warcry+1","Armaments","Combust","Evolve","Anger","Hemokinesis+1","Intimidate+1","Carnage+1","Juggernaut","Flame Barrier+1","Ghostly Armor","Power Through+1"],"relics":["Burning Blood","Boot","Mercury Hourglass","Torii","Sundial","Toy Ornithopter","Bloody Idol","Velvet Choker","War Paint","Molten Egg 2","Self Forming Clay","Mummified Hand","Orichalcum","Philosopher\u0027s Stone","Kunai"],"potions_floor_usage":[16,16,23,23,33,43,43],"damage_taken":[{"damage":5,"enemies":"Cultist","floor":1,"turns":5},{"damage":0,"enemies":"2 Louse","floor":2,"turns":3},{"damage":0,"enemies":"Small Slimes","floor":3,"turns":3},{"damage":11,"enemies":"Blue Slaver","floor":4,"turns":4},{"damage":40,"enemies":"Lagavulin","floor":6,"turns":7},{"damage":12,"enemies":"3 Sentries","floor":8,"turns":4},{"damage":1,"enemies":"Looter","floor":10,"turns":2},{"damage":0,"enemies":"Gremlin Gang","floor":12,"turns":3},{"damage":12,"enemies":"Slime Boss","floor":16,"turns":10},{"damage":18,"enemies":"Spheric Guardian","floor":18,"turns":4},{"damage":21,"enemies":"Shell Parasite","floor":19,"turns":5},{"damage":13,"enemies":"Centurion and Healer","floor":22,"turns":8},{"damage":36,"enemies":"Gremlin Leader","floor":23,"turns":6},{"damage":29,"enemies":"Slavers","floor":27,"turns":5},{"damage":4,"enemies":"Chosen and Byrds","floor":28,"turns":4},{"damage":6,"enemies":"3 Cultists","floor":29,"turns":4},{"damage":52,"enemies":"Automaton","floor":33,"turns":10},{"damage":4,"enemies":"3 Shapes","floor":35,"turns":6},{"damage":9,"enemies":"Orb Walker","floor":39,"turns":2},{"damage":21,"enemies":"3 Darklings","floor":41,"turns":3},{"damage":121,"enemies":"Time Eater","floor":43,"turns":12}],"seed_played":"3918187739244449496","potions_obtained":[{"floor":6,"key":"SpeedPotion"},{"floor":8,"key":"BloodPotion"},{"floor":10,"key":"EssenceOfSteel"},{"floor":18,"key":"SpeedPotion"},{"floor":19,"key":"FearPotion"},{"floor":27,"key":"SpeedPotion"},{"floor":35,"key":"BloodPotion"},{"floor":41,"key":"Swift Potion"}],"is_trial":false,"path_per_floor":["M","M","M","M","?","E","R","E","T","M","$","M","?","?","R","B",null,"M","M","?","?","M","E","?","R","T","E","M","M","$","?","R","B",null,"M","?","$","?","M","R","M","?","B"],"character_chosen":"IRONCLAD","items_purchased":["Toy Ornithopter","Carnage+1","Flame Barrier","Kunai"],"campfire_rested":2,"item_purchase_floors":[11,30,37,37],"current_hp_per_floor":[73,79,80,75,75,41,41,35,35,40,40,46,46,46,46,68,73,64,52,52,52,48,28,28,52,52,29,31,34,34,34,59,23,70,80,80,80,80,82,82,72,72,0],"gold":40,"neow_bonus":"RANDOM_COMMON_RELIC","is_prod":false,"is_daily":false,"chose_seed":false,"campfire_upgraded":3,"win_rate":0,"timestamp":1569932023,"path_taken":["M","M","M","M","?","E","R","E","T","M","$","M","?","?","R","BOSS","M","M","?","?","M","E","?","R","T","E","?","M","$","?","R","BOSS","M","?","$","?","M","R","M","?","BOSS"],"build_version":"2019-07-17","purchased_purges":2,"victory":false,"max_hp_per_floor":[80,80,80,80,80,80,80,80,80,80,80,80,80,74,74,74,74,77,80,80,80,83,83,83,83,83,83,83,86,86,86,86,86,86,89,89,89,89,89,89,89,89,89],"card_choices":[{"not_picked":["Wild Strike","Whirlwind"],"picked":"Cleave","floor":1},{"not_picked":["Flex","Iron Wave"],"picked":"Wild Strike","floor":2},{"not_picked":["Entrench","Power Through"],"picked":"Cleave","floor":3},{"not_picked":["Clothesline","Whirlwind"],"picked":"Shrug It Off","floor":4},{"not_picked":["Entrench","Wild Strike"],"picked":"Bludgeon","floor":6},{"not_picked":["Spot Weakness","Rampage"],"picked":"Uppercut","floor":8},{"not_picked":["Headbutt","Cleave","Sword Boomerang"],"picked":"SKIP","floor":10},{"not_picked":["Wild Strike","Anger"],"picked":"Warcry","floor":12},{"not_picked":["Barricade","Demon Form"],"picked":"Feed","floor":16},{"not_picked":["Carnage","Pommel Strike"],"picked":"Armaments","floor":18},{"not_picked":["Cleave+1","Burning Pact"],"picked":"Combust","floor":19},{"not_picked":["Rupture","Clothesline"],"picked":"Anger","floor":22},{"not_picked":["Wild Strike","Thunderclap","Cleave"],"picked":"SKIP","floor":23},{"not_picked":["Flex","True Grit"],"picked":"Hemokinesis+1","floor":27},{"not_picked":["Cleave+1","Spot Weakness+1","Feel No Pain"],"picked":"SKIP","floor":28},{"not_picked":["Flex","Pommel Strike+1"],"picked":"Intimidate+1","floor":29},{"not_picked":["Limit Break","Reaper+1"],"picked":"Juggernaut","floor":33},{"not_picked":["Heavy Blade+1","Clothesline+1","Flex+1"],"picked":"SKIP","floor":35},{"not_picked":["Infernal Blade","Thunderclap+1"],"picked":"Ghostly Armor","floor":39},{"not_picked":["Hemokinesis+1","Cleave+1"],"picked":"Power Through+1","floor":41}],"player_experience":328865,"relics_obtained":[{"floor":6,"key":"Mercury Hourglass"},{"floor":8,"key":"Torii"},{"floor":9,"key":"Sundial"},{"floor":23,"key":"Molten Egg 2"},{"floor":26,"key":"Mummified Hand"},{"floor":27,"key":"Orichalcum"}],"event_choices":[{"damage_healed":0,"gold_gain":0,"player_choice":"Grow","damage_taken":0,"max_hp_gain":0,"max_hp_loss":0,"event_name":"Living Wall","floor":5,"gold_loss":0,"cards_upgraded":["Bash"]},{"damage_healed":0,"gold_gain":0,"player_choice":"Ignored","damage_taken":0,"max_hp_gain":0,"max_hp_loss":0,"event_name":"Liars Game","floor":13,"gold_loss":0},{"damage_healed":0,"gold_gain":0,"player_choice":"Lose Max HP","damage_taken":0,"relics_obtained":["Golden Idol"],"max_hp_gain":0,"max_hp_loss":6,"event_name":"Golden Idol","floor":14,"gold_loss":0},{"damage_healed":0,"gold_gain":0,"cards_transformed":["Strike_R","Strike_R"],"player_choice":"Became Test Subject","damage_taken":0,"max_hp_gain":0,"max_hp_loss":0,"event_name":"Drug Dealer","floor":20,"gold_loss":0,"cards_obtained":["Evolve","Limit Break"]},{"damage_healed":0,"gold_gain":0,"player_choice":"Opened","damage_taken":0,"relics_obtained":["War Paint"],"max_hp_gain":0,"max_hp_loss":0,"event_name":"The Mausoleum","floor":21,"gold_loss":0},{"cards_removed":["Cleave"],"damage_healed":0,"gold_gain":0,"player_choice":"Gave Card","damage_taken":0,"relics_obtained":["Self Forming Clay"],"max_hp_gain":0,"max_hp_loss":0,"event_name":"WeMeetAgain","floor":24,"gold_loss":0},{"damage_healed":0,"gold_gain":0,"player_choice":"Gave Idol","damage_taken":0,"relics_obtained":["Bloody Idol"],"max_hp_gain":0,"max_hp_loss":0,"event_name":"Forgotten Altar","floor":31,"relics_lost":["Golden Idol"],"gold_loss":0},{"cards_removed":["Feed"],"damage_healed":0,"gold_gain":0,"player_choice":"Removed Attack","damage_taken":0,"max_hp_gain":0,"max_hp_loss":0,"event_name":"Falling","floor":36,"gold_loss":0},{"damage_healed":0,"gold_gain":0,"player_choice":"Ignored","damage_taken":0,"max_hp_gain":0,"max_hp_loss":0,"event_name":"Mysterious Sphere","floor":38,"gold_loss":0},{"damage_healed":0,"gold_gain":0,"player_choice":"Took Portal","damage_taken":0,"max_hp_gain":0,"max_hp_loss":0,"event_name":"SecretPortal","floor":42,"gold_loss":0}],"is_beta":false,"boss_relics":[{"not_picked":["Pandora\u0027s Box","Busted Crown"],"picked":"Velvet Choker"},{"not_picked":["Coffee Dripper","Calling Bell"],"picked":"Philosopher\u0027s Stone"}],"items_purged_floors":[11,30],"is_endless":false,"potions_floor_spawned":[6,8,10,12,18,19,27,35,41],"killed_by":"Time Eater","ascension_level":11}