{"gold_per_floor":[109,384,403,413,413,439,439,472,472,536,556,27,57,77,77,174,174,185,197,210,210,210],"floor_reached":22,"playtime":2014,"items_purged":["Regret"],"score":306,"play_id":"48c66306-fa49-4bda-9c64-5e8d97977e90","local_time":"20181227025046","is_ascension_mode":true,"campfire_choices":[{"data":"Dash","floor":7,"key":"SMITH"},{"data":"Blur","floor":15,"key":"SMITH"}],"neow_cost":"NONE","seed_source_timestamp":552977998226292,"circlet_count":0,"master_deck":["Defend_G","Defend_G","Defend_G","Defend_G","Strike_G","Strike_G","Strike_G","Strike_G","Survivor","Neutralize","Sucker Punch","Bouncing Flask","Dash+1","Poisoned Stab","Bouncing Flask","Dodge and Roll","Blur+1","Chrysalis","Cloak And Dagger","Blade Dance","Corpse Explosion","Concentrate+1","Escape Plan+1","Writhe","Tactician","Acrobatics","Backstab+1"],"relics":["Ring of the Snake","NeowsBlessing","Centennial Puzzle","Meat on the Bone","Oddly Smooth Stone","Pen Nib","Tiny Chest","Bronze Scales","Juzu Bracelet","Astrolabe"],"potions_floor_usage":[10,11,13,13,14,16,18],"damage_taken":[{"damage":0,"enemies":"2 Louse","floor":1,"turns":1},{"damage":0,"enemies":"Cultist","floor":3,"turns":1},{"damage":0,"enemies":"Jaw Worm","floor":4,"turns":1},{"damage":30,"enemies":"Lagavulin","floor":6,"turns":6},{"damage":13,"enemies":"Gremlin Nob","floor":8,"turns":4},{"damage":36,"enemies":"3 Sentries","floor":10,"turns":9},{"damage":4,"enemies":"Looter","floor":11,"turns":2},{"damage":2,"enemies":"Lagavulin","floor":13,"turns":5},{"damage":2,"enemies":"3 Louse","floor":14,"turns":2},{"damage":6,"enemies":"Slime Boss","floor":16,"turns":9},{"damage":1,"enemies":"Shell Parasite","floor":18,"turns":4},{"damage":18,"enemies":"2 Thieves","floor":19,"turns":5},{"damage":14,"enemies":"Centurion and Healer","floor":20,"turns":6},{"damage":24,"enemies":"Snecko","floor":22,"turns":6}],"seed_played":"-4260847570856398101","potions_obtained":[{"floor":6,"key":"Strength Potion"},{"floor":10,"key":"SteroidPotion"},{"floor":11,"key":"Block Potion"},{"floor":14,"key":"SteroidPotion"},{"floor":16,"key":"SkillPotion"},{"floor":19,"key":"SpeedPotion"}],"is_trial":false,"path_per_floor":["M","?","M","M","?","E","R","E","T","E","M","$","E","M","R","B",null,"M","M","M","?","M"],"character_chosen":"THE_SILENT","items_purchased":["Bronze Scales","Chrysalis","Regen Potion","PowerPotion"],"campfire_rested":0,"item_purchase_floors":[12,12,12,12],"current_hp_per_floor":[70,70,70,70,70,40,40,39,39,15,23,23,47,45,45,39,70,69,51,37,24,0],"gold":210,"neow_bonus":"THREE_ENEMY_KILL","is_prod":false,"is_daily":false,"chose_seed":false,"campfire_upgraded":2,"win_rate":0,"timestamp":1545897046,"path_taken":["M","?","M","?","?","E","R","E","T","E","M","$","E","M","R","BOSS","M","M","M","?","M"],"build_version":"2018-12-20","purchased_purges":1,"victory":false,"max_hp_per_floor":[70,70,70,70,70,70,70,70,70,70,70,70,70,70,70,70,70,70,70,70,75,75],"card_choices":[{"not_picked":["PiercingWail","Crippling Poison"],"picked":"Sucker Punch","floor":1},{"not_picked":["Riddle With Holes","Blade Dance"],"picked":"Bouncing Flask","floor":3},{"not_picked":["Backflip","Acrobatics"],"picked":"Dash","floor":4},{"not_picked":["Doppelganger","Dagger Spray"],"picked":"Poisoned Stab","floor":6},{"not_picked":["Blade Dance","Catalyst"],"picked":"Bouncing Flask","floor":8},{"not_picked":["Dagger Spray","Expertise"],"picked":"Dodge and Roll","floor":10},{"not_picked":["Prepared","Night Terror"],"picked":"Blur","floor":11},{"not_picked":["Night Terror","Dodge and Roll"],"picked":"Cloak And Dagger","floor":13},{"not_picked":["Outmaneuver","Masterful Stab"],"picked":"Blade Dance","floor":14},{"not_picked":["A Thousand Cuts","Malaise"],"picked":"Corpse Explosion","floor":16},{"not_picked":["Flying Knee","Heel Hook+1"],"picked":"Tactician","floor":18},{"not_picked":["Skewer","Outmaneuver"],"picked":"Acrobatics","floor":19},{"not_picked":["Bane","Leg Sweep+1"],"picked":"Backstab+1","floor":20}],"player_experience":202963,"relics_obtained":[{"floor":6,"key":"Meat on the Bone"},{"floor":8,"key":"Oddly Smooth Stone"},{"floor":9,"key":"Pen Nib"},{"floor":10,"key":"Tiny Chest"},{"floor":13,"key":"Juzu Bracelet"}],"event_choices":[{"damage_healed":0,"gold_gain":275,"player_choice":"Desecrate","damage_taken":0,"max_hp_gain":0,"max_hp_loss":0,"event_name":"Golden Shrine","floor":2,"gold_loss":0,"cards_obtained":["Regret"]},{"damage_healed":0,"gold_gain":0,"player_choice":"Box","damage_taken":0,"relics_obtained":["Centennial Puzzle"],"max_hp_gain":0,"max_hp_loss":0,"event_name":"Big Fish","floor":5,"gold_loss":0,"cards_obtained":["Regret"]},{"damage_healed":0,"gold_gain":0,"player_choice":"Shed Blood","damage_taken":18,"max_hp_gain":5,"max_hp_loss":0,"event_name":"Forgotten Altar","floor":21,"gold_loss":0}],"is_beta":false,"boss_relics":[{"not_picked":["Snecko Eye","Sozu"],"picked":"Astrolabe"}],"items_purged_floors":[12],"is_endless":false,"potions_floor_spawned":[6,10,11,14,16,19],"killed_by":"Snecko","ascension_level":1}