{"gold_per_floor":[116,134,148,163,173,173,203,216,242,273,273,302,317,331,331,430,430,468,487,507,523,523],"floor_reached":22,"playtime":2608,"items_purged":[],"score":225,"play_id":"acb359f5-7b63-429b-b975-ac76586fe302","local_time":"20181226020723","is_ascension_mode":true,"campfire_choices":[{"data":"Footwork","floor":6,"key":"SMITH"},{"floor":11,"key":"REST"},{"floor":15,"key":"REST"}],"neow_cost":"PERCENT_DAMAGE","seed_source_timestamp":463374351211473,"circlet_count":0,"master_deck":["Defend_G","Defend_G","Defend_G","Defend_G","Defend_G","Strike_G","Strike_G","Strike_G","Strike_G","Strike_G","Survivor","Neutralize","Magnetism","Enlightenment","Sucker Punch","Sucker Punch","Calculated Gamble","Predator","Footwork+1","Wraith Form v2","Backflip","Crippling Poison","PiercingWail","Sucker Punch+1","Infinite Blades","Corpse Explosion","Doubt","Decay","Doubt","Poisoned Stab+1","Flying Knee+1","Dagger Throw+1","Cloak And Dagger"],"relics":["Ring of the Snake","Singing Bowl","PreservedInsect","Molten Egg 2","Strawberry","Calling Bell","Happy Flower","Paper Crane","Incense Burner"],"potions_floor_usage":[7,10,14,16,16,16,19,21],"damage_taken":[{"damage":0,"enemies":"Cultist","floor":1,"turns":4},{"damage":2,"enemies":"2 Louse","floor":2,"turns":4},{"damage":0,"enemies":"Jaw Worm","floor":3,"turns":5},{"damage":2,"enemies":"Looter","floor":4,"turns":5},{"damage":2,"enemies":"2 Fungi Beasts","floor":5,"turns":4},{"damage":14,"enemies":"Gremlin Nob","floor":7,"turns":4},{"damage":2,"enemies":"Large Slime","floor":8,"turns":7},{"damage":14,"enemies":"Lagavulin","floor":10,"turns":6},{"damage":5,"enemies":"Gremlin Nob","floor":12,"turns":5},{"damage":0,"enemies":"3 Louse","floor":13,"turns":3},{"damage":7,"enemies":"Exordium Thugs","floor":14,"turns":9},{"damage":28,"enemies":"The Guardian","floor":16,"turns":11},{"damage":18,"enemies":"Shell Parasite","floor":18,"turns":10},{"damage":8,"enemies":"3 Byrds","floor":19,"turns":7},{"damage":14,"enemies":"Snake Plant","floor":20,"turns":6},{"damage":20,"enemies":"Centurion and Healer","floor":21,"turns":7},{"damage":18,"enemies":"Sentry and Sphere","floor":22,"turns":3}],"seed_played":"1188091481995732633","potions_obtained":[{"floor":4,"key":"SteroidPotion"},{"floor":5,"key":"Dexterity Potion"},{"floor":7,"key":"Energy Potion"},{"floor":12,"key":"Dexterity Potion"},{"floor":13,"key":"Strength Potion"},{"floor":14,"key":"Block Potion"},{"floor":18,"key":"GhostInAJar"},{"floor":20,"key":"SpeedPotion"},{"floor":21,"key":"SteroidPotion"}],"is_trial":false,"path_per_floor":["M","M","M","M","M","R","E","M","T","E","R","E","M","M","R","B",null,"M","M","M","M","M"],"character_chosen":"THE_SILENT","items_purchased":[],"campfire_rested":2,"item_purchase_floors":[],"current_hp_per_floor":[49,47,47,45,43,43,29,27,27,13,34,36,36,29,52,24,77,59,51,37,17,0],"gold":523,"neow_bonus":"RANDOM_COLORLESS_2","is_prod":false,"is_daily":false,"chose_seed":false,"campfire_upgraded":1,"win_rate":0,"timestamp":1545808043,"path_taken":["M","M","M","M","M","R","E","M","T","E","R","E","M","M","R","BOSS","M","M","M","M","?"],"build_version":"2018-12-20","purchased_purges":0,"victory":false,"max_hp_per_floor":[70,70,70,70,70,70,70,70,70,70,70,77,77,77,77,77,77,77,77,77,77,77],"card_choices":[{"not_picked":["Masterful Stab","Accuracy"],"picked":"Sucker Punch","floor":1},{"not_picked":["Caltrops","Quick Slash"],"picked":"Sucker Punch","floor":2},{"not_picked":["Outmaneuver","Riddle With Holes"],"picked":"Calculated Gamble","floor":3},{"not_picked":["Escape Plan","Backflip"],"picked":"Predator","floor":4},{"not_picked":["Expertise","Skewer"],"picked":"Footwork","floor":5},{"not_picked":["Riddle With Holes","Blade Dance"],"picked":"Wraith Form v2","floor":7},{"not_picked":["Choke","Accuracy"],"picked":"Backflip","floor":8},{"not_picked":["Dodge and Roll","Finisher"],"picked":"Crippling Poison","floor":10},{"not_picked":["Expertise","Masterful Stab+1"],"picked":"PiercingWail","floor":12},{"not_picked":["Choke+1","Bane+1"],"picked":"Sucker Punch+1","floor":13},{"not_picked":["Prepared","Endless Agony+1"],"picked":"Infinite Blades","floor":14},{"not_picked":["Adrenaline","Night Terror"],"picked":"Corpse Explosion","floor":16},{"not_picked":["PiercingWail+1","Deadly Poison"],"picked":"Poisoned Stab+1","floor":18},{"not_picked":["Distraction","Sucker Punch+1"],"picked":"Flying Knee+1","floor":19},{"not_picked":["Deadly Poison","Bane+1"],"picked":"Dagger Throw+1","floor":20},{"not_picked":["Doppelganger","Leg Sweep"],"picked":"Cloak And Dagger","floor":21}],"player_experience":157324,"relics_obtained":[{"floor":7,"key":"Singing Bowl"},{"floor":9,"key":"PreservedInsect"},{"floor":10,"key":"Molten Egg 2"},{"floor":12,"key":"Strawberry"},{"floor":17,"key":"Happy Flower"},{"floor":17,"key":"Paper Crane"},{"floor":17,"key":"Incense Burner"}],"event_choices":[],"is_beta":false,"boss_relics":[{"not_picked":["Sozu","Runic Pyramid"],"picked":"Calling Bell"}],"items_purged_floors":[],"is_endless":false,"potions_floor_spawned":[4,5,7,12,13,14,18,20,21],"killed_by":"Sentry and Sphere","ascension_level":1}