{"gold_per_floor":[110,13,30,30,40,69,69,103,128,157,177,177,177,188,188,289,289,304,19,38,12,25,51,51,64,114,14,26,26,51,51],"floor_reached":31,"playtime":2306,"items_purged":["Strike_G","Strike_G"],"score":464,"play_id":"78216282-2db0-4a4c-9707-59d0ea7c9814","local_time":"20190928205213","is_ascension_mode":true,"campfire_choices":[{"floor":7,"key":"REST"},{"floor":12,"key":"REST"},{"data":"Distraction","floor":15,"key":"SMITH"}],"neow_cost":"PERCENT_DAMAGE","seed_source_timestamp":958696688762700,"circlet_count":0,"master_deck":["Strike_G","Strike_G","Defend_G","Defend_G","Defend_G","Defend_G","Survivor","Neutralize","Well Laid Plans","Dagger Throw","Crippling Poison","Neutralize","Endless Agony","Dagger Throw","Well Laid Plans","Dagger Throw","Deflect","Distraction+1","Bullet Time+1","Well Laid Plans","Infinite Blades","Panache","PiercingWail","PiercingWail","Prepared+1","Quick Slash+1","Infinite Blades","RitualDagger+1","Noxious Fumes","Dash+1"],"relics":["Ring of the Snake","Bag of Preparation","Pen Nib","Strawberry","Centennial Puzzle","Molten Egg 2","Fusion Hammer","Orichalcum","MutagenicStrength","War Paint"],"potions_floor_usage":[6,8,10,16,16,28,30],"damage_taken":[{"damage":0,"enemies":"Cultist","floor":1,"turns":4},{"damage":0,"enemies":"2 Louse","floor":3,"turns":2},{"damage":0,"enemies":"Jaw Worm","floor":5,"turns":3},{"damage":11,"enemies":"3 Sentries","floor":6,"turns":10},{"damage":12,"enemies":"Gremlin Nob","floor":8,"turns":4},{"damage":24,"enemies":"3 Sentries","floor":10,"turns":7},{"damage":1,"enemies":"2 Fungi Beasts","floor":11,"turns":2},{"damage":0,"enemies":"Looter","floor":14,"turns":2},{"damage":35,"enemies":"Slime Boss","floor":16,"turns":12},{"damage":0,"enemies":"3 Byrds","floor":18,"turns":6},{"damage":2,"enemies":"Shell Parasite","floor":20,"turns":4},{"damage":6,"enemies":"3 Cultists","floor":22,"turns":5},{"damage":44,"enemies":"Gremlin Leader","floor":23,"turns":6},{"damage":1,"enemies":"Snake Plant","floor":25,"turns":4},{"damage":0,"enemies":"Shelled Parasite and Fungi","floor":28,"turns":4},{"damage":0,"enemies":"Book of Stabbing","floor":30,"turns":5},{"damage":10,"enemies":"Cultist and Chosen","floor":31,"turns":5}],"seed_played":"4611756456597008269","potions_obtained":[{"floor":1,"key":"Block Potion"},{"floor":3,"key":"PowerPotion"},{"floor":8,"key":"LiquidBronze"},{"floor":10,"key":"SteroidPotion"},{"floor":14,"key":"Strength Potion"},{"floor":22,"key":"SpeedPotion"},{"floor":23,"key":"GhostInAJar"},{"floor":28,"key":"GhostInAJar"}],"is_trial":false,"path_per_floor":["M","$","M","?","M","E","R","E","T","E","M","R","T","M","R","B",null,"M","$","M","$","M","E","?","M","T","$","M","?","E","M"],"character_chosen":"THE_SILENT","items_purchased":["Dagger Throw","Infinite Blades","Panache","PiercingWail","Prepared"],"campfire_rested":2,"item_purchase_floors":[2,19,19,19,21],"current_hp_per_floor":[45,45,45,45,45,34,55,43,50,26,25,48,48,48,48,13,61,61,61,59,59,53,9,3,2,2,2,2,2,2,0],"gold":51,"neow_bonus":"REMOVE_TWO","is_prod":false,"is_daily":false,"chose_seed":false,"campfire_upgraded":1,"win_rate":0,"timestamp":1569718333,"path_taken":["M","$","M","?","?","E","R","E","T","E","M","R","?","M","R","BOSS","M","?","M","$","M","E","?","M","T","$","?","?","E","M"],"build_version":"2019-07-17","purchased_purges":2,"victory":false,"max_hp_per_floor":[70,70,70,70,70,70,70,70,77,77,77,77,77,77,77,77,77,77,77,77,77,77,77,77,77,77,77,77,77,77,77],"card_choices":[{"not_picked":["Blur","Blade Dance"],"picked":"Well Laid Plans","floor":1},{"not_picked":["Concentrate","Slice"],"picked":"Crippling Poison","floor":3},{"not_picked":["Poisoned Stab","Tactician"],"picked":"Endless Agony","floor":5},{"not_picked":["Bouncing Flask","Slice"],"picked":"Dagger Throw","floor":6},{"not_picked":["Quick Slash","Acrobatics"],"picked":"Well Laid Plans","floor":8},{"not_picked":["Blur","Sucker Punch"],"picked":"Dagger Throw","floor":10},{"not_picked":["Quick Slash","Dodge and Roll"],"picked":"Deflect","floor":11},{"not_picked":["Bane+1","Outmaneuver"],"picked":"Distraction","floor":14},{"not_picked":["Wraith Form v2","Envenom"],"picked":"Bullet Time","floor":16},{"not_picked":["Quick Slash+1","Dodge and Roll"],"picked":"Well Laid Plans","floor":18},{"not_picked":["Crippling Poison","Deflect"],"picked":"PiercingWail","floor":20},{"not_picked":["Dodge and Roll","Bouncing Flask"],"picked":"Quick Slash+1","floor":22},{"not_picked":["Sucker Punch+1","Heel Hook+1"],"picked":"Infinite Blades","floor":23},{"not_picked":["Flying Knee+1","Sucker Punch+1"],"picked":"Noxious Fumes","floor":25},{"not_picked":["Poisoned Stab+1","Masterful Stab+1","Deadly Poison+1"],"picked":"SKIP","floor":28},{"not_picked":["Prepared","Tools of the Trade"],"picked":"Dash+1","floor":30}],"player_experience":727004,"relics_obtained":[{"floor":6,"key":"Bag of Preparation"},{"floor":8,"key":"Pen Nib"},{"floor":9,"key":"Strawberry"},{"floor":10,"key":"Centennial Puzzle"},{"floor":13,"key":"Molten Egg 2"},{"floor":23,"key":"Orichalcum"},{"floor":30,"key":"War Paint"}],"event_choices":[{"damage_healed":0,"gold_gain":0,"player_choice":"1 cards matched","damage_taken":0,"max_hp_gain":0,"max_hp_loss":0,"event_name":"Match and Keep!","floor":4,"gold_loss":0,"cards_obtained":["Neutralize"]},{"damage_healed":0,"gold_gain":0,"player_choice":"Joined the Cult","damage_taken":6,"max_hp_gain":0,"max_hp_loss":0,"event_name":"Nest","floor":24,"gold_loss":0,"cards_obtained":["RitualDagger"]},{"damage_healed":0,"gold_gain":0,"player_choice":"Inject Mutagens","damage_taken":0,"relics_obtained":["MutagenicStrength"],"max_hp_gain":0,"max_hp_loss":0,"event_name":"Drug Dealer","floor":29,"gold_loss":0}],"is_beta":false,"boss_relics":[{"not_picked":["HoveringKite","Calling Bell"],"picked":"Fusion Hammer"}],"items_purged_floors":[2,27],"is_endless":false,"potions_floor_spawned":[1,3,8,10,14,22,23,28],"killed_by":"Cultist and Chosen","ascension_level":9}