{"gold_per_floor":[119,135,151,165,176,202,202,237,237,254,254,101,159,187,187,283,283,297,297,312,0,15,27,27],"floor_reached":24,"playtime":1947,"items_purged":["Defend_R"],"score":253,"play_id":"ba4f5495-80d3-4b81-b6bd-4ac9723c24a7","local_time":"20181227204249","is_ascension_mode":true,"campfire_choices":[{"data":"Iron Wave","floor":7,"key":"SMITH"},{"floor":15,"key":"REST"}],"neow_cost":"NONE","seed_source_timestamp":617366740117365,"circlet_count":0,"master_deck":["Strike_R","Defend_R","Defend_R","Defend_R","Bash","Rampage+1","Shockwave","Battle Trance","Iron Wave+1","Warcry","Thunderclap","Cleave+1","Pommel Strike","Cleave","Seeing Red","Juggernaut","Clothesline","Combust+1","Rampage+1","Shrug It Off+1"],"relics":["Burning Blood","NeowsBlessing","Strawberry","Orichalcum","Happy Flower","Whetstone","Dodecahedron","Empty Cage","Membership Card","Toxic Egg 2"],"potions_floor_usage":[5,6,6,10,13,13,18,24],"damage_taken":[{"damage":0,"enemies":"Cultist","floor":1,"turns":1},{"damage":0,"enemies":"Jaw Worm","floor":2,"turns":1},{"damage":0,"enemies":"2 Louse","floor":3,"turns":1},{"damage":6,"enemies":"Looter","floor":4,"turns":3},{"damage":0,"enemies":"Gremlin Gang","floor":5,"turns":4},{"damage":26,"enemies":"Lagavulin","floor":6,"turns":6},{"damage":20,"enemies":"Gremlin Nob","floor":8,"turns":4},{"damage":4,"enemies":"Red Slaver","floor":10,"turns":4},{"damage":29,"enemies":"Lagavulin Event","floor":13,"turns":6},{"damage":8,"enemies":"3 Sentries","floor":14,"turns":3},{"damage":51,"enemies":"The Guardian","floor":16,"turns":8},{"damage":19,"enemies":"Shell Parasite","floor":18,"turns":5},{"damage":1,"enemies":"Chosen","floor":20,"turns":4},{"damage":51,"enemies":"Snake Plant","floor":22,"turns":5},{"damage":18,"enemies":"3 Cultists","floor":23,"turns":4},{"damage":27,"enemies":"Book of Stabbing","floor":24,"turns":3}],"seed_played":"-5763138583110763930","potions_obtained":[{"floor":2,"key":"Energy Potion"},{"floor":3,"key":"Fire Potion"},{"floor":5,"key":"SpeedPotion"},{"floor":6,"key":"GamblersBrew"},{"floor":8,"key":"SpeedPotion"},{"floor":16,"key":"Swift Potion"},{"floor":23,"key":"GamblersBrew"}],"is_trial":false,"path_per_floor":["M","M","M","M","M","E","R","E","T","M","?","$","?","E","R","B",null,"M","?","M","$","M","M","E"],"character_chosen":"IRONCLAD","items_purchased":["Regen Potion","Membership Card","Toxic Egg 2"],"campfire_rested":1,"item_purchase_floors":[12,21,21],"current_hp_per_floor":[80,80,80,80,80,67,67,53,53,55,48,48,40,38,64,19,87,74,74,79,79,34,22,0],"gold":27,"neow_bonus":"THREE_ENEMY_KILL","is_prod":false,"is_daily":false,"chose_seed":false,"campfire_upgraded":1,"win_rate":0,"timestamp":1545961369,"path_taken":["M","?","M","M","M","E","R","E","T","M","?","$","?","E","R","BOSS","M","?","M","$","?","M","E"],"build_version":"2018-12-20","purchased_purges":1,"victory":false,"max_hp_per_floor":[80,80,80,80,80,87,87,87,87,87,87,87,87,87,87,87,87,87,87,87,87,87,87,87],"card_choices":[{"not_picked":["Twin Strike","Bloodletting"],"picked":"Rampage","floor":1},{"not_picked":["Warcry","Anger"],"picked":"Shockwave","floor":2},{"not_picked":["Sentinel","Hemokinesis"],"picked":"Battle Trance","floor":3},{"not_picked":["Cleave","Body Slam"],"picked":"Iron Wave","floor":4},{"not_picked":["Sever Soul","Sentinel"],"picked":"Warcry","floor":5},{"not_picked":["Twin Strike","Power Through"],"picked":"Thunderclap","floor":6},{"not_picked":["Shrug It Off","Twin Strike"],"picked":"Cleave","floor":8},{"not_picked":["Clothesline","Warcry"],"picked":"Pommel Strike","floor":10},{"not_picked":["Evolve","Heavy Blade"],"picked":"Cleave","floor":13},{"not_picked":["Corruption","Flex"],"picked":"Seeing Red","floor":14},{"not_picked":["Exhume","Bludgeon"],"picked":"Juggernaut","floor":16},{"not_picked":["Inflame","Perfected Strike"],"picked":"Clothesline","floor":18},{"not_picked":["Pummel+1","Pommel Strike"],"picked":"Combust+1","floor":20},{"not_picked":["Sentinel+1","Clothesline"],"picked":"Rampage+1","floor":22},{"not_picked":["Entrench+1","Clash"],"picked":"Shrug It Off+1","floor":23}],"player_experience":219412,"relics_obtained":[{"floor":6,"key":"Strawberry"},{"floor":8,"key":"Orichalcum"},{"floor":9,"key":"Happy Flower"},{"floor":13,"key":"Whetstone"},{"floor":14,"key":"Dodecahedron"}],"event_choices":[{"cards_removed":["Strike_R"],"damage_healed":0,"gold_gain":0,"player_choice":"Card Removal","damage_taken":7,"max_hp_gain":0,"max_hp_loss":0,"event_name":"Golden Wing","floor":11,"gold_loss":0},{"damage_healed":0,"gold_gain":0,"player_choice":"Searched \u00272\u0027 times","damage_taken":0,"max_hp_gain":0,"max_hp_loss":0,"event_name":"Dead Adventurer","floor":13,"gold_loss":0},{"cards_removed":["Strike_R"],"damage_healed":0,"gold_gain":0,"player_choice":"Purged","damage_taken":0,"max_hp_gain":0,"max_hp_loss":0,"event_name":"Purifier","floor":19,"gold_loss":0}],"is_beta":false,"boss_relics":[{"not_picked":["Fusion Hammer","Runic Dome"],"picked":"Empty Cage"}],"items_purged_floors":[12],"is_endless":false,"potions_floor_spawned":[2,3,5,6,8,16,23],"killed_by":"Book of Stabbing","ascension_level":3}