{"gold_per_floor":[111,129,129,142,92,133,111,130,130,7,48,48,66,66,66,192,192,207,207,12,25,150,150,150],"floor_reached":24,"playtime":1775,"items_purged":[],"score":295,"play_id":"aa4f66c2-4d29-49fe-9361-d951a2a67841","local_time":"20190114020329","is_ascension_mode":true,"campfire_choices":[{"data":"Adrenaline","floor":12,"key":"SMITH"},{"data":"Noxious Fumes","floor":15,"key":"SMITH"},{"data":"Leg Sweep","floor":23,"key":"SMITH"}],"neow_cost":"NONE","seed_source_timestamp":458990272997924,"circlet_count":0,"master_deck":["Defend_G","Defend_G","Defend_G","Defend_G","Defend_G","Strike_G","Strike_G","Strike_G","Strike_G","Strike_G","Survivor","Neutralize","Infinite Blades","Blur","Noxious Fumes+1","Blur","Leg Sweep+1","Backflip","Well Laid Plans","Adrenaline+1","Quick Slash+1","Tools of the Trade","Cloak And Dagger","Writhe","Dash+1","Cloak And Dagger"],"relics":["Coffee Dripper","Golden Idol","Pantograph","Molten Egg 2","Bird Faced Urn","Ornamental Fan","Runic Pyramid","Happy Flower","TwistedFunnel","WingedGreaves","Meat on the Bone"],"potions_floor_usage":[6,6,11,13,22,24],"damage_taken":[{"damage":0,"enemies":"2 Louse","floor":1,"turns":3},{"damage":0,"enemies":"Jaw Worm","floor":2,"turns":4},{"damage":0,"enemies":"Small Slimes","floor":4,"turns":5},{"damage":3,"enemies":"Lagavulin","floor":6,"turns":8},{"damage":8,"enemies":"Exordium Thugs","floor":7,"turns":6},{"damage":0,"enemies":"2 Fungi Beasts","floor":8,"turns":5},{"damage":0,"enemies":"3 Sentries","floor":11,"turns":7},{"damage":0,"enemies":"3 Louse","floor":13,"turns":5},{"damage":0,"enemies":"Slime Boss","floor":16,"turns":11},{"damage":0,"enemies":"Shell Parasite","floor":18,"turns":7},{"damage":10,"enemies":"Chosen","floor":21,"turns":5},{"damage":3,"enemies":"Colosseum Slavers","floor":22,"turns":6},{"damage":71,"enemies":"Colosseum Nobs","floor":22,"turns":7},{"damage":9,"enemies":"Slavers","floor":24,"turns":1}],"seed_played":"1831080035035734197","potions_obtained":[{"floor":1,"key":"GamblersBrew"},{"floor":2,"key":"PowerPotion"},{"floor":6,"key":"Energy Potion"},{"floor":11,"key":"LiquidBronze"},{"floor":13,"key":"SpeedPotion"},{"floor":22,"key":"SkillPotion"}],"is_trial":false,"path_per_floor":["M","M","?","M","?","E","M","M","T","$","E","R","M","?","R","B",null,"M","?","$","M","?","R","E"],"character_chosen":"THE_SILENT","items_purchased":["Well Laid Plans","PowerPotion","TwistedFunnel"],"campfire_rested":0,"item_purchase_floors":[10,10,20],"current_hp_per_floor":[70,70,70,70,70,67,59,59,59,59,59,59,65,65,65,70,70,70,70,70,64,3,3,0],"gold":150,"neow_bonus":"BOSS_RELIC","is_prod":false,"is_daily":false,"chose_seed":false,"campfire_upgraded":3,"win_rate":0,"timestamp":1547449409,"path_taken":["M","M","?","M","?","E","M","M","T","?","E","R","M","?","R","BOSS","M","?","$","M","?","R","E"],"build_version":"2019-01-10","purchased_purges":0,"victory":false,"max_hp_per_floor":[70,70,70,70,70,70,70,70,70,70,70,70,70,70,70,70,70,70,70,70,70,70,70,70],"card_choices":[{"not_picked":["Distraction","Prepared"],"picked":"Infinite Blades","floor":1},{"not_picked":["Sucker Punch","Expertise"],"picked":"Blur","floor":2},{"not_picked":["Blade Dance","Dagger Throw"],"picked":"Noxious Fumes","floor":4},{"not_picked":["Flechettes","Quick Slash"],"picked":"Blur","floor":6},{"not_picked":["Masterful Stab","Deadly Poison"],"picked":"Leg Sweep","floor":7},{"not_picked":["Escape Plan","Deflect"],"picked":"Backflip","floor":8},{"not_picked":["Concentrate","Outmaneuver"],"picked":"Adrenaline","floor":11},{"not_picked":["Flying Knee+1","Concentrate"],"picked":"Quick Slash+1","floor":13},{"not_picked":["Unload+1","Doppelganger"],"picked":"Tools of the Trade","floor":16},{"not_picked":["Riddle With Holes+1","Deadly Poison+1"],"picked":"Cloak And Dagger","floor":18},{"not_picked":["Deflect","Sucker Punch+1"],"picked":"Dash+1","floor":21},{"not_picked":["Masterful Stab+1","Slice+1"],"picked":"Cloak And Dagger","floor":22}],"player_experience":396232,"relics_obtained":[{"floor":6,"key":"Pantograph"},{"floor":9,"key":"Molten Egg 2"},{"floor":11,"key":"Bird Faced Urn"},{"floor":22,"key":"WingedGreaves"},{"floor":22,"key":"Meat on the Bone"}],"event_choices":[{"damage_healed":0,"gold_gain":0,"player_choice":"Take Wound","damage_taken":0,"relics_obtained":["Golden Idol"],"max_hp_gain":0,"max_hp_loss":0,"event_name":"Golden Idol","floor":3,"gold_loss":0,"cards_obtained":["Injury"]},{"cards_removed":["Injury"],"damage_healed":0,"gold_gain":0,"player_choice":"Card Removal","damage_taken":0,"max_hp_gain":0,"max_hp_loss":0,"event_name":"The Cleric","floor":5,"gold_loss":50},{"damage_healed":0,"gold_gain":0,"player_choice":"Gave Potion","damage_taken":0,"relics_obtained":["Ornamental Fan"],"max_hp_gain":0,"max_hp_loss":0,"event_name":"WeMeetAgain","floor":14,"gold_loss":0},{"damage_healed":0,"gold_gain":0,"player_choice":"Opened","damage_taken":0,"relics_obtained":["Happy Flower"],"max_hp_gain":0,"max_hp_loss":0,"event_name":"The Mausoleum","floor":19,"gold_loss":0,"cards_obtained":["Writhe"]},{"damage_healed":0,"gold_gain":0,"player_choice":"Fight","damage_taken":0,"max_hp_gain":0,"max_hp_loss":0,"event_name":"Colosseum","floor":22,"gold_loss":0},{"damage_healed":0,"gold_gain":0,"player_choice":"Fought Nobs","damage_taken":0,"max_hp_gain":0,"max_hp_loss":0,"event_name":"Colosseum","floor":22,"gold_loss":0}],"is_beta":false,"boss_relics":[{"not_picked":["Fusion Hammer","Empty Cage"],"picked":"Runic Pyramid"}],"items_purged_floors":[],"is_endless":false,"potions_floor_spawned":[1,2,6,11,13,22,22],"killed_by":"Slavers","ascension_level":1}