{"gold_per_floor":[112,112,122,122,137,167,167,187,187,212,212,224,224,224],"floor_reached":14,"playtime":1835,"items_purged":[],"score":100,"play_id":"5e9becef-aeb8-4a78-9256-0722a41304f3","local_time":"20181125192848","is_ascension_mode":false,"campfire_choices":[{"floor":7,"key":"RECALL"},{"data":"Storm","floor":11,"key":"SMITH"},{"data":"Zap","floor":13,"key":"SMITH"}],"neow_cost":"PERCENT_DAMAGE","seed_source_timestamp":345937250503086,"circlet_count":0,"master_deck":["Strike_B","Strike_B","Strike_B","Defend_B+1","Defend_B","Defend_B+1","Zap+1","Dualcast","Go for the Eyes","Self Repair","Storm+1","Redo","Capacitor","Redo","Lockon","Coolheaded"],"relics":["Cracked Core","Bag of Preparation","Blue Candle"],"potions_floor_usage":[6,6,6,6,14],"damage_taken":[{"damage":1,"enemies":"Cultist","floor":1,"turns":3},{"damage":0,"enemies":"Jaw Worm","floor":3,"turns":3},{"damage":0,"enemies":"2 Louse","floor":5,"turns":2},{"damage":34,"enemies":"3 Sentries","floor":6,"turns":12},{"damage":1,"enemies":"2 Fungi Beasts","floor":8,"turns":4},{"damage":20,"enemies":"Gremlin Nob","floor":10,"turns":4},{"damage":4,"enemies":"Large Slime","floor":12,"turns":3},{"damage":29,"enemies":"3 Sentries","floor":14,"turns":4}],"seed_played":"-2140527301136853557","potions_obtained":[{"floor":4,"key":"Ancient Potion"},{"floor":4,"key":"SneckoOil"},{"floor":4,"key":"EntropicBrew"},{"floor":5,"key":"Weak Potion"},{"floor":6,"key":"SteroidPotion"},{"floor":12,"key":"LiquidBronze"}],"is_trial":false,"path_per_floor":["M","?","M","?","M","E","R","M","T","E","R","M","R","E"],"character_chosen":"DEFECT","items_purchased":[],"campfire_rested":0,"item_purchase_floors":[],"current_hp_per_floor":[60,45,52,52,59,32,32,38,38,25,25,28,28,0],"gold":224,"neow_bonus":"TRANSFORM_TWO_CARDS","is_prod":false,"is_daily":false,"chose_seed":false,"campfire_upgraded":2,"win_rate":0,"timestamp":1543174128,"path_taken":["M","?","M","?","?","E","R","M","T","E","R","M","R","E"],"build_version":"2018-11-15","purchased_purges":0,"victory":false,"max_hp_per_floor":[75,75,75,75,75,75,75,75,75,75,75,75,75,75],"card_choices":[{"not_picked":["Sweeping Beam","Beam Cell"],"picked":"Storm","floor":1},{"not_picked":["Steam","Turbo"],"picked":"Redo","floor":3},{"not_picked":["Conserve Battery","Reprogram"],"picked":"Capacitor","floor":5},{"not_picked":["Gash","Sweeping Beam"],"picked":"Redo","floor":6},{"not_picked":["Steam Power","Scrape"],"picked":"Lockon","floor":8},{"not_picked":["Turbo","Rebound","Meteor Strike"],"picked":"SKIP","floor":10},{"not_picked":["Stack","Rebound"],"picked":"Coolheaded","floor":12}],"player_experience":128004,"relics_obtained":[{"floor":6,"key":"Bag of Preparation"},{"floor":10,"key":"Blue Candle"}],"event_choices":[{"damage_healed":0,"gold_gain":0,"player_choice":"Entered Light","damage_taken":15,"max_hp_gain":0,"max_hp_loss":0,"event_name":"Shining Light","floor":2,"gold_loss":0,"cards_upgraded":["Defend_B","Defend_B"]},{"damage_healed":0,"gold_gain":0,"player_choice":"Got Potions","damage_taken":0,"max_hp_gain":0,"max_hp_loss":0,"event_name":"Lab","floor":4,"gold_loss":0}],"is_beta":true,"boss_relics":[],"items_purged_floors":[],"is_endless":false,"potions_floor_spawned":[5,6,12],"killed_by":"3 Sentries","ascension_level":0}