{"gold_per_floor":[117,17,30,30,30,66,91,120,120,120,161,68,88,88,88,218,218,241,241,241,156,180,180],"floor_reached":23,"playtime":867,"items_purged":["Strike_B"],"score":355,"play_id":"ee936a04-d70c-4e3d-950b-88af2cc56477","local_time":"20191002172049","is_ascension_mode":true,"campfire_choices":[{"floor":10,"key":"REST"},{"floor":15,"key":"REST"}],"neow_cost":"NONE","seed_source_timestamp":1293055811613400,"circlet_count":0,"master_deck":["AscendersBane","Strike_B","Strike_B","Strike_B","Defend_B","Defend_B","Defend_B","Defend_B","Zap+1","Dualcast+1","Rebound","Ball Lightning","Buffer","Ball Lightning","Defragment","Scrape","Hologram","FTL","Hologram","Amplify","Cold Snap","RitualDagger","Conserve Battery"],"relics":["FrozenCore","NeowsBlessing","Golden Idol","Sundial","Odd Mushroom","Vajra","Dodecahedron","Art of War"],"potions_floor_usage":[8,16,22,23],"damage_taken":[{"damage":0,"enemies":"Cultist","floor":1,"turns":1},{"damage":0,"enemies":"2 Louse","floor":3,"turns":1},{"damage":0,"enemies":"Gremlin Nob","floor":6,"turns":1},{"damage":7,"enemies":"Small Slimes","floor":7,"turns":2},{"damage":10,"enemies":"The Mushroom Lair","floor":8,"turns":3},{"damage":30,"enemies":"3 Sentries","floor":11,"turns":5},{"damage":0,"enemies":"Blue Slaver","floor":13,"turns":1},{"damage":26,"enemies":"Hexaghost","floor":16,"turns":9},{"damage":5,"enemies":"Chosen","floor":18,"turns":4},{"damage":3,"enemies":"3 Byrds","floor":22,"turns":4},{"damage":78,"enemies":"Gremlin Leader","floor":23,"turns":6}],"seed_played":"-2195629711019257834","potions_obtained":[{"floor":3,"key":"SteroidPotion"},{"floor":8,"key":"FearPotion"},{"floor":11,"key":"Fire Potion"},{"floor":13,"key":"SkillPotion"},{"floor":18,"key":"AttackPotion"}],"is_trial":false,"path_per_floor":["M","$","M","?","?","E","M","?","T","R","E","$","M","T","R","B",null,"M","?","?","?","M","E"],"character_chosen":"DEFECT","items_purchased":["Ball Lightning","Hologram","FTL"],"campfire_rested":2,"item_purchase_floors":[2,12,12],"current_hp_per_floor":[68,68,68,53,35,35,28,18,18,40,10,10,10,10,32,6,58,53,47,72,72,69,0],"gold":180,"neow_bonus":"THREE_ENEMY_KILL","is_prod":false,"is_daily":false,"chose_seed":false,"campfire_upgraded":0,"win_rate":0,"timestamp":1570051249,"path_taken":["M","$","?","?","?","E","M","?","T","R","E","?","?","?","R","BOSS","M","?","?","?","?","E"],"build_version":"2019-07-17","purchased_purges":1,"victory":false,"max_hp_per_floor":[75,75,75,75,75,75,75,75,75,75,75,75,75,75,75,75,75,75,75,75,75,75,75],"card_choices":[{"not_picked":["Leap","Redo"],"picked":"Rebound","floor":1},{"not_picked":["Static Discharge","Streamline","Tempest"],"picked":"SKIP","floor":3},{"not_picked":["Auto Shields","Rebound"],"picked":"Buffer","floor":6},{"not_picked":["Double Energy","Steam"],"picked":"Ball Lightning","floor":7},{"not_picked":["Rebound","Undo"],"picked":"Defragment","floor":8},{"not_picked":["Doom and Gloom","Redo"],"picked":"Scrape","floor":11},{"not_picked":["Tempest","Streamline"],"picked":"Hologram","floor":13},{"not_picked":["Multi-Cast","Fission"],"picked":"Amplify","floor":16},{"not_picked":["Rebound","Streamline"],"picked":"Cold Snap","floor":18},{"not_picked":["Rebound","Scrape"],"picked":"Conserve Battery","floor":22}],"player_experience":772391,"relics_obtained":[{"floor":6,"key":"Sundial"},{"floor":8,"key":"Odd Mushroom"},{"floor":11,"key":"Vajra"},{"floor":14,"key":"Dodecahedron"}],"event_choices":[{"damage_healed":0,"gold_gain":0,"player_choice":"Entered Light","damage_taken":15,"max_hp_gain":0,"max_hp_loss":0,"event_name":"Shining Light","floor":4,"gold_loss":0,"cards_upgraded":["Zap","Dualcast"]},{"damage_healed":0,"gold_gain":0,"player_choice":"Take Damage","damage_taken":18,"relics_obtained":["Golden Idol"],"max_hp_gain":0,"max_hp_loss":0,"event_name":"Golden Idol","floor":5,"gold_loss":0},{"damage_healed":0,"gold_gain":0,"player_choice":"Fought Mushrooms","damage_taken":0,"max_hp_gain":0,"max_hp_loss":0,"event_name":"Mushrooms","floor":8,"gold_loss":0},{"damage_healed":0,"gold_gain":0,"player_choice":"Joined the Cult","damage_taken":6,"max_hp_gain":0,"max_hp_loss":0,"event_name":"Nest","floor":19,"gold_loss":0,"cards_obtained":["RitualDagger"]},{"damage_healed":25,"gold_gain":0,"player_choice":"Heal","damage_taken":0,"max_hp_gain":0,"max_hp_loss":0,"event_name":"The Library","floor":20,"gold_loss":0},{"damage_healed":0,"gold_gain":0,"player_choice":"Obtained Relic","damage_taken":0,"relics_obtained":["Art of War"],"max_hp_gain":0,"max_hp_loss":0,"event_name":"Addict","floor":21,"gold_loss":85}],"is_beta":false,"boss_relics":[{"not_picked":["Busted Crown","Ectoplasm"],"picked":"FrozenCore"}],"items_purged_floors":[2],"is_endless":false,"potions_floor_spawned":[3,8,11,13,18],"killed_by":"Gremlin Leader","ascension_level":12}