{"gold_per_floor":[114,114,124,135,135,164,164,199,224,29,29],"floor_reached":11,"playtime":402,"items_purged":[],"score":109,"play_id":"2d3922c3-37c2-44e1-a711-803271309a8a","local_time":"20190914143227","is_ascension_mode":true,"campfire_choices":[{"floor":7,"key":"REST"}],"neow_cost":"NONE","seed_source_timestamp":159776908629400,"circlet_count":0,"master_deck":["Strike_G","Strike_G+1","Strike_G","Strike_G","Strike_G","Defend_G","Defend_G","Defend_G","Defend_G","Defend_G","Survivor","Neutralize","Prepared+1","Deadly Poison","Dash","Dodge and Roll","Deflect","Mayhem"],"relics":["Ring of the Snake","Snake Skull","Orichalcum","Potion Belt","Ginger","Regal Pillow"],"potions_floor_usage":[3,4],"damage_taken":[{"damage":0,"enemies":"2 Louse","floor":1,"turns":4},{"damage":0,"enemies":"Small Slimes","floor":3,"turns":3},{"damage":2,"enemies":"Cultist","floor":4,"turns":4},{"damage":30,"enemies":"3 Sentries","floor":6,"turns":9},{"damage":19,"enemies":"Gremlin Nob","floor":8,"turns":5},{"damage":17,"enemies":"3 Sentries","floor":11,"turns":4}],"seed_played":"-4669924711560423253","potions_obtained":[{"floor":3,"key":"Fruit Juice"},{"floor":4,"key":"Fruit Juice"}],"is_trial":false,"path_per_floor":["M","?","M","M","?","E","R","E","T","$","E"],"character_chosen":"THE_SILENT","items_purchased":["Mayhem"],"campfire_rested":1,"item_purchase_floors":[10],"current_hp_per_floor":[63,49,54,57,39,9,33,14,14,14,0],"gold":29,"neow_bonus":"RANDOM_COMMON_RELIC","is_prod":false,"is_daily":false,"chose_seed":false,"campfire_upgraded":0,"win_rate":0,"timestamp":1568485947,"path_taken":["M","?","M","M","?","E","R","E","T","$","E"],"build_version":"2019-07-17","purchased_purges":0,"victory":false,"max_hp_per_floor":[70,70,75,80,80,80,80,80,80,80,80],"card_choices":[{"not_picked":["Underhanded Strike","Accuracy"],"picked":"Prepared","floor":1},{"not_picked":["Prepared","Quick Slash"],"picked":"Deadly Poison","floor":3},{"not_picked":["Deflect","Skewer"],"picked":"Dash","floor":4},{"not_picked":["Outmaneuver","Deadly Poison"],"picked":"Dodge and Roll","floor":6},{"not_picked":["Reflex","PiercingWail"],"picked":"Deflect","floor":8}],"player_experience":602636,"relics_obtained":[{"floor":6,"key":"Potion Belt"},{"floor":8,"key":"Ginger"},{"floor":9,"key":"Regal Pillow"}],"event_choices":[{"damage_healed":0,"gold_gain":0,"player_choice":"Entered Light","damage_taken":14,"max_hp_gain":0,"max_hp_loss":0,"event_name":"Shining Light","floor":2,"gold_loss":0,"cards_upgraded":["Strike_G","Prepared"]},{"damage_healed":0,"gold_gain":0,"player_choice":"Success","damage_taken":18,"relics_obtained":["Orichalcum"],"max_hp_gain":0,"max_hp_loss":0,"event_name":"Scrap Ooze","floor":5,"gold_loss":0}],"is_beta":false,"boss_relics":[],"items_purged_floors":[],"is_endless":false,"potions_floor_spawned":[3,4],"killed_by":"3 Sentries","ascension_level":7}