{"gold_per_floor":[13,32,47,59,73,101,101,101,175,53,53,83,94,112,112,213,213,229,229,229,18,30,61,61,81,81,91,5,104,104,104,104,209,259,273,273,373,386,386,420,439,469,469,481,494,507,521,27,27,27,27,27,27,57,57],"floor_reached":55,"playtime":3770,"items_purged":[],"score":1276,"play_id":"ff847c83-c142-4e94-857d-5ffc66e99539","local_time":"20190921190228","is_ascension_mode":true,"campfire_choices":[{"floor":7,"key":"REST"},{"floor":11,"key":"REST"},{"floor":15,"key":"REST"},{"floor":24,"key":"REST"},{"floor":30,"key":"REST"},{"floor":32,"key":"RECALL"},{"floor":49,"key":"REST"},{"floor":52,"key":"REST"}],"neow_cost":"NO_GOLD","seed_source_timestamp":345841846337800,"circlet_count":0,"master_deck":["Strike_B","Strike_B","Strike_B","Strike_B","Defend_B","Defend_B+1","Defend_B","Defend_B","Zap","Dualcast","Blind","Panacea+1","FTL","Conserve Battery","Loop","Defragment","Barrage","Ball Lightning","Defragment","Glacier","Storm","Leap+1","White Noise","Rainbow","Stack+1","Writhe","Necronomicurse","Static Discharge","Coolheaded","Ball Lightning+1","Coolheaded","Glacier","Capacitor","Defragment","Ghostly","Ghostly","Ghostly","Ghostly","Ghostly","Thunder Strike","Cold Snap","Double Energy+1","BootSequence+1","Cold Snap","Creative AI","Lockon","Cold Snap+1","Capacitor+1","Leap+1","Parasite","Redo+1","Conserve Battery+1","FTL","Go for the Eyes","Capacitor+1"],"relics":["Cracked Core","Cables","The Courier","Gambling Chip","Fusion Hammer","War Paint","Necronomicon","Toy Ornithopter","Art of War","Tiny House","Ice Cream","StoneCalendar","Turnip","Juzu Bracelet","Anchor","DataDisk","PreservedInsect","Ornamental Fan","Pear"],"potions_floor_usage":[6,12,12,16,23,25,41,47,50,50,55],"damage_taken":[{"damage":7,"enemies":"Jaw Worm","floor":1,"turns":3},{"damage":0,"enemies":"Cultist","floor":2,"turns":3},{"damage":0,"enemies":"Small Slimes","floor":3,"turns":3},{"damage":6,"enemies":"Looter","floor":4,"turns":4},{"damage":14,"enemies":"3 Louse","floor":5,"turns":4},{"damage":10,"enemies":"Lagavulin","floor":6,"turns":7},{"damage":12,"enemies":"Gremlin Nob","floor":12,"turns":3},{"damage":6,"enemies":"Blue Slaver","floor":13,"turns":3},{"damage":10,"enemies":"Exordium Thugs","floor":14,"turns":4},{"damage":7,"enemies":"The Guardian","floor":16,"turns":7},{"damage":19,"enemies":"Shell Parasite","floor":18,"turns":3},{"damage":0,"enemies":"Chosen","floor":22,"turns":4},{"damage":21,"enemies":"Slavers","floor":23,"turns":5},{"damage":14,"enemies":"Snake Plant","floor":25,"turns":5},{"damage":18,"enemies":"Snecko","floor":27,"turns":5},{"damage":0,"enemies":"Champ","floor":33,"turns":12},{"damage":33,"enemies":"3 Shapes","floor":35,"turns":8},{"damage":0,"enemies":"Mind Bloom Boss Battle","floor":37,"turns":9},{"damage":13,"enemies":"3 Darklings","floor":38,"turns":8},{"damage":0,"enemies":"Nemesis","floor":40,"turns":7},{"damage":6,"enemies":"Sphere and 2 Shapes","floor":41,"turns":5},{"damage":0,"enemies":"Giant Head","floor":42,"turns":8},{"damage":0,"enemies":"Maw","floor":44,"turns":7},{"damage":17,"enemies":"Jaw Worm Horde","floor":45,"turns":5},{"damage":5,"enemies":"Writhing Mass","floor":46,"turns":9},{"damage":0,"enemies":"Sphere and 2 Shapes","floor":47,"turns":7},{"damage":18,"enemies":"Donu and Deca","floor":50,"turns":12},{"damage":32,"enemies":"Shield and Spear","floor":54,"turns":8},{"damage":56,"enemies":"The Heart","floor":55,"turns":2}],"seed_played":"1971618536232287426","potions_obtained":[{"floor":2,"key":"PowerPotion"},{"floor":3,"key":"Energy Potion"},{"floor":4,"key":"Swift Potion"},{"floor":14,"key":"AttackPotion"},{"floor":16,"key":"Energy Potion"},{"floor":22,"key":"SteroidPotion"},{"floor":23,"key":"Weak Potion"},{"floor":27,"key":"Ancient Potion"},{"floor":34,"key":"FearPotion"},{"floor":35,"key":"FocusPotion"},{"floor":42,"key":"Dexterity Potion"},{"floor":45,"key":"Explosive Potion"},{"floor":54,"key":"Strength Potion"}],"is_trial":false,"path_per_floor":["M","M","M","M","M","E","R","?","T","$","R","E","M","M","R","B",null,"M","?","?","$","M","E","R","M","T","M","$","?","R","?","R","B",null,"M","?","?","M","T","E","M","E","T","M","M","M","M","$","R","B",null,"R","$","E","B"],"character_chosen":"DEFECT","items_purchased":["Defragment","Glacier","Toy Ornithopter","Static Discharge","Capacitor","Defragment","DataDisk","PreservedInsect","Ornamental Fan","FTL","Go for the Eyes"],"campfire_rested":7,"item_purchase_floors":[10,10,21,21,28,28,48,48,48,48,48],"current_hp_per_floor":[61,61,61,55,41,31,53,46,46,46,68,56,50,40,62,55,70,51,51,35,35,35,19,41,32,32,14,14,14,36,36,36,36,42,9,37,37,24,24,24,23,23,23,23,6,1,6,6,17,9,30,37,37,15,0],"gold":57,"neow_bonus":"RANDOM_COLORLESS_2","is_prod":false,"is_daily":false,"chose_seed":false,"campfire_upgraded":0,"win_rate":0,"timestamp":1569106948,"path_taken":["M","M","M","M","M","E","R","?","T","$","R","E","M","?","R","BOSS","M","?","?","$","M","E","R","M","T","M","$","?","R","?","R","BOSS","M","?","?","M","?","E","M","E","T","M","M","M","M","$","R","BOSS","R","$","E","BOSS"],"build_version":"2019-07-17","purchased_purges":0,"victory":false,"max_hp_per_floor":[75,75,75,75,75,75,75,75,75,75,75,75,75,75,75,75,75,75,75,75,75,75,75,75,75,75,75,75,75,75,37,37,37,42,42,37,37,37,37,37,37,37,37,37,37,37,37,37,37,37,37,37,37,47,47],"card_choices":[{"not_picked":["Compile Driver","Fusion"],"picked":"FTL","floor":1},{"not_picked":["Redo","Compile Driver"],"picked":"Conserve Battery","floor":2},{"not_picked":["Compile Driver","Reinforced Body"],"picked":"Loop","floor":3},{"not_picked":["Storm","Stack"],"picked":"Defragment","floor":4},{"not_picked":["Reprogram","Sunder"],"picked":"Barrage","floor":5},{"not_picked":["Redo","Multi-Cast"],"picked":"Ball Lightning","floor":6},{"not_picked":["Auto Shields","Sunder"],"picked":"Storm","floor":12},{"not_picked":["Rebound","Steam Power"],"picked":"Leap","floor":13},{"not_picked":["Rip and Tear","Turbo"],"picked":"White Noise","floor":14},{"not_picked":["Amplify","Meteor Strike"],"picked":"Rainbow","floor":16},{"not_picked":["Gash+1","Scrape"],"picked":"Stack+1","floor":18},{"not_picked":["Steam+1","Redo"],"picked":"Coolheaded","floor":22},{"not_picked":["Beam Cell","Turbo"],"picked":"Ball Lightning+1","floor":23},{"not_picked":["Barrage","Skim"],"picked":"Coolheaded","floor":25},{"not_picked":["Coolheaded+1","Chill"],"picked":"Glacier","floor":27},{"not_picked":["Amplify","Core Surge"],"picked":"Thunder Strike","floor":33},{"not_picked":["Barrage","Double Energy"],"picked":"Cold Snap","floor":34},{"not_picked":["Redo","Hello World+1"],"picked":"Double Energy+1","floor":35},{"not_picked":["Genetic Algorithm","Sunder"],"picked":"BootSequence+1","floor":37},{"not_picked":["Static Discharge","Aggregate"],"picked":"Cold Snap","floor":38},{"not_picked":["Sweeping Beam+1","Reinforced Body+1"],"picked":"Creative AI","floor":40},{"not_picked":["Rebound","Coolheaded+1"],"picked":"Lockon","floor":41},{"not_picked":["Rebound","Auto Shields"],"picked":"Cold Snap+1","floor":42},{"not_picked":["Hyperbeam","Gash+1"],"picked":"Capacitor+1","floor":44},{"not_picked":["Barrage","Beam Cell+1"],"picked":"Leap+1","floor":45},{"not_picked":["Compile Driver","Auto Shields"],"picked":"Redo+1","floor":46},{"not_picked":["Stack","Leap"],"picked":"Conserve Battery+1","floor":47},{"not_picked":["Sweeping Beam","Sunder+1"],"picked":"Capacitor+1","floor":54}],"player_experience":693472,"relics_obtained":[{"floor":6,"key":"Cables"},{"floor":9,"key":"The Courier"},{"floor":12,"key":"Gambling Chip"},{"floor":20,"key":"Necronomicon"},{"floor":23,"key":"Art of War"},{"floor":37,"key":"Ice Cream"},{"floor":39,"key":"StoneCalendar"},{"floor":40,"key":"Turnip"},{"floor":42,"key":"Juzu Bracelet"},{"floor":43,"key":"Anchor"},{"floor":54,"key":"Pear"}],"event_choices":[{"damage_healed":0,"gold_gain":0,"player_choice":"Damaged","damage_taken":7,"max_hp_gain":0,"max_hp_loss":0,"event_name":"Wheel of Change","floor":8,"gold_loss":0},{"damage_healed":0,"gold_gain":0,"player_choice":"Opened","damage_taken":0,"relics_obtained":["War Paint"],"max_hp_gain":0,"max_hp_loss":0,"event_name":"The Mausoleum","floor":19,"gold_loss":0,"cards_obtained":["Writhe"]},{"damage_healed":0,"gold_gain":0,"player_choice":"Obtained Book","damage_taken":16,"max_hp_gain":0,"max_hp_loss":0,"event_name":"Cursed Tome","floor":20,"gold_loss":0},{"damage_healed":0,"gold_gain":99,"player_choice":"Stole From Cult","damage_taken":0,"max_hp_gain":0,"max_hp_loss":0,"event_name":"Nest","floor":29,"gold_loss":0},{"damage_healed":0,"gold_gain":0,"player_choice":"Became a Ghost","damage_taken":0,"max_hp_gain":0,"max_hp_loss":38,"event_name":"Ghosts","floor":31,"gold_loss":0,"cards_obtained":["Ghostly","Ghostly","Ghostly","Ghostly","Ghostly"]},{"damage_healed":37,"gold_gain":0,"player_choice":"Heal","damage_taken":0,"max_hp_gain":0,"max_hp_loss":5,"event_name":"The Moai Head","floor":36,"gold_loss":0},{"damage_healed":0,"gold_gain":0,"player_choice":"Fight","damage_taken":0,"max_hp_gain":0,"max_hp_loss":0,"event_name":"MindBloom","floor":37,"gold_loss":0}],"is_beta":false,"boss_relics":[{"not_picked":["Runic Pyramid","Cursed Key"],"picked":"Fusion Hammer"},{"not_picked":["Lizard Tail","Velvet Choker"],"picked":"Tiny House"}],"items_purged_floors":[],"is_endless":false,"potions_floor_spawned":[2,3,4,5,14,16,22,23,27,35,42,45,46,54],"killed_by":"The Heart","ascension_level":9}