{"gold_per_floor":[115,40,40,50,150,150,183,183,183,195,215,115,143,143,143,246,246,256,273,292,392,392,392,422,422,448,448,65,65,65,81,81,181,181,201,201,211,257,257,282,299,329,355,355,375,375,148,248,248,248,248,248,21,55,55],"floor_reached":55,"playtime":4439,"items_purged":["Strike_B","Dualcast","Defend_B","Defend_B","Defend_B"],"score":859,"play_id":"693f7f3d-99e8-4761-af05-ea13c92f7746","local_time":"20181127005647","is_ascension_mode":false,"campfire_choices":[{"data":"Zap","floor":6,"key":"SMITH"},{"floor":8,"key":"RECALL"},{"data":"Sweeping Beam","floor":15,"key":"SMITH"},{"data":"Chill","floor":23,"key":"SMITH"},{"data":"Conserve Battery","floor":25,"key":"SMITH"},{"data":"Double Energy","floor":32,"key":"SMITH"},{"data":"Seek","floor":44,"key":"SMITH"},{"data":"Sunder","floor":46,"key":"SMITH"},{"data":"FTL","floor":49,"key":"SMITH"},{"data":"Flash of Steel","floor":52,"key":"SMITH"}],"neow_cost":"NONE","seed_source_timestamp":17270282135423,"circlet_count":0,"master_deck":["Zap+1","Conserve Battery+1","FTL+1","Sweeping Beam+1","White Noise","Double Energy+1","Buffer+1","Buffer+1","Defragment+1","Chill+1","Loop+1","Echo Form+1","Tempest","Seek+1","Conserve Battery+1","Flash of Steel+1","Impatience","Sadistic Nature+1","Biased Cognition+1","Force Field+1","Steam Power+1","Sunder+1","Hello World+1","Hologram+1"],"relics":["Cracked Core","Ice Cream","Frozen Egg 2","PreservedInsect","Coffee Dripper","Ginger","Darkstone Periapt","Red Mask","Medical Kit","Inserter","Mango","Singing Bowl","Gremlin Horn","Lantern","StoneCalendar","Orichalcum"],"potions_floor_usage":[7,16,16,18,21,33,33,40,40,45,45,48,55,55],"damage_taken":[{"damage":1,"enemies":"Cultist","floor":1,"turns":3},{"damage":0,"enemies":"Small Slimes","floor":4,"turns":3},{"damage":15,"enemies":"3 Sentries","floor":7,"turns":8},{"damage":0,"enemies":"2 Louse","floor":10,"turns":2},{"damage":0,"enemies":"Blue Slaver","floor":11,"turns":2},{"damage":30,"enemies":"Gremlin Nob","floor":13,"turns":4},{"damage":20,"enemies":"Hexaghost","floor":16,"turns":11},{"damage":5,"enemies":"3 Byrds","floor":18,"turns":4},{"damage":0,"enemies":"Chosen","floor":19,"turns":5},{"damage":0,"enemies":"Snecko","floor":20,"turns":6},{"damage":15,"enemies":"Colosseum Slavers","floor":21,"turns":4},{"damage":0,"enemies":"Colosseum Nobs","floor":21,"turns":4},{"damage":20,"enemies":"Masked Bandits","floor":24,"turns":5},{"damage":7,"enemies":"Snake Plant","floor":31,"turns":5},{"damage":0,"enemies":"Champ","floor":33,"turns":7},{"damage":0,"enemies":"3 Shapes","floor":35,"turns":3},{"damage":1,"enemies":"3 Darklings","floor":37,"turns":4},{"damage":29,"enemies":"2 Orb Walkers","floor":38,"turns":5},{"damage":0,"enemies":"Reptomancer","floor":40,"turns":3},{"damage":0,"enemies":"Jaw Worm Horde","floor":41,"turns":3},{"damage":0,"enemies":"Giant Head","floor":42,"turns":5},{"damage":13,"enemies":"Sphere and 2 Shapes","floor":45,"turns":4},{"damage":0,"enemies":"Mind Bloom Boss Battle","floor":48,"turns":4},{"damage":2,"enemies":"Time Eater","floor":50,"turns":11},{"damage":43,"enemies":"Shield and Spear","floor":54,"turns":4},{"damage":71,"enemies":"The Heart","floor":55,"turns":3}],"seed_played":"8937310444327343372","potions_obtained":[{"floor":1,"key":"Dexterity Potion"},{"floor":11,"key":"Ancient Potion"},{"floor":13,"key":"GamblersBrew"},{"floor":16,"key":"Dexterity Potion"},{"floor":20,"key":"Poison Potion"},{"floor":21,"key":"SpeedPotion"},{"floor":24,"key":"Energy Potion"},{"floor":31,"key":"AttackPotion"},{"floor":33,"key":"Energy Potion"},{"floor":38,"key":"FocusPotion"},{"floor":40,"key":"FearPotion"},{"floor":41,"key":"PowerPotion"},{"floor":45,"key":"SkillPotion"}],"is_trial":false,"path_per_floor":["M","$","?","M","?","R","E","R","T","M","M","$","E","?","R","B",null,"M","M","M","?","?","R","?","R","T","?","$","?","?","M","R","B",null,"M","?","M","?","?","E","M","E","T","R","M","R","$","?","R","B",null,"R","$","E","B"],"character_chosen":"DEFECT","items_purchased":["Echo Form+1","Medical Kit","Hello World+1","Swift Potion"],"campfire_rested":0,"item_purchase_floors":[28,28,47,53],"current_hp_per_floor":[81,81,74,74,74,74,59,59,59,59,59,59,29,29,29,9,82,77,77,77,62,62,62,42,42,42,42,42,42,42,35,35,35,82,82,82,81,66,56,56,56,56,56,56,43,43,43,43,43,41,96,96,96,55,0],"gold":55,"neow_bonus":"TEN_PERCENT_HP_BONUS","is_prod":false,"is_daily":false,"chose_seed":false,"campfire_upgraded":9,"win_rate":0,"timestamp":1543280207,"path_taken":["M","$","?","M","?","R","E","R","T","M","?","?","E","?","R","BOSS","M","M","M","?","?","R","?","R","T","?","?","?","?","M","R","BOSS","M","?","M","?","?","E","M","E","T","R","M","R","$","?","R","BOSS","R","$","E","BOSS"],"build_version":"2018-11-15","purchased_purges":5,"victory":false,"max_hp_per_floor":[82,82,82,82,82,82,82,82,82,82,82,82,82,82,82,82,82,82,82,82,82,82,82,82,82,82,82,82,82,82,82,82,82,82,82,82,82,96,96,96,96,96,96,96,96,96,96,96,96,96,96,96,96,98,98],"card_choices":[{"not_picked":["Scrape","Sweeping Beam"],"picked":"Conserve Battery","floor":1},{"not_picked":["Turbo","Steam"],"picked":"FTL","floor":4},{"not_picked":["Capacitor","Coolheaded"],"picked":"Sweeping Beam","floor":7},{"not_picked":["Compile Driver","Gash"],"picked":"White Noise","floor":10},{"not_picked":["Sweeping Beam","Cold Snap"],"picked":"Double Energy","floor":11},{"not_picked":["Sunder","Sweeping Beam"],"picked":"Buffer+1","floor":13},{"not_picked":["Rainbow","All For One"],"picked":"Buffer+1","floor":16},{"not_picked":["Barrage","Turbo","Compile Driver"],"picked":"SKIP","floor":18},{"not_picked":["Reinforced Body","Coolheaded","Steam Power+1"],"picked":"SKIP","floor":19},{"not_picked":["Auto Shields","Hologram+1"],"picked":"Defragment+1","floor":20},{"not_picked":["Go for the Eyes","Rebound"],"picked":"Chill","floor":21},{"not_picked":["Beam Cell+1","Fission"],"picked":"Tempest","floor":31},{"not_picked":["Multi-Cast","Thunder Strike"],"picked":"Seek","floor":33},{"not_picked":["Ball Lightning","Fusion+1","Beam Cell+1"],"picked":"SKIP","floor":35},{"not_picked":["Leap","Rebound","Aggregate"],"picked":"SKIP","floor":37},{"not_picked":["Cold Snap+1","Aggregate"],"picked":"Conserve Battery+1","floor":38},{"not_picked":["Chrysalis","Metamorphosis"],"picked":"Flash of Steel","floor":39},{"not_picked":["Trip","Panacea"],"picked":"Impatience","floor":39},{"not_picked":["Chrysalis","Panacea"],"picked":"Sadistic Nature+1","floor":39},{"not_picked":["Skim","Go for the Eyes"],"picked":"Biased Cognition+1","floor":40},{"not_picked":["Rebound","Steam"],"picked":"Force Field+1","floor":41},{"not_picked":["Aggregate","Chaos+1"],"picked":"Steam Power+1","floor":42},{"not_picked":["Conserve Battery+1","Scrape"],"picked":"Sunder","floor":45},{"not_picked":["Ball Lightning+1","Rebound+1"],"picked":"Hologram+1","floor":48},{"not_picked":["Sweeping Beam+1","Beam Cell+1","Coolheaded"],"picked":"Singing Bowl","floor":54}],"player_experience":151678,"relics_obtained":[{"floor":7,"key":"Ice Cream"},{"floor":9,"key":"Frozen Egg 2"},{"floor":13,"key":"PreservedInsect"},{"floor":21,"key":"Ginger"},{"floor":21,"key":"Darkstone Periapt"},{"floor":24,"key":"Red Mask"},{"floor":38,"key":"Mango"},{"floor":40,"key":"Singing Bowl"},{"floor":42,"key":"Gremlin Horn"},{"floor":43,"key":"Lantern"},{"floor":48,"key":"StoneCalendar"},{"floor":54,"key":"Orichalcum"}],"event_choices":[{"cards_removed":["Defend_B"],"damage_healed":0,"gold_gain":0,"player_choice":"Card Removal","damage_taken":7,"max_hp_gain":0,"max_hp_loss":0,"event_name":"Golden Wing","floor":3,"gold_loss":0},{"damage_healed":0,"gold_gain":100,"player_choice":"Pray","damage_taken":0,"max_hp_gain":0,"max_hp_loss":0,"event_name":"Golden Shrine","floor":5,"gold_loss":0},{"cards_removed":["Strike_B"],"damage_healed":0,"gold_gain":0,"player_choice":"Forget","damage_taken":0,"max_hp_gain":0,"max_hp_loss":0,"event_name":"Living Wall","floor":14,"gold_loss":0},{"damage_healed":0,"gold_gain":0,"player_choice":"Fight","damage_taken":0,"max_hp_gain":0,"max_hp_loss":0,"event_name":"Colosseum","floor":21,"gold_loss":0},{"damage_healed":0,"gold_gain":0,"player_choice":"Fought Nobs","damage_taken":0,"max_hp_gain":0,"max_hp_loss":0,"event_name":"Colosseum","floor":21,"gold_loss":0},{"damage_healed":0,"gold_gain":0,"player_choice":"Read","damage_taken":0,"max_hp_gain":0,"max_hp_loss":0,"event_name":"The Library","floor":22,"gold_loss":0,"cards_obtained":["Loop"]},{"damage_healed":0,"gold_gain":0,"player_choice":"Fought Bandits","damage_taken":0,"max_hp_gain":0,"max_hp_loss":0,"event_name":"Masked Bandits","floor":24,"gold_loss":0},{"damage_healed":0,"gold_gain":0,"player_choice":"Ignored","damage_taken":0,"max_hp_gain":0,"max_hp_loss":0,"event_name":"Ghosts","floor":27,"gold_loss":0},{"cards_removed":["Strike_B"],"damage_healed":0,"gold_gain":0,"player_choice":"Elegance","damage_taken":0,"max_hp_gain":0,"max_hp_loss":0,"event_name":"Back to Basics","floor":30,"gold_loss":0},{"cards_removed":["Strike_B"],"damage_healed":0,"gold_gain":0,"player_choice":"Removed Attack","damage_taken":0,"max_hp_gain":0,"max_hp_loss":0,"event_name":"Falling","floor":36,"gold_loss":0},{"damage_healed":0,"gold_gain":0,"player_choice":"Fight","damage_taken":0,"max_hp_gain":0,"max_hp_loss":0,"event_name":"Mysterious Sphere","floor":38,"gold_loss":0},{"damage_healed":0,"gold_gain":0,"player_choice":"Memory 3","damage_taken":10,"max_hp_gain":0,"max_hp_loss":0,"event_name":"SensoryStone","floor":39,"gold_loss":0},{"damage_healed":0,"gold_gain":0,"player_choice":"Fight","damage_taken":0,"max_hp_gain":0,"max_hp_loss":0,"event_name":"MindBloom","floor":48,"gold_loss":0}],"is_beta":true,"boss_relics":[{"not_picked":["Runic Pyramid","Eternal Feather"],"picked":"Coffee Dripper"},{"not_picked":["Black Star","FrozenCore"],"picked":"Inserter"}],"items_purged_floors":[2,12,28,47,53],"is_endless":false,"potions_floor_spawned":[1,11,13,16,20,21,24,31,33,38,40,41,45],"killed_by":"The Heart","ascension_level":0}