{"gold_per_floor":[114,35,35,47,59,93,93,123,123,123,123,123,158,158,158,263,263,250,250,16,16,16,48,48,48],"floor_reached":25,"playtime":10043,"items_purged":[],"score":365,"play_id":"eb2e52eb-1750-4894-8421-0cde6a4f740d","local_time":"20190915180348","is_ascension_mode":true,"campfire_choices":[{"floor":7,"key":"REST"},{"floor":10,"key":"REST"},{"data":"Distraction","floor":12,"key":"SMITH"},{"floor":15,"key":"REST"},{"floor":24,"key":"REST"}],"neow_cost":"NONE","seed_source_timestamp":249215900036800,"circlet_count":0,"master_deck":["Defend_G","Defend_G","Defend_G+1","Defend_G","Defend_G","Survivor","Neutralize","Noxious Fumes+1","Distraction+1","Dagger Spray","Prepared","PiercingWail+1","Deflect","Dagger Throw","Storm of Steel","Deflect","Ghostly","Ghostly","Ghostly","Ghostly","Ghostly","Accuracy","Mayhem","Bite","Bite","Bite","Bite","Bite","Escape Plan","Glass Knife"],"relics":["Ring of the Snake","NeowsBlessing","War Paint","Tingsha","Paper Crane","Darkstone Periapt","Art of War","WristBlade","Ginger"],"potions_floor_usage":[6,6,6,6,8,16,23],"damage_taken":[{"damage":0,"enemies":"Jaw Worm","floor":1,"turns":1},{"damage":0,"enemies":"Small Slimes","floor":4,"turns":1},{"damage":0,"enemies":"2 Louse","floor":5,"turns":1},{"damage":7,"enemies":"3 Sentries","floor":6,"turns":8},{"damage":19,"enemies":"Lagavulin","floor":8,"turns":7},{"damage":4,"enemies":"3 Sentries","floor":13,"turns":6},{"damage":17,"enemies":"Hexaghost","floor":16,"turns":12},{"damage":14,"enemies":"2 Thieves","floor":18,"turns":4},{"damage":25,"enemies":"Slavers","floor":23,"turns":7},{"damage":28,"enemies":"Book of Stabbing","floor":25,"turns":8}],"seed_played":"-8472785131320620234","potions_obtained":[{"floor":4,"key":"EntropicBrew"},{"floor":5,"key":"Energy Potion"},{"floor":6,"key":"SteroidPotion"},{"floor":18,"key":"Energy Potion"}],"is_trial":false,"path_per_floor":["M","$","?","M","M","E","R","E","T","R","?","R","E","?","R","B",null,"M","?","$","?","?","E","R","E"],"character_chosen":"THE_SILENT","items_purchased":["Distraction","Accuracy","Mayhem"],"campfire_rested":4,"item_purchase_floors":[2,20,20],"current_hp_per_floor":[63,63,63,63,63,56,70,51,51,70,70,70,66,54,70,53,66,52,35,35,24,24,7,14,0],"gold":48,"neow_bonus":"THREE_ENEMY_KILL","is_prod":false,"is_daily":false,"chose_seed":false,"campfire_upgraded":1,"win_rate":0,"timestamp":1568585028,"path_taken":["M","$","?","M","M","E","R","E","T","R","?","R","E","?","R","BOSS","M","?","$","?","?","E","R","E"],"build_version":"2019-07-17","purchased_purges":0,"victory":false,"max_hp_per_floor":[70,70,70,70,70,70,70,70,70,70,70,70,70,70,70,70,70,70,35,35,24,24,24,24,24],"card_choices":[{"not_picked":["Dagger Throw","Endless Agony"],"picked":"Noxious Fumes","floor":1},{"not_picked":["Poisoned Stab","Setup"],"picked":"Dagger Spray","floor":4},{"not_picked":["Well Laid Plans","Riddle With Holes"],"picked":"Prepared","floor":5},{"not_picked":["Storm of Steel","Deflect"],"picked":"PiercingWail","floor":6},{"not_picked":["Dagger Spray","Masterful Stab"],"picked":"Deflect","floor":8},{"not_picked":["Doppelganger","Flying Knee"],"picked":"Dagger Throw","floor":13},{"not_picked":["Wraith Form v2","Bullet Time"],"picked":"Storm of Steel","floor":16},{"not_picked":["All Out Attack","Bane"],"picked":"Deflect","floor":18},{"not_picked":["Poisoned Stab+1","Eviscerate"],"picked":"Glass Knife","floor":23}],"player_experience":627607,"relics_obtained":[{"floor":6,"key":"War Paint"},{"floor":8,"key":"Tingsha"},{"floor":9,"key":"Paper Crane"},{"floor":13,"key":"Darkstone Periapt"},{"floor":23,"key":"Ginger"}],"event_choices":[{"damage_healed":0,"gold_gain":0,"player_choice":"Leave","damage_taken":0,"max_hp_gain":0,"max_hp_loss":0,"event_name":"The Cleric","floor":3,"gold_loss":0},{"damage_healed":0,"gold_gain":0,"player_choice":"Grow","damage_taken":0,"max_hp_gain":0,"max_hp_loss":0,"event_name":"Living Wall","floor":11,"gold_loss":0,"cards_upgraded":["Noxious Fumes"]},{"damage_healed":0,"gold_gain":0,"player_choice":"Success","damage_taken":12,"relics_obtained":["Art of War"],"max_hp_gain":0,"max_hp_loss":0,"event_name":"Scrap Ooze","floor":14,"gold_loss":0},{"damage_healed":0,"gold_gain":0,"player_choice":"Became a Ghost","damage_taken":0,"max_hp_gain":0,"max_hp_loss":35,"event_name":"Ghosts","floor":19,"gold_loss":0,"cards_obtained":["Ghostly","Ghostly","Ghostly","Ghostly","Ghostly"]},{"damage_healed":0,"gold_gain":0,"player_choice":"Became a vampire","damage_taken":0,"max_hp_gain":0,"max_hp_loss":11,"event_name":"Vampires","floor":21,"gold_loss":0,"cards_obtained":["Bite","Bite","Bite","Bite","Bite"]},{"damage_healed":0,"gold_gain":0,"player_choice":"Read","damage_taken":0,"max_hp_gain":0,"max_hp_loss":0,"event_name":"The Library","floor":22,"gold_loss":0,"cards_obtained":["Escape Plan"]}],"is_beta":false,"boss_relics":[{"not_picked":["White Beast Statue","Fusion Hammer"],"picked":"WristBlade"}],"items_purged_floors":[],"is_endless":false,"potions_floor_spawned":[4,5,6,18],"killed_by":"Book of Stabbing","ascension_level":7}