{"gold_per_floor":[115,0,0,23,23,23,62,106,106,145,145,185,205,205,205,328,391,406,422,447,1,0,0,41,41,64,64,89,89,89,89],"floor_reached":31,"playtime":1683,"items_purged":[],"score":460,"play_id":"b73ab756-2b4b-4ce4-bcd4-567f5753295f","local_time":"20190915135849","is_ascension_mode":true,"campfire_choices":[{"data":"Noxious Fumes","floor":6,"key":"SMITH"},{"data":"Footwork","floor":11,"key":"SMITH"},{"floor":15,"key":"REST"},{"floor":23,"key":"REST"},{"floor":27,"key":"REST"}],"neow_cost":"NONE","seed_source_timestamp":242878739653000,"circlet_count":0,"master_deck":["Strike_G","Strike_G","Strike_G+1","Strike_G","Strike_G","Defend_G+1","Defend_G","Defend_G","Defend_G+1","Defend_G","Survivor","Neutralize","Infinite Blades","Footwork+1","Backstab","Noxious Fumes+1","Cloak And Dagger","Dash","Sucker Punch","Slice","Calculated Gamble","Dash","Die Die Die","Blur","Riddle With Holes+1","Slice","Leg Sweep+1","Crippling Poison+1","PiercingWail","Footwork","Footwork","Mayhem","Accuracy","Slice","Catalyst+1","Footwork+1","Cloak And Dagger","Dagger Spray+1"],"relics":["Ring of the Snake","NeowsBlessing","Golden Idol","WingedGreaves","Gambling Chip","The Courier","Paper Crane","Prayer Wheel","Tiny House","TwistedFunnel","War Paint","Bag of Preparation"],"potions_floor_usage":[8,16,18,18,18,19,28,29,29],"damage_taken":[{"damage":0,"enemies":"Cultist","floor":1,"turns":1},{"damage":0,"enemies":"Small Slimes","floor":4,"turns":1},{"damage":0,"enemies":"Gremlin Nob","floor":7,"turns":1},{"damage":2,"enemies":"3 Sentries","floor":8,"turns":6},{"damage":10,"enemies":"Gremlin Nob","floor":10,"turns":5},{"damage":8,"enemies":"3 Sentries","floor":12,"turns":7},{"damage":0,"enemies":"2 Louse","floor":13,"turns":2},{"damage":23,"enemies":"Hexaghost","floor":16,"turns":10},{"damage":8,"enemies":"3 Byrds","floor":18,"turns":5},{"damage":0,"enemies":"Shell Parasite","floor":19,"turns":7},{"damage":20,"enemies":"Snake Plant","floor":20,"turns":6},{"damage":49,"enemies":"Slavers","floor":24,"turns":9},{"damage":8,"enemies":"3 Cultists","floor":28,"turns":6},{"damage":15,"enemies":"Colosseum Slavers","floor":29,"turns":4},{"damage":11,"enemies":"Gremlin Leader","floor":31,"turns":3}],"seed_played":"-6924640077141203373","potions_obtained":[{"floor":1,"key":"Strength Potion"},{"floor":13,"key":"Ancient Potion"},{"floor":16,"key":"EntropicBrew"},{"floor":17,"key":"Ancient Potion"},{"floor":18,"key":"FearPotion"},{"floor":28,"key":"Weak Potion"}],"is_trial":false,"path_per_floor":["M","$","?","M","?","R","E","E","T","E","R","E","M","?","R","B",null,"M","M","M","$","?","R","E","?","T","R","M","?","T","E"],"character_chosen":"THE_SILENT","items_purchased":["Footwork","Backstab","TwistedFunnel","Footwork","Mayhem","Accuracy","Slice"],"campfire_rested":3,"item_purchase_floors":[2,2,21,21,21,21,21],"current_hp_per_floor":[63,63,63,63,63,63,63,61,61,51,51,43,43,29,50,27,64,56,56,36,36,36,58,9,9,9,31,23,8,8,0],"gold":89,"neow_bonus":"THREE_ENEMY_KILL","is_prod":false,"is_daily":false,"chose_seed":false,"campfire_upgraded":2,"win_rate":0,"timestamp":1568570329,"path_taken":["M","?","?","M","?","R","E","E","T","E","R","E","M","?","R","BOSS","M","M","M","$","?","R","E","?","T","R","?","?","?","E"],"build_version":"2019-07-17","purchased_purges":0,"victory":false,"max_hp_per_floor":[70,70,70,70,70,70,70,70,70,70,70,70,70,70,70,70,75,75,75,75,75,75,75,75,75,75,75,75,75,75,75],"card_choices":[{"not_picked":["Outmaneuver","Predator"],"picked":"Infinite Blades","floor":1},{"not_picked":["Cloak And Dagger","Deflect"],"picked":"Noxious Fumes","floor":4},{"not_picked":["Underhanded Strike","Bullet Time"],"picked":"Cloak And Dagger","floor":7},{"not_picked":["Backflip","Quick Slash"],"picked":"Dash","floor":8},{"not_picked":["Flechettes","Choke"],"picked":"Sucker Punch","floor":10},{"not_picked":["Masterful Stab","Dodge and Roll"],"picked":"Slice","floor":12},{"not_picked":["Dodge and Roll","Expertise"],"picked":"Calculated Gamble","floor":13},{"not_picked":["Setup","Dodge and Roll"],"picked":"Dash","floor":13},{"not_picked":["Burst","Doppelganger"],"picked":"Die Die Die","floor":16},{"not_picked":["Blade Dance","Acrobatics"],"picked":"Blur","floor":17},{"not_picked":["Finisher","Backflip+1"],"picked":"Riddle With Holes+1","floor":18},{"not_picked":["Prepared","Slice","PiercingWail"],"picked":"SKIP","floor":18},{"not_picked":["Prepared","PiercingWail"],"picked":"Slice","floor":18},{"not_picked":["Reflex","Well Laid Plans"],"picked":"Leg Sweep","floor":19},{"not_picked":["Masterful Stab+1","Outmaneuver"],"picked":"Crippling Poison","floor":19},{"not_picked":["Setup","Crippling Poison"],"picked":"PiercingWail","floor":20},{"not_picked":["Masterful Stab+1","Underhanded Strike"],"picked":"Footwork","floor":20},{"not_picked":["Poisoned Stab","Flying Knee"],"picked":"Catalyst+1","floor":24},{"not_picked":["Bouncing Flask","Bane"],"picked":"Cloak And Dagger","floor":28},{"not_picked":["Acrobatics","Catalyst"],"picked":"Dagger Spray+1","floor":28}],"player_experience":622300,"relics_obtained":[{"floor":7,"key":"WingedGreaves"},{"floor":8,"key":"Gambling Chip"},{"floor":9,"key":"The Courier"},{"floor":10,"key":"Paper Crane"},{"floor":12,"key":"Prayer Wheel"},{"floor":24,"key":"War Paint"},{"floor":30,"key":"Bag of Preparation"}],"event_choices":[{"damage_healed":0,"gold_gain":0,"player_choice":"Take Wound","damage_taken":0,"relics_obtained":["Golden Idol"],"max_hp_gain":0,"max_hp_loss":0,"event_name":"Golden Idol","floor":3,"gold_loss":0,"cards_obtained":["Injury"]},{"cards_removed":["Injury"],"damage_healed":0,"gold_gain":0,"player_choice":"Forget","damage_taken":0,"max_hp_gain":0,"max_hp_loss":0,"event_name":"Living Wall","floor":5,"gold_loss":0},{"damage_healed":0,"gold_gain":0,"player_choice":"Entered Light","damage_taken":14,"max_hp_gain":0,"max_hp_loss":0,"event_name":"Shining Light","floor":14,"gold_loss":0,"cards_upgraded":["Strike_G","Defend_G"]},{"damage_healed":0,"gold_gain":0,"player_choice":"Paid Fearfully","damage_taken":0,"max_hp_gain":0,"max_hp_loss":0,"event_name":"Masked Bandits","floor":22,"gold_loss":1},{"damage_healed":0,"gold_gain":0,"player_choice":"Copied","damage_taken":0,"max_hp_gain":0,"max_hp_loss":0,"event_name":"Duplicator","floor":25,"gold_loss":0,"cards_obtained":["Footwork"]},{"damage_healed":0,"gold_gain":0,"player_choice":"Fight","damage_taken":0,"max_hp_gain":0,"max_hp_loss":0,"event_name":"Colosseum","floor":29,"gold_loss":0},{"damage_healed":0,"gold_gain":0,"player_choice":"Fled From Nobs","damage_taken":0,"max_hp_gain":0,"max_hp_loss":0,"event_name":"Colosseum","floor":29,"gold_loss":0}],"is_beta":false,"boss_relics":[{"not_picked":["Coffee Dripper","Runic Pyramid"],"picked":"Tiny House"}],"items_purged_floors":[],"is_endless":false,"potions_floor_spawned":[1,13,16,18,28],"killed_by":"Gremlin Leader","ascension_level":7}