{"gold_per_floor":[113,130,130,143,155,183,203,203,256,310,339,339,339,351,351,448,448,465,465,481,55,66,66],"floor_reached":23,"playtime":1536,"items_purged":[],"score":297,"play_id":"8f23b09e-c142-4001-a9b8-0453ac804943","local_time":"20190917192424","is_ascension_mode":true,"campfire_choices":[{"floor":8,"key":"REST"},{"floor":13,"key":"REST"},{"floor":15,"key":"REST"}],"neow_cost":"NONE","seed_source_timestamp":3792022491700,"circlet_count":0,"master_deck":["Strike_B","Strike_B","Strike_B","Strike_B","Defend_B","Defend_B","Defend_B","Zap","Dualcast","Thunder Strike","Steam","Steam Power","Conserve Battery","Melter","Force Field","Hello World","Cold Snap","Stack","Creative AI","Ball Lightning","Cold Snap","Mayhem","Loop","Capacitor","Flash of Steel","Steam"],"relics":["Cracked Core","Centennial Puzzle","Blood Vial","Strawberry","The Courier","Nuclear Battery"],"potions_floor_usage":[6,6,11,12,22,23,23],"damage_taken":[{"damage":8,"enemies":"Jaw Worm","floor":1,"turns":4},{"damage":1,"enemies":"Cultist","floor":2,"turns":3},{"damage":3,"enemies":"2 Louse","floor":4,"turns":2},{"damage":18,"enemies":"Large Slime","floor":5,"turns":6},{"damage":13,"enemies":"Gremlin Nob","floor":6,"turns":4},{"damage":1,"enemies":"Blue Slaver","floor":7,"turns":4},{"damage":42,"enemies":"Lagavulin","floor":11,"turns":7},{"damage":0,"enemies":"Exordium Wildlife","floor":12,"turns":1},{"damage":4,"enemies":"Looter","floor":14,"turns":3},{"damage":18,"enemies":"The Guardian","floor":16,"turns":13},{"damage":10,"enemies":"Chosen","floor":18,"turns":6},{"damage":14,"enemies":"Shell Parasite","floor":20,"turns":6},{"damage":22,"enemies":"Centurion and Healer","floor":22,"turns":10},{"damage":25,"enemies":"Slavers","floor":23,"turns":1}],"seed_played":"7842765478013366674","potions_obtained":[{"floor":2,"key":"SpeedPotion"},{"floor":5,"key":"AttackPotion"},{"floor":6,"key":"Poison Potion"},{"floor":7,"key":"SmokeBomb"},{"floor":22,"key":"AttackPotion"}],"is_trial":false,"path_per_floor":["M","M","?","M","M","E","M","R","T","T","E","M","R","M","R","B",null,"M","?","M","$","M","E"],"character_chosen":"DEFECT","items_purchased":["Mayhem","Loop","Capacitor","Flash of Steel","SkillPotion","LiquidBronze"],"campfire_rested":3,"item_purchase_floors":[21,21,21,21,21,21],"current_hp_per_floor":[60,59,59,56,38,25,24,46,46,53,13,15,39,37,61,45,73,65,49,37,37,17,0],"gold":66,"neow_bonus":"ONE_RANDOM_RARE_CARD","is_prod":false,"is_daily":false,"chose_seed":false,"campfire_upgraded":0,"win_rate":0,"timestamp":1568762664,"path_taken":["M","M","?","M","M","E","?","R","T","?","E","M","R","M","R","BOSS","M","?","M","$","M","E"],"build_version":"2019-07-17","purchased_purges":0,"victory":false,"max_hp_per_floor":[75,75,75,75,75,75,75,75,75,82,82,82,82,82,82,82,82,82,87,87,87,87,87],"card_choices":[{"not_picked":["Coolheaded","Doom and Gloom"],"picked":"Steam","floor":1},{"not_picked":["Steam","Fusion"],"picked":"Steam Power","floor":2},{"not_picked":["Redo","Turbo"],"picked":"Conserve Battery","floor":4},{"not_picked":["Hologram","Steam"],"picked":"Melter","floor":5},{"not_picked":["Tempest","Steam Power"],"picked":"Force Field","floor":6},{"not_picked":["Cold Snap","Gash"],"picked":"Hello World","floor":7},{"not_picked":["Sweeping Beam","Coolheaded"],"picked":"Cold Snap","floor":11},{"not_picked":["Hologram","Darkness"],"picked":"Stack","floor":14},{"not_picked":["Multi-Cast","Amplify"],"picked":"Creative AI","floor":16},{"not_picked":["Heatsinks","Beam Cell"],"picked":"Ball Lightning","floor":18},{"not_picked":["Hologram","Coolheaded"],"picked":"Cold Snap","floor":20},{"not_picked":["Sweeping Beam","Conserve Battery"],"picked":"Steam","floor":22}],"player_experience":665083,"relics_obtained":[{"floor":6,"key":"Centennial Puzzle"},{"floor":9,"key":"Blood Vial"},{"floor":10,"key":"Strawberry"},{"floor":11,"key":"The Courier"}],"event_choices":[{"cards_removed":["Defend_B"],"damage_healed":0,"gold_gain":0,"player_choice":"Purged","damage_taken":0,"max_hp_gain":0,"max_hp_loss":0,"event_name":"Purifier","floor":3,"gold_loss":0},{"damage_healed":0,"gold_gain":0,"player_choice":"Shed Blood","damage_taken":21,"max_hp_gain":5,"max_hp_loss":0,"event_name":"Forgotten Altar","floor":19,"gold_loss":0}],"is_beta":false,"boss_relics":[{"not_picked":["Coffee Dripper","Snecko Eye"],"picked":"Nuclear Battery"}],"items_purged_floors":[],"is_endless":false,"potions_floor_spawned":[2,5,6,7,12,22],"killed_by":"Slavers","ascension_level":9}