{"gold_per_floor":[115,115,65,77,91,91,91,126,198,7,17,28,28,203,203,303,303,323,323,323,335,345,345],"floor_reached":23,"playtime":1345,"items_purged":["Regret"],"score":216,"play_id":"ab495b1e-83ca-4c40-baf6-d177c87c97ec","local_time":"20181216191455","is_ascension_mode":false,"campfire_choices":[{"data":"Prepared","floor":6,"key":"SMITH"},{"data":"Concentrate","floor":13,"key":"SMITH"},{"data":"Neutralize","floor":15,"key":"SMITH"}],"neow_cost":"NONE","seed_source_timestamp":25147081528819,"circlet_count":0,"master_deck":["Defend_G","Defend_G","Defend_G","Defend_G","Defend_G","Strike_G","Strike_G","Strike_G","Strike_G","Strike_G","Survivor","Neutralize+1","Decay","Parasite","Dagger Throw","Prepared+1","Underhanded Strike","Backstab","Concentrate+1","Backstab","Tools of the Trade","Underhanded Strike","Shame","Clumsy","Underhanded Strike","Underhanded Strike+1"],"relics":["Calling Bell","Ancient Tea Set","Singing Bowl","Pocketwatch","Smiling Mask","Anchor","Bronze Scales","Mercury Hourglass","Lee\u0027s Waffle","Cursed Key"],"potions_floor_usage":[8,16,16,21,23],"damage_taken":[{"damage":19,"enemies":"Jaw Worm","floor":1,"turns":5},{"damage":7,"enemies":"Small Slimes","floor":4,"turns":4},{"damage":0,"enemies":"Cultist","floor":5,"turns":4},{"damage":36,"enemies":"3 Sentries","floor":8,"turns":12},{"damage":1,"enemies":"Exordium Wildlife","floor":11,"turns":3},{"damage":4,"enemies":"Large Slime","floor":12,"turns":5},{"damage":38,"enemies":"Hexaghost","floor":16,"turns":9},{"damage":0,"enemies":"3 Byrds","floor":18,"turns":2},{"damage":6,"enemies":"Spheric Guardian","floor":21,"turns":3},{"damage":30,"enemies":"Shelled Parasite and Fungi","floor":22,"turns":4},{"damage":59,"enemies":"Slavers","floor":23,"turns":4}],"seed_played":"7948975978397241973","potions_obtained":[{"floor":4,"key":"Dexterity Potion"},{"floor":8,"key":"SteroidPotion"},{"floor":12,"key":"Fire Potion"},{"floor":16,"key":"SteroidPotion"},{"floor":18,"key":"GhostInAJar"},{"floor":22,"key":"Regen Potion"}],"is_trial":false,"path_per_floor":["M","?","$","M","M","R","?","E","T","$","M","M","R","?","R","B",null,"M","?","?","M","M","E"],"character_chosen":"THE_SILENT","items_purchased":["Lee\u0027s Waffle"],"campfire_rested":0,"item_purchase_floors":[10],"current_hp_per_floor":[51,51,51,44,44,44,37,1,1,77,76,72,72,72,72,34,77,77,77,77,71,41,0],"gold":345,"neow_bonus":"BOSS_RELIC","is_prod":false,"is_daily":false,"chose_seed":false,"campfire_upgraded":3,"win_rate":0,"timestamp":1544987695,"path_taken":["M","?","$","M","M","R","?","E","T","$","M","M","R","?","R","BOSS","M","?","?","M","?","E"],"build_version":"2018-12-13","purchased_purges":1,"victory":false,"max_hp_per_floor":[70,70,70,70,70,70,70,70,70,77,77,77,77,77,77,77,77,77,77,77,77,77,77],"card_choices":[{"not_picked":["Sucker Punch","PiercingWail"],"picked":"Dagger Throw","floor":1},{"not_picked":["Expertise","Outmaneuver"],"picked":"Prepared","floor":4},{"not_picked":["Eviscerate","Quick Slash"],"picked":"Underhanded Strike","floor":5},{"not_picked":["Deadly Poison","Choke"],"picked":"Backstab","floor":8},{"not_picked":["Heel Hook","Flechettes"],"picked":"Concentrate","floor":11},{"not_picked":["Deflect","Riddle With Holes"],"picked":"Backstab","floor":12},{"not_picked":["Glass Knife","Envenom"],"picked":"Tools of the Trade","floor":16},{"not_picked":["Bane","Slice"],"picked":"Underhanded Strike","floor":18},{"not_picked":["Well Laid Plans+1","Sucker Punch+1"],"picked":"Underhanded Strike","floor":21},{"not_picked":["Crippling Poison","Dodge and Roll"],"picked":"Underhanded Strike+1","floor":22}],"player_experience":209708,"relics_obtained":[{"floor":0,"key":"Ancient Tea Set"},{"floor":0,"key":"Singing Bowl"},{"floor":0,"key":"Pocketwatch"},{"floor":8,"key":"Bronze Scales"},{"floor":9,"key":"Mercury Hourglass"}],"event_choices":[{"damage_healed":0,"gold_gain":0,"player_choice":"Box","damage_taken":0,"relics_obtained":["Smiling Mask"],"max_hp_gain":0,"max_hp_loss":0,"event_name":"Big Fish","floor":2,"gold_loss":0,"cards_obtained":["Regret"]},{"damage_healed":0,"gold_gain":0,"player_choice":"Success","damage_taken":7,"relics_obtained":["Anchor"],"max_hp_gain":0,"max_hp_loss":0,"event_name":"Scrap Ooze","floor":7,"gold_loss":0},{"damage_healed":0,"gold_gain":175,"player_choice":"AGREE","damage_taken":0,"max_hp_gain":0,"max_hp_loss":0,"event_name":"Liars Game","floor":14,"gold_loss":0,"cards_obtained":["Doubt"]},{"damage_healed":0,"gold_gain":0,"cards_transformed":["Regret","Doubt"],"player_choice":"Became Test Subject","damage_taken":0,"max_hp_gain":0,"max_hp_loss":0,"event_name":"Drug Dealer","floor":19,"gold_loss":0,"cards_obtained":["Shame","Clumsy"]},{"damage_healed":0,"gold_gain":0,"player_choice":"Ignored","damage_taken":0,"max_hp_gain":0,"max_hp_loss":0,"event_name":"NoteForYourself","floor":20,"gold_loss":0}],"is_beta":true,"boss_relics":[{"not_picked":["Eternal Feather","White Beast Statue"],"picked":"Cursed Key"}],"items_purged_floors":[3],"is_endless":false,"potions_floor_spawned":[4,8,12,16,18,22],"killed_by":"Slavers","ascension_level":0}