{"gold_per_floor":[110,127,77,77,92,119,119,83,83,83,94,105,105,116,116,219,219,203,223,5,5,16,16,44,44,96,106,125,144,144,160,160,262,262,282,293,308,308,322,292,302,222,222,222,239,239,257,271,271,271],"floor_reached":51,"playtime":6015,"items_purged":["Strike_G","Unload+1"],"score":878,"play_id":"d61b05b7-8dbd-4dde-bd8a-dc1d299b9793","local_time":"20191001060406","is_ascension_mode":true,"campfire_choices":[{"data":"Malaise","floor":7.0,"key":"SMITH"},{"data":"Neutralize","floor":10.0,"key":"SMITH"},{"data":"Noxious Fumes","floor":15.0,"key":"SMITH"},{"data":"Dodge and Roll","floor":23.0,"key":"SMITH"},{"data":"Backflip","floor":25.0,"key":"SMITH"},{"data":"Deadly Poison","floor":30.0,"key":"SMITH"},{"data":"Deadly Poison","floor":32.0,"key":"SMITH"},{"floor":49.0,"key":"RECALL"}],"neow_cost":"NONE","seed_source_timestamp":1923970515647376,"circlet_count":0,"master_deck":["Defend_G+1","Defend_G+1","Defend_G+1","Defend_G+1","Survivor+1","Neutralize+1","Deadly Poison+1","Deadly Poison+1","All Out Attack+1","Malaise+1","Noxious Fumes+1","Backflip+1","Dodge and Roll+1","After Image+1","Quick Slash+1","Calculated Gamble+1","Acrobatics+1","Prepared+1","Deadly Poison+1","Outmaneuver+1","Flying Knee+1","Prepared+1","Doppelganger+1","Acrobatics+1","Concentrate+1","PiercingWail+1"],"special_seed":0,"relics":["Coffee Dripper","Ornamental Fan","Regal Pillow","Meat on the Bone","Philosopher\u0027s Stone","Anchor","The Courier","Letter Opener","Juzu Bracelet","Astrolabe","Mark of the Bloom","Frozen Egg 2"],"potions_floor_usage":[50,50],"damage_taken":[{"damage":0.0,"enemies":"2 Louse","floor":1.0,"turns":4.0},{"damage":0.0,"enemies":"Jaw Worm","floor":2.0,"turns":3.0},{"damage":0.0,"enemies":"Small Slimes","floor":5.0,"turns":3.0},{"damage":17.0,"enemies":"3 Sentries","floor":6.0,"turns":7.0},{"damage":3.0,"enemies":"Looter","floor":11.0,"turns":5.0},{"damage":10.0,"enemies":"Lots of Slimes","floor":12.0,"turns":3.0},{"damage":4.0,"enemies":"Exordium Wildlife","floor":14.0,"turns":4.0},{"damage":33.0,"enemies":"Slime Boss","floor":16.0,"turns":11.0},{"damage":0.0,"enemies":"2 Thieves","floor":18.0,"turns":4.0},{"damage":5.0,"enemies":"3 Byrds","floor":19.0,"turns":4.0},{"damage":0.0,"enemies":"Snake Plant","floor":22.0,"turns":5.0},{"damage":36.0,"enemies":"Slavers","floor":24.0,"turns":5.0},{"damage":1.0,"enemies":"Snecko","floor":27.0,"turns":5.0},{"damage":0.0,"enemies":"Chosen and Byrds","floor":28.0,"turns":6.0},{"damage":7.0,"enemies":"Cultist and Chosen","floor":29.0,"turns":7.0},{"damage":25.0,"enemies":"Shelled Parasite and Fungi","floor":31.0,"turns":6.0},{"damage":29.0,"enemies":"Collector","floor":33.0,"turns":7.0},{"damage":0.0,"enemies":"3 Shapes","floor":35.0,"turns":4.0},{"damage":17.0,"enemies":"3 Darklings","floor":36.0,"turns":4.0},{"damage":0.0,"enemies":"Sphere and 2 Shapes","floor":37.0,"turns":5.0},{"damage":10.0,"enemies":"Spire Growth","floor":39.0,"turns":7.0},{"damage":0.0,"enemies":"Writhing Mass","floor":41.0,"turns":7.0},{"damage":0.0,"enemies":"Sphere and 2 Shapes","floor":45.0,"turns":4.0},{"damage":0.0,"enemies":"Maw","floor":47.0,"turns":6.0},{"damage":4.0,"enemies":"Jaw Worm Horde","floor":48.0,"turns":4.0},{"damage":16,"enemies":"Awakened One","floor":50,"turns":16}],"seed_played":"-5622142275143462271","potions_obtained":[{"floor":2.0,"key":"SteroidPotion"},{"floor":12.0,"key":"SteroidPotion"},{"floor":16.0,"key":"Explosive Potion"},{"floor":19.0,"key":"Dexterity Potion"},{"floor":22.0,"key":"LiquidBronze"},{"floor":28.0,"key":"Explosive Potion"},{"floor":31.0,"key":"GamblersBrew"},{"floor":33.0,"key":"LiquidBronze"},{"floor":37.0,"key":"SpeedPotion"},{"floor":39.0,"key":"SteroidPotion"},{"floor":40.0,"key":"Dexterity Potion"},{"floor":40.0,"key":"GamblersBrew"},{"floor":45.0,"key":"LiquidBronze"},{"floor":48.0,"key":"Weak Potion"}],"is_trial":false,"path_per_floor":["M","M","?","?","M","E","R","?","T","R","M","M","T","M","R","B",null,"M","M","$","?","M","R","E","R","T","M","M","M","R","M","R","B",null,"M","M","M","?","M","?","M","$","T","$","M","?","M","M","R","B",null],"character_chosen":"THE_SILENT","items_purchased":["Anchor"],"campfire_rested":0,"item_purchase_floors":[20],"current_hp_per_floor":[63,63,63,56,56,39,39,39,39,39,36,26,26,34,34,13,56,56,51,51,51,51,51,27,27,27,38,38,43,43,30,30,13,56,56,39,39,39,29,29,29,29,29,29,29,29,29,25,25,9],"gold":271,"neow_bonus":"BOSS_RELIC","is_prod":false,"is_daily":false,"chose_seed":false,"campfire_upgraded":7,"win_rate":0,"timestamp":1569924246,"path_taken":["M","M","?","?","M","E","R","?","T","R","M","M","?","M","R","BOSS","M","?","$","?","?","R","E","R","T","M","M","M","R","M","R","BOSS","M","M","M","?","M","?","M","$","T","$","M","?","M","M","R","BOSS"],"build_version":"2019-07-17","purchased_purges":2,"victory":true,"max_hp_per_floor":[70,70,70,70,70,70,70,70,70,70,70,70,70,70,70,70,70,70,70,70,70,70,70,70,70,70,70,70,70,70,70,70,70,70,70,70,70,70,70,70,70,70,70,70,70,70,70,70,70,70],"card_choices":[{"not_picked":["Catalyst","Outmaneuver"],"picked":"Deadly Poison","floor":1.0},{"not_picked":["Deflect","Concentrate"],"picked":"Deadly Poison","floor":2.0},{"not_picked":["Caltrops","Backstab"],"picked":"All Out Attack","floor":5.0},{"not_picked":["Backstab","Adrenaline"],"picked":"Malaise","floor":6.0},{"not_picked":["Blade Dance","Quick Slash"],"picked":"Noxious Fumes","floor":11.0},{"not_picked":["All Out Attack","Slice"],"picked":"Backflip","floor":12.0},{"not_picked":["Prepared","Acrobatics"],"picked":"Dodge and Roll","floor":14.0},{"not_picked":["Glass Knife","Grand Finale"],"picked":"After Image","floor":16.0},{"not_picked":["Underhanded Strike","Deflect"],"picked":"Quick Slash","floor":18.0},{"not_picked":["Deadly Poison","Expertise"],"picked":"Calculated Gamble","floor":19.0},{"not_picked":["Burst","Concentrate"],"picked":"Acrobatics+1","floor":22.0},{"not_picked":["Slice+1","Distraction"],"picked":"Prepared+1","floor":24.0},{"not_picked":["Reflex","Bouncing Flask"],"picked":"Deadly Poison+1","floor":27.0},{"not_picked":["Storm of Steel","Underhanded Strike+1"],"picked":"Outmaneuver+1","floor":28.0},{"not_picked":["Bane","Flechettes"],"picked":"Flying Knee+1","floor":29.0},{"not_picked":["All Out Attack","Flying Knee+1"],"picked":"Prepared+1","floor":31.0},{"not_picked":["Die Die Die","Phantasmal Killer"],"picked":"Doppelganger","floor":33.0},{"not_picked":["Prepared","Accuracy","Sucker Punch"],"picked":"SKIP","floor":35.0},{"not_picked":["Dagger Throw+1","Poisoned Stab"],"picked":"Concentrate+1","floor":36.0},{"not_picked":["Bane","Eviscerate+1","Dagger Throw+1"],"picked":"SKIP","floor":37.0},{"not_picked":["Prepared+1","Backstab+1","Calculated Gamble+1"],"picked":"SKIP","floor":39.0},{"not_picked":["Bane","Concentrate+1","Quick Slash"],"picked":"SKIP","floor":41.0},{"not_picked":["Blade Dance+1","Deadly Poison+1","Endless Agony"],"picked":"SKIP","floor":45.0},{"not_picked":["Venomology","Slice"],"picked":"PiercingWail+1","floor":47.0},{"not_picked":["Poisoned Stab+1","Slice+1","Deadly Poison"],"picked":"SKIP","floor":48.0}],"player_experience":584883,"relics_obtained":[{"floor":6.0,"key":"Ornamental Fan"},{"floor":9.0,"key":"Regal Pillow"},{"floor":13.0,"key":"Meat on the Bone"},{"floor":21.0,"key":"The Courier"},{"floor":24.0,"key":"Letter Opener"},{"floor":26.0,"key":"Juzu Bracelet"},{"floor":43.0,"key":"Frozen Egg 2"}],"event_choices":[{"cards_removed":["Strike_G"],"damage_healed":0.0,"max_hp_gain":0.0,"max_hp_loss":0.0,"gold_gain":0.0,"event_name":"The Cleric","player_choice":"Card Removal","floor":3.0,"gold_loss":50.0,"damage_taken":0.0},{"cards_removed":["Defend_G"],"damage_healed":0.0,"max_hp_gain":0.0,"max_hp_loss":0.0,"gold_gain":0.0,"event_name":"Golden Wing","player_choice":"Card Removal","floor":4.0,"gold_loss":0.0,"damage_taken":7.0},{"damage_healed":0.0,"max_hp_gain":0.0,"max_hp_loss":0.0,"gold_gain":0.0,"event_name":"World of Goop","player_choice":"Left Gold","floor":8.0,"gold_loss":36.0,"damage_taken":0.0},{"damage_healed":0.0,"max_hp_gain":0.0,"max_hp_loss":0.0,"gold_gain":0.0,"event_name":"Wheel of Change","player_choice":"Relic","floor":21.0,"gold_loss":0.0,"damage_taken":0.0},{"damage_healed":0.0,"max_hp_gain":0.0,"max_hp_loss":0.0,"gold_gain":0.0,"event_name":"MindBloom","player_choice":"Upgrade","floor":38.0,"gold_loss":0.0,"damage_taken":0.0,"cards_upgraded":["Defend_G","Defend_G","Defend_G","Defend_G","Survivor","All Out Attack","After Image","Quick Slash","Calculated Gamble","Doppelganger"],"relics_obtained":["Mark of the Bloom"]},{"damage_healed":0.0,"max_hp_gain":0.0,"max_hp_loss":0.0,"gold_gain":0.0,"event_name":"The Woman in Blue","player_choice":"Bought 2 Potions","floor":40.0,"gold_loss":0.0,"damage_taken":0.0},{"cards_removed":["Backstab"],"damage_healed":0.0,"max_hp_gain":0.0,"max_hp_loss":0.0,"gold_gain":0.0,"event_name":"Falling","player_choice":"Removed Attack","floor":46.0,"gold_loss":0.0,"damage_taken":0.0}],"is_beta":false,"boss_relics":[{"not_picked":["Pandora\u0027s Box","Fusion Hammer"],"picked":"Philosopher\u0027s Stone"},{"not_picked":["Orrery","Runic Pyramid"],"picked":"Astrolabe"}],"items_purged_floors":[20,42],"is_endless":false,"potions_floor_spawned":[2,12,16,19,22,28,31,33,37,39,45,48],"ascension_level":8}