{"gold_per_floor":[118,133,58,58,72,72,84,98,98,161,178,203,203,216,216,311,311,330,330,28,28,28,28,28,43,43,69,84,84],"floor_reached":29,"playtime":1414,"items_purged":["Strike_B","Writhe"],"score":306,"play_id":"b2fcf6e0-7330-4e67-b7c4-24b565085890","local_time":"20190613140237","is_ascension_mode":true,"campfire_choices":[{"data":"Zap","floor":6,"key":"SMITH"},{"data":"Dualcast","floor":13,"key":"SMITH"},{"data":"FTL","floor":15,"key":"SMITH"},{"data":"Creative AI","floor":23,"key":"SMITH"}],"neow_cost":"PERCENT_DAMAGE","seed_source_timestamp":70593541448815,"circlet_count":0,"master_deck":["Strike_B","Defend_B","Zap+1","Dualcast+1","BootSequence","Streamline","Hologram","Gash","FTL+1","Streamline","Redo+1","Leap+1","Creative AI+1","Chaos+1","Skim+1"],"relics":["Cracked Core","PreservedInsect","DataDisk","Toxic Egg 2","Empty Cage","Mummified Hand","TheAbacus","Turnip","Calipers"],"potions_floor_usage":[8,12,16,18,29,29],"damage_taken":[{"damage":4,"enemies":"Small Slimes","floor":1,"turns":3},{"damage":0,"enemies":"Jaw Worm","floor":2,"turns":3},{"damage":0,"enemies":"2 Louse","floor":5,"turns":2},{"damage":0,"enemies":"Blue Slaver","floor":7,"turns":2},{"damage":0,"enemies":"Large Slime","floor":8,"turns":4},{"damage":7,"enemies":"3 Sentries","floor":10,"turns":4},{"damage":0,"enemies":"3 Louse","floor":11,"turns":2},{"damage":2,"enemies":"3 Sentries","floor":12,"turns":4},{"damage":0,"enemies":"Blue Slaver","floor":14,"turns":2},{"damage":11,"enemies":"Hexaghost","floor":16,"turns":7},{"damage":9,"enemies":"2 Thieves","floor":18,"turns":3},{"damage":7,"enemies":"Shell Parasite","floor":25,"turns":4},{"damage":34,"enemies":"Gremlin Leader","floor":27,"turns":5},{"damage":0,"enemies":"Cultist and Chosen","floor":28,"turns":4},{"damage":34,"enemies":"Slavers","floor":29,"turns":4}],"seed_played":"7689640211710967675","potions_obtained":[{"floor":2,"key":"SkillPotion"},{"floor":5,"key":"Poison Potion"},{"floor":8,"key":"Block Potion"},{"floor":12,"key":"Energy Potion"},{"floor":18,"key":"Poison Potion"},{"floor":28,"key":"EssenceOfSteel"}],"is_trial":false,"path_per_floor":["M","M","$","?","M","R","M","M","T","?","M","E","R","M","R","B",null,"M","?","$","?","?","R","?","M","T","E","M","E"],"character_chosen":"DEFECT","items_purchased":["TheAbacus"],"campfire_rested":0,"item_purchase_floors":[20],"current_hp_per_floor":[50,50,50,43,43,43,43,43,43,36,36,34,34,34,34,23,62,53,53,53,39,65,65,65,58,58,24,24,0],"gold":84,"neow_bonus":"REMOVE_TWO","is_prod":false,"is_daily":false,"chose_seed":false,"campfire_upgraded":4,"win_rate":0,"timestamp":1560430957,"path_taken":["M","M","$","?","M","R","M","M","T","?","M","E","R","M","R","BOSS","M","?","$","?","?","R","?","M","T","E","M","E"],"build_version":"2019-01-23","purchased_purges":2,"victory":false,"max_hp_per_floor":[75,75,75,75,75,75,75,75,75,75,75,75,75,75,75,75,75,75,75,75,80,80,80,80,80,80,80,80,80],"card_choices":[{"not_picked":["Sweeping Beam","Barrage"],"picked":"BootSequence","floor":1},{"not_picked":["Coolheaded","Barrage"],"picked":"Streamline","floor":2},{"not_picked":["Turbo","Blizzard"],"picked":"Hologram","floor":5},{"not_picked":["Reboot","Turbo"],"picked":"Gash","floor":7},{"not_picked":["Turbo","Stack"],"picked":"FTL","floor":8},{"not_picked":["Sweeping Beam","Force Field"],"picked":"Streamline","floor":11},{"not_picked":["Conserve Battery","Leap"],"picked":"Redo","floor":12},{"not_picked":["Cold Snap","Compile Driver"],"picked":"Leap+1","floor":14},{"not_picked":["Amplify+1","Meteor Strike"],"picked":"Creative AI","floor":16},{"not_picked":["Turbo+1","Steam+1","Doom and Gloom+1"],"picked":"SKIP","floor":18},{"not_picked":["Gash+1","Go for the Eyes+1"],"picked":"Chaos+1","floor":25},{"not_picked":["Compile Driver+1","Thunder Strike"],"picked":"Skim+1","floor":27},{"not_picked":["Compile Driver","Conserve Battery+1","Turbo+1"],"picked":"SKIP","floor":28}],"player_experience":255881,"relics_obtained":[{"floor":9,"key":"PreservedInsect"},{"floor":10,"key":"DataDisk"},{"floor":12,"key":"Toxic Egg 2"},{"floor":26,"key":"Turnip"},{"floor":27,"key":"Calipers"}],"event_choices":[{"cards_removed":["Defend_B"],"damage_healed":0,"gold_gain":0,"player_choice":"Card Removal","damage_taken":7,"max_hp_gain":0,"max_hp_loss":0,"event_name":"Golden Wing","floor":4,"gold_loss":0},{"damage_healed":0,"gold_gain":0,"player_choice":"Searched \u00271\u0027 times","damage_taken":0,"max_hp_gain":0,"max_hp_loss":0,"event_name":"Dead Adventurer","floor":10,"gold_loss":0},{"damage_healed":0,"gold_gain":0,"player_choice":"Opened","damage_taken":0,"relics_obtained":["Mummified Hand"],"max_hp_gain":0,"max_hp_loss":0,"event_name":"The Mausoleum","floor":19,"gold_loss":0,"cards_obtained":["Writhe"]},{"damage_healed":0,"gold_gain":0,"player_choice":"Shed Blood","damage_taken":19,"max_hp_gain":5,"max_hp_loss":0,"event_name":"Forgotten Altar","floor":21,"gold_loss":0},{"damage_healed":26,"gold_gain":0,"player_choice":"Heal","damage_taken":0,"max_hp_gain":0,"max_hp_loss":0,"event_name":"The Library","floor":22,"gold_loss":0}],"is_beta":false,"boss_relics":[{"not_picked":["Snecko Eye","Tiny House"],"picked":"Empty Cage"}],"items_purged_floors":[3,20],"is_endless":false,"potions_floor_spawned":[2,5,8,12,18,28],"killed_by":"Slavers","ascension_level":5}