{"gold_per_floor":[111,81,96,21,74,74,99,99,145,145,165,184,219,235,235,339,339,350,192,192,92,41,68,83,116,116,116,130,130],"floor_reached":29,"playtime":1778,"items_purged":["Strike_B","Defend_B"],"score":482,"play_id":"8ee61b5f-1844-4235-8b15-bda841011dd6","local_time":"20190610092441","is_ascension_mode":true,"campfire_choices":[{"data":"Sunder","floor":6,"key":"SMITH"},{"data":"Reinforced Body","floor":10,"key":"SMITH"},{"data":"Doom and Gloom","floor":15,"key":"SMITH"},{"data":"Hyperbeam","floor":27,"key":"SMITH"}],"neow_cost":"NONE","seed_source_timestamp":226133826522,"circlet_count":0,"master_deck":["AscendersBane","Strike_B","Strike_B","Defend_B","Defend_B","Defend_B","Zap","Dualcast","Fusion","Sunder+1","Reinforced Body+1","Glacier","White Noise","Doom and Gloom+1","Recycle","Genetic Algorithm","Hologram","Hyperbeam+1","Coolheaded+1","Bandage Up","Conserve Battery","Compile Driver","Loop+1"],"relics":["Cracked Core","PreservedInsect","Centennial Puzzle","Ancient Tea Set","Gremlin Horn","Velvet Choker","Omamori","Toxic Egg 2","Pantograph"],"potions_floor_usage":[12,16,23,25,25,29],"damage_taken":[{"damage":6,"enemies":"Jaw Worm","floor":1,"turns":4},{"damage":6,"enemies":"Cultist","floor":3,"turns":3},{"damage":1,"enemies":"3 Sentries","floor":7,"turns":6},{"damage":0,"enemies":"2 Louse","floor":11,"turns":2},{"damage":25,"enemies":"Gremlin Gang","floor":12,"turns":4},{"damage":0,"enemies":"Lagavulin","floor":13,"turns":7},{"damage":0,"enemies":"3 Louse","floor":14,"turns":3},{"damage":11,"enemies":"The Guardian","floor":16,"turns":13},{"damage":10,"enemies":"Shell Parasite","floor":18,"turns":9},{"damage":0,"enemies":"Slavers","floor":23,"turns":2},{"damage":13,"enemies":"2 Thieves","floor":24,"turns":5},{"damage":10,"enemies":"Book of Stabbing","floor":25,"turns":4},{"damage":5,"enemies":"Snecko","floor":28,"turns":5},{"damage":46,"enemies":"Gremlin Leader","floor":29,"turns":2}],"seed_played":"8810947978210995905","potions_obtained":[{"floor":1,"key":"FocusPotion"},{"floor":2,"key":"SteroidPotion"},{"floor":2,"key":"Explosive Potion"},{"floor":3,"key":"Fire Potion"},{"floor":12,"key":"SpeedPotion"},{"floor":14,"key":"LiquidBronze"},{"floor":18,"key":"AttackPotion"},{"floor":25,"key":"EssenceOfSteel"}],"is_trial":false,"path_per_floor":["M","?","M","$","T","R","E","?","T","R","M","M","E","M","R","B",null,"M","$","?","$","$","E","M","E","T","R","M","E"],"character_chosen":"DEFECT","items_purchased":["Glacier","Bandage Up","Conserve Battery"],"campfire_rested":0,"item_purchase_floors":[4,19,22],"current_hp_per_floor":[62,62,56,56,56,56,55,55,55,55,55,30,30,30,30,19,61,51,51,51,51,51,55,46,40,40,40,39,0],"gold":130,"neow_bonus":"TRANSFORM_CARD","is_prod":false,"is_daily":false,"chose_seed":false,"campfire_upgraded":4,"win_rate":0,"timestamp":1560151481,"path_taken":["M","?","M","$","?","R","E","?","T","R","M","?","E","M","R","BOSS","M","$","?","?","$","E","M","E","T","R","M","E"],"build_version":"2019-01-23","purchased_purges":2,"victory":false,"max_hp_per_floor":[75,75,75,75,75,75,75,75,75,75,75,75,75,75,75,75,75,75,75,75,75,75,75,75,75,75,75,75,75],"card_choices":[{"not_picked":["Redo","Stack"],"picked":"Sunder","floor":1},{"not_picked":["Cold Snap","Chaos"],"picked":"Reinforced Body","floor":3},{"not_picked":["Melter","Streamline"],"picked":"White Noise","floor":7},{"not_picked":["Beam Cell","Conserve Battery"],"picked":"Recycle","floor":11},{"not_picked":["Fission","Hello World"],"picked":"Genetic Algorithm","floor":12},{"not_picked":["Leap","Steam"],"picked":"Recycle","floor":13},{"not_picked":["Go for the Eyes","FTL"],"picked":"Hologram","floor":14},{"not_picked":["Rainbow","All For One"],"picked":"Hyperbeam","floor":16},{"not_picked":["Hologram","Ball Lightning"],"picked":"Coolheaded+1","floor":18},{"not_picked":["Tempest+1","Leap","Recycle"],"picked":"SKIP","floor":23},{"not_picked":["Barrage+1","Fusion"],"picked":"Compile Driver","floor":24},{"not_picked":["Sweeping Beam+1","Streamline","Redo"],"picked":"SKIP","floor":25},{"not_picked":["Defragment","Conserve Battery+1"],"picked":"Loop+1","floor":28}],"player_experience":279883,"relics_obtained":[{"floor":5,"key":"PreservedInsect"},{"floor":7,"key":"Centennial Puzzle"},{"floor":9,"key":"Ancient Tea Set"},{"floor":13,"key":"Gremlin Horn"},{"floor":23,"key":"Omamori"},{"floor":25,"key":"Toxic Egg 2"},{"floor":26,"key":"Pantograph"}],"event_choices":[{"damage_healed":0,"gold_gain":0,"player_choice":"Bought 2 Potions","damage_taken":0,"max_hp_gain":0,"max_hp_loss":0,"event_name":"The Woman in Blue","floor":2,"gold_loss":0},{"damage_healed":0,"gold_gain":0,"player_choice":"1 cards matched","damage_taken":0,"max_hp_gain":0,"max_hp_loss":0,"event_name":"Match and Keep!","floor":8,"gold_loss":0,"cards_obtained":["Doom and Gloom"]},{"cards_removed":["Recycle"],"damage_healed":0,"gold_gain":0,"player_choice":"Purged","damage_taken":0,"max_hp_gain":0,"max_hp_loss":0,"event_name":"Purifier","floor":20,"gold_loss":0}],"is_beta":false,"boss_relics":[{"not_picked":["Lizard Tail","Empty Cage"],"picked":"Velvet Choker"}],"items_purged_floors":[19,21],"is_endless":false,"potions_floor_spawned":[1,3,12,14,18,25],"killed_by":"Gremlin Leader","ascension_level":10}