{"gold_per_floor":[114,129,145,162,177,205,205,232,232,232,232],"floor_reached":11,"playtime":650,"items_purged":[],"score":128,"play_id":"0da42aff-4612-4fe4-a98b-e02c8fe4492c","local_time":"20190929215446","is_ascension_mode":true,"campfire_choices":[{"data":"Strike_R","floor":7,"key":"PURGE"},{"floor":10,"key":"REST"}],"neow_cost":"NONE","seed_source_timestamp":39526562860027,"circlet_count":0,"master_deck":["AscendersBane","Strike_R","Strike_R","Strike_R","Strike_R","Defend_R","Defend_R","Defend_R","Defend_R","Bash","Pummel","Heavy Blade","Ghostly Armor","Cleave","Flex"],"relics":["Burning Blood","Peace Pipe","Centennial Puzzle","Bronze Scales"],"potions_floor_usage":[11,11],"damage_taken":[{"damage":6,"enemies":"Cultist","floor":1,"turns":4},{"damage":0,"enemies":"Small Slimes","floor":2,"turns":4},{"damage":10,"enemies":"2 Louse","floor":3,"turns":3},{"damage":20,"enemies":"Large Slime","floor":4,"turns":6},{"damage":9,"enemies":"Blue Slaver","floor":5,"turns":6},{"damage":30,"enemies":"3 Sentries","floor":6,"turns":11},{"damage":40,"enemies":"Gremlin Nob","floor":8,"turns":5},{"damage":45,"enemies":"Lagavulin","floor":11,"turns":7}],"seed_played":"-665321738380013811","potions_obtained":[{"floor":1,"key":"Swift Potion"},{"floor":5,"key":"Swift Potion"},{"floor":6,"key":"SpeedPotion"},{"floor":8,"key":"SteroidPotion"}],"is_trial":false,"path_per_floor":["M","M","M","M","M","E","R","E","T","R","E"],"character_chosen":"IRONCLAD","items_purchased":[],"campfire_rested":1,"item_purchase_floors":[],"current_hp_per_floor":[80,86,82,68,65,41,41,7,7,33,0],"gold":232,"neow_bonus":"TEN_PERCENT_HP_BONUS","is_prod":false,"is_daily":false,"chose_seed":false,"campfire_upgraded":0,"win_rate":0,"timestamp":1569786886,"path_taken":["M","M","M","M","M","E","R","E","T","R","E"],"build_version":"2019-07-17","purchased_purges":0,"victory":false,"max_hp_per_floor":[88,88,88,88,88,88,88,88,88,88,88],"card_choices":[{"not_picked":["Clothesline","Havoc"],"picked":"Pummel","floor":1},{"not_picked":["Burning Pact","Flex"],"picked":"Heavy Blade","floor":2},{"not_picked":["Clothesline","Blood for Blood","Heavy Blade"],"picked":"SKIP","floor":3},{"not_picked":["Rage","Warcry"],"picked":"Ghostly Armor","floor":4},{"not_picked":["Fire Breathing","Double Tap"],"picked":"Cleave","floor":5},{"not_picked":["Headbutt","Barricade"],"picked":"Flex","floor":6},{"not_picked":["Iron Wave","Wild Strike","Clothesline"],"picked":"SKIP","floor":8}],"player_experience":307185,"relics_obtained":[{"floor":6,"key":"Peace Pipe"},{"floor":8,"key":"Centennial Puzzle"},{"floor":9,"key":"Bronze Scales"}],"event_choices":[],"is_beta":false,"boss_relics":[],"items_purged_floors":[],"is_endless":false,"potions_floor_spawned":[1,5,6,8],"killed_by":"Lagavulin","ascension_level":10}