{"gold_per_floor":[116,116,136,160,110,135,63,84,109,109,143,205,255,271,271,370,370,388,406,506,506,350,375,375,391,475,475,485,497,497,507,507,610,610,629,629,629,529,310,345,359,359,359,359],"floor_reached":44,"playtime":2856,"items_purged":["Strike_B","Defend_B","Writhe"],"score":659,"play_id":"05784fd0-0107-400a-8da6-59af340217ae","local_time":"20190508202238","is_ascension_mode":true,"campfire_choices":[{"data":"Zap","floor":15,"key":"SMITH"},{"data":"Dualcast","floor":24,"key":"SMITH"},{"data":"Heatsinks","floor":32,"key":"SMITH"}],"neow_cost":"NONE","seed_source_timestamp":2451481705194,"circlet_count":0,"master_deck":["Defend_B","Defend_B","Defend_B","Zap+1","Dualcast+1","Self Repair","Static Discharge","Sunder+1","Storm","Turbo","Leap","Chaos","Fission","Recycle+1","Loop+1","Conserve Battery+1","Heatsinks+1","Self Repair","Stack+1","Defragment+1","Heatsinks+1","Coolheaded+1","Ghostly+1","Ghostly+1","Ghostly+1","Ghostly+1","Ghostly+1","Self Repair","Machine Learning","Injury","Injury","Glacier+1","Bandage Up+1","Jack Of All Trades+1","Discovery+1","Impatience+1","Hologram+1","Stack+1","Madness+1","Madness+1"],"relics":["Cracked Core","Bag of Preparation","Juzu Bracelet","Odd Mushroom","Strawberry","Art of War","Bronze Scales","PreservedInsect","Eternal Feather","Ice Cream","Toxic Egg 2","Whetstone","Tiny Chest","Calling Bell","Pen Nib","Shuriken","Calipers","Dodecahedron","Letter Opener"],"potions_floor_usage":[12,12,18,20,20,23,40],"damage_taken":[{"damage":1,"enemies":"Cultist","floor":1,"turns":3},{"damage":6,"enemies":"Jaw Worm","floor":3,"turns":4},{"damage":40,"enemies":"3 Sentries","floor":6,"turns":7},{"damage":15,"enemies":"The Mushroom Lair","floor":8,"turns":4},{"damage":30,"enemies":"Lagavulin","floor":11,"turns":5},{"damage":20,"enemies":"3 Sentries","floor":12,"turns":5},{"damage":0,"enemies":"2 Louse","floor":14,"turns":2},{"damage":6,"enemies":"Hexaghost","floor":16,"turns":9},{"damage":22,"enemies":"Shell Parasite","floor":18,"turns":7},{"damage":4,"enemies":"Chosen","floor":19,"turns":5},{"damage":28,"enemies":"Colosseum Slavers","floor":20,"turns":4},{"damage":40,"enemies":"Colosseum Nobs","floor":20,"turns":4},{"damage":5,"enemies":"Book of Stabbing","floor":23,"turns":5},{"damage":6,"enemies":"Snecko","floor":25,"turns":5},{"damage":15,"enemies":"Sentry and Sphere","floor":28,"turns":5},{"damage":22,"enemies":"Centurion and Healer","floor":29,"turns":5},{"damage":2,"enemies":"Snecko","floor":31,"turns":7},{"damage":14,"enemies":"Champ","floor":33,"turns":12},{"damage":1,"enemies":"Orb Walker","floor":35,"turns":5},{"damage":4,"enemies":"Reptomancer","floor":40,"turns":3},{"damage":5,"enemies":"3 Darklings","floor":41,"turns":3},{"damage":47,"enemies":"Transient","floor":44,"turns":4}],"seed_played":"6339451003762342723","potions_obtained":[{"floor":3,"key":"FearPotion"},{"floor":6,"key":"Strength Potion"},{"floor":14,"key":"Weak Potion"},{"floor":16,"key":"EssenceOfSteel"},{"floor":18,"key":"Dexterity Potion"},{"floor":19,"key":"Energy Potion"},{"floor":23,"key":"Energy Potion"},{"floor":25,"key":"GamblersBrew"},{"floor":29,"key":"LiquidBronze"},{"floor":35,"key":"AttackPotion"},{"floor":41,"key":"Dexterity Potion"}],"is_trial":false,"path_per_floor":["M","?","M","T","?","E","$","?","T","?","E","?","T","M","R","B",null,"M","M","?","?","$","E","R","M","T","?","M","M","?","M","R","B",null,"M","?","?","$","$","E","M","?","T","M"],"character_chosen":"DEFECT","items_purchased":["Storm","Self Repair","Impatience+1"],"campfire_rested":0,"item_purchase_floors":[7,22,39],"current_hp_per_floor":[81,74,75,75,75,42,42,34,41,46,23,10,10,17,17,18,94,79,82,28,28,28,37,49,57,57,57,56,48,47,47,47,47,47,47,47,37,37,37,47,47,41,41,0],"gold":359,"neow_bonus":"TEN_PERCENT_HP_BONUS","is_prod":false,"is_daily":false,"chose_seed":false,"campfire_upgraded":3,"win_rate":0,"timestamp":1557343358,"path_taken":["M","?","M","?","?","E","$","?","T","?","E","?","?","M","R","BOSS","M","M","?","?","?","E","R","M","T","?","M","M","?","M","R","BOSS","M","?","?","?","$","E","M","?","T","M"],"build_version":"2019-01-23","purchased_purges":3,"victory":false,"max_hp_per_floor":[82,82,82,82,82,82,82,82,89,94,94,94,94,94,94,94,94,94,94,94,94,94,94,94,94,94,94,94,94,47,47,47,47,47,47,47,47,47,47,47,47,47,47,47],"card_choices":[{"not_picked":["Go for the Eyes","Heatsinks"],"picked":"Self Repair","floor":1},{"not_picked":["Ball Lightning","Cold Snap"],"picked":"Static Discharge","floor":3},{"not_picked":["Ball Lightning","Redo"],"picked":"Sunder","floor":6},{"not_picked":["Blizzard","Cold Snap"],"picked":"Turbo","floor":8},{"not_picked":["Beam Cell","Hologram","All For One"],"picked":"SKIP","floor":11},{"not_picked":["Rebound","Cold Snap"],"picked":"Leap","floor":12},{"not_picked":["Ball Lightning","Recycle"],"picked":"Chaos","floor":14},{"not_picked":["Thunder Strike","Seek"],"picked":"Fission","floor":16},{"not_picked":["Redo","Blizzard"],"picked":"Recycle+1","floor":18},{"not_picked":["Melter","Double Energy+1"],"picked":"Loop+1","floor":19},{"not_picked":["Redo","Compile Driver"],"picked":"Conserve Battery+1","floor":20},{"not_picked":["Go for the Eyes","Ball Lightning+1"],"picked":"Stack+1","floor":23},{"not_picked":["Go for the Eyes","Redo+1"],"picked":"Defragment+1","floor":25},{"not_picked":["Tempest+1","Coolheaded+1"],"picked":"Heatsinks+1","floor":28},{"not_picked":["Melter","Cold Snap"],"picked":"Coolheaded+1","floor":29},{"not_picked":["Leap+1","Compile Driver+1"],"picked":"Self Repair","floor":31},{"not_picked":["Amplify+1","Thunder Strike"],"picked":"Machine Learning","floor":33},{"not_picked":["Steam+1","Cold Snap+1"],"picked":"Glacier+1","floor":35},{"not_picked":["Metamorphosis+1","Secret Weapon+1"],"picked":"Bandage Up+1","floor":37},{"not_picked":["Swift Strike","Enlightenment+1"],"picked":"Jack Of All Trades+1","floor":37},{"not_picked":["Trip+1","Secret Weapon+1"],"picked":"Discovery+1","floor":37},{"not_picked":["Go for the Eyes","Barrage"],"picked":"Hologram+1","floor":40},{"not_picked":["Genetic Algorithm+1","Steam+1"],"picked":"Stack+1","floor":41}],"player_experience":220795,"relics_obtained":[{"floor":4,"key":"Bag of Preparation"},{"floor":6,"key":"Juzu Bracelet"},{"floor":8,"key":"Odd Mushroom"},{"floor":9,"key":"Strawberry"},{"floor":11,"key":"Art of War"},{"floor":12,"key":"Bronze Scales"},{"floor":13,"key":"PreservedInsect"},{"floor":20,"key":"Ice Cream"},{"floor":20,"key":"Toxic Egg 2"},{"floor":23,"key":"Whetstone"},{"floor":26,"key":"Tiny Chest"},{"floor":34,"key":"Pen Nib"},{"floor":34,"key":"Shuriken"},{"floor":34,"key":"Calipers"},{"floor":40,"key":"Dodecahedron"},{"floor":43,"key":"Letter Opener"}],"event_choices":[{"cards_removed":["Strike_B"],"damage_healed":0,"gold_gain":0,"player_choice":"Card Removal","damage_taken":7,"max_hp_gain":0,"max_hp_loss":0,"event_name":"Golden Wing","floor":2,"gold_loss":0},{"cards_removed":["Strike_B"],"damage_healed":0,"gold_gain":0,"player_choice":"Card Removal","damage_taken":0,"max_hp_gain":0,"max_hp_loss":0,"event_name":"The Cleric","floor":5,"gold_loss":50},{"damage_healed":0,"gold_gain":0,"player_choice":"Fought Mushrooms","damage_taken":0,"max_hp_gain":0,"max_hp_loss":0,"event_name":"Mushrooms","floor":8,"gold_loss":0},{"damage_healed":0,"gold_gain":0,"player_choice":"Donut","damage_taken":0,"max_hp_gain":5,"max_hp_loss":0,"event_name":"Big Fish","floor":10,"gold_loss":0},{"damage_healed":0,"gold_gain":0,"player_choice":"Searched \u00271\u0027 times","damage_taken":0,"max_hp_gain":0,"max_hp_loss":0,"event_name":"Dead Adventurer","floor":12,"gold_loss":0},{"damage_healed":0,"gold_gain":0,"player_choice":"Fight","damage_taken":0,"max_hp_gain":0,"max_hp_loss":0,"event_name":"Colosseum","floor":20,"gold_loss":0},{"damage_healed":0,"gold_gain":0,"player_choice":"Fought Nobs","damage_taken":0,"max_hp_gain":0,"max_hp_loss":0,"event_name":"Colosseum","floor":20,"gold_loss":0},{"damage_healed":0,"gold_gain":0,"player_choice":"Read","damage_taken":0,"max_hp_gain":0,"max_hp_loss":0,"event_name":"The Library","floor":21,"gold_loss":0,"cards_obtained":["Heatsinks"]},{"cards_removed":["Strike_B"],"damage_healed":0,"gold_gain":0,"player_choice":"Elegance","damage_taken":0,"max_hp_gain":0,"max_hp_loss":0,"event_name":"Back to Basics","floor":27,"gold_loss":0},{"damage_healed":0,"gold_gain":0,"player_choice":"Became a Ghost","damage_taken":0,"max_hp_gain":0,"max_hp_loss":47,"event_name":"Ghosts","floor":30,"gold_loss":0,"cards_obtained":["Ghostly","Ghostly","Ghostly","Ghostly","Ghostly"]},{"damage_healed":0,"gold_gain":0,"player_choice":"Ignored","damage_taken":0,"max_hp_gain":0,"max_hp_loss":0,"event_name":"Tomb of Lord Red Mask","floor":36,"gold_loss":0},{"damage_healed":0,"gold_gain":0,"player_choice":"Memory 3","damage_taken":10,"max_hp_gain":0,"max_hp_loss":0,"event_name":"SensoryStone","floor":37,"gold_loss":0},{"damage_healed":0,"gold_gain":0,"player_choice":"Embrace Madness","damage_taken":6,"max_hp_gain":0,"max_hp_loss":0,"event_name":"Winding Halls","floor":42,"gold_loss":0,"cards_obtained":["Madness","Madness"]}],"is_beta":false,"boss_relics":[{"not_picked":["Lizard Tail","Fusion Hammer"],"picked":"Eternal Feather"},{"not_picked":["Pandora\u0027s Box","Velvet Choker"],"picked":"Calling Bell"}],"items_purged_floors":[22,38,39],"is_endless":false,"potions_floor_spawned":[3,6,14,16,18,19,23,25,29,31,35,41],"killed_by":"Transient","ascension_level":4}