{"gold_per_floor":[118,118,136,153,167,167,201,8,8,21,47,47,79,166,178,288,300,324,11,21,21,31,31,31],"floor_reached":24,"playtime":1030,"items_purged":["Defend_R"],"score":306,"play_id":"7a46883d-8eee-4247-a60d-cee0dd7cb6b4","local_time":"20190908122808","is_ascension_mode":true,"campfire_choices":[{"floor":6,"key":"REST"},{"floor":15,"key":"REST"},{"floor":23,"key":"REST"}],"neow_cost":"NONE","seed_source_timestamp":155523023905500,"circlet_count":0,"master_deck":["Strike_R","Strike_R","Strike_R","Strike_R","Defend_R","Defend_R","Bash","Heavy Blade+1","Flex","Cleave","Cleave","Feed","Twin Strike","Flex","Flame Barrier","Feed","Headbutt","Shrug It Off","Flex","Wild Strike","Cleave"],"relics":["Burning Blood","Oddly Smooth Stone","Blood Vial","Membership Card","Shuriken","Shovel","MawBank","Empty Cage","Thread and Needle","Lee\u0027s Waffle"],"potions_floor_usage":[4,16,16,18,22,24],"damage_taken":[{"damage":11,"enemies":"Jaw Worm","floor":1,"turns":5},{"damage":0,"enemies":"Cultist","floor":3,"turns":3},{"damage":0,"enemies":"2 Louse","floor":4,"turns":1},{"damage":26,"enemies":"Large Slime","floor":5,"turns":4},{"damage":8,"enemies":"Gremlin Nob","floor":7,"turns":3},{"damage":13,"enemies":"Looter","floor":10,"turns":4},{"damage":44,"enemies":"Lagavulin","floor":11,"turns":5},{"damage":14,"enemies":"Blue Slaver","floor":13,"turns":3},{"damage":31,"enemies":"Hexaghost","floor":16,"turns":11},{"damage":25,"enemies":"2 Thieves","floor":18,"turns":4},{"damage":18,"enemies":"Spheric Guardian","floor":20,"turns":5},{"damage":36,"enemies":"Snake Plant","floor":22,"turns":4},{"damage":76,"enemies":"Gremlin Leader","floor":24,"turns":7}],"seed_played":"5926426217339565327","potions_obtained":[{"floor":3,"key":"Fire Potion"},{"floor":4,"key":"Dexterity Potion"},{"floor":13,"key":"PowerPotion"},{"floor":16,"key":"PowerPotion"},{"floor":20,"key":"Energy Potion"},{"floor":22,"key":"Weak Potion"}],"is_trial":false,"path_per_floor":["M","?","M","M","M","R","E","$","T","M","E","?","M","?","R","B",null,"M","$","M","?","M","R","E"],"character_chosen":"IRONCLAD","items_purchased":["Membership Card","Thread and Needle","Lee\u0027s Waffle","Shrug It Off","Flex"],"campfire_rested":3,"item_purchase_floors":[8,19,19,19,19],"current_hp_per_floor":[67,67,73,79,59,80,78,78,78,76,40,28,22,11,35,12,65,54,96,84,65,40,71,0],"gold":31,"neow_bonus":"RANDOM_COMMON_RELIC","is_prod":false,"is_daily":false,"chose_seed":false,"campfire_upgraded":0,"win_rate":0,"timestamp":1567960088,"path_taken":["M","?","M","?","M","R","E","$","T","M","E","?","M","?","R","BOSS","M","$","M","?","M","R","E"],"build_version":"2019-07-17","purchased_purges":1,"victory":false,"max_hp_per_floor":[80,80,80,80,80,80,80,80,80,83,83,83,83,83,83,83,83,89,96,96,101,104,104,104],"card_choices":[{"not_picked":["True Grit","Combust"],"picked":"Heavy Blade","floor":1},{"not_picked":["Anger","Clash"],"picked":"Flex","floor":3},{"not_picked":["Flex","Searing Blow"],"picked":"Cleave","floor":4},{"not_picked":["Armaments","Warcry"],"picked":"Cleave","floor":5},{"not_picked":["Clash","Dropkick"],"picked":"Feed","floor":7},{"not_picked":["True Grit","Flex"],"picked":"Twin Strike","floor":10},{"not_picked":["Feel No Pain","Evolve"],"picked":"Flex","floor":11},{"not_picked":["Pommel Strike","Heavy Blade"],"picked":"Flame Barrier","floor":13},{"not_picked":["Exhume","Berserk"],"picked":"Feed","floor":16},{"not_picked":["Body Slam","Rage+1"],"picked":"Headbutt","floor":18},{"not_picked":["Twin Strike","Clothesline"],"picked":"Wild Strike","floor":20},{"not_picked":["Sentinel","Dual Wield+1"],"picked":"Cleave","floor":22}],"player_experience":515498,"relics_obtained":[{"floor":7,"key":"Blood Vial"},{"floor":9,"key":"Shuriken"},{"floor":11,"key":"Shovel"}],"event_choices":[{"damage_healed":0,"gold_gain":0,"player_choice":"Upgraded","damage_taken":0,"max_hp_gain":0,"max_hp_loss":0,"event_name":"Upgrade Shrine","floor":2,"gold_loss":0,"cards_upgraded":["Heavy Blade"]},{"damage_healed":0,"gold_gain":0,"player_choice":"Success","damage_taken":12,"relics_obtained":["MawBank"],"max_hp_gain":0,"max_hp_loss":0,"event_name":"Scrap Ooze","floor":12,"gold_loss":0},{"damage_healed":0,"gold_gain":75,"player_choice":"Gather Gold","damage_taken":11,"max_hp_gain":0,"max_hp_loss":0,"event_name":"World of Goop","floor":14,"gold_loss":0},{"damage_healed":0,"gold_gain":0,"player_choice":"Shed Blood","damage_taken":24,"max_hp_gain":5,"max_hp_loss":0,"event_name":"Forgotten Altar","floor":21,"gold_loss":0}],"is_beta":false,"boss_relics":[{"not_picked":["Ectoplasm","Runic Pyramid"],"picked":"Empty Cage"}],"items_purged_floors":[19],"is_endless":false,"potions_floor_spawned":[3,4,13,16,20,22],"killed_by":"Gremlin Leader","ascension_level":7}