{"gold_per_floor":[114,39,39,59,74,106,121,121,121,137,137,148,163,163,163,258,258,269,269,544,561,581,581],"floor_reached":23,"playtime":3329,"items_purged":["Strike_G"],"score":195,"play_id":"1211f3d0-e1d6-4d57-8485-9101c4d4c742","local_time":"20181215215203","is_ascension_mode":false,"campfire_choices":[{"data":"Noxious Fumes","floor":8,"key":"SMITH"},{"data":"Neutralize","floor":15,"key":"SMITH"}],"neow_cost":"NONE","seed_source_timestamp":161574378105168,"circlet_count":0,"master_deck":["Defend_G","Defend_G","Defend_G","Defend_G","Defend_G","Strike_G","Strike_G","Strike_G","Strike_G","Survivor","Neutralize+1","Noxious Fumes+1","Bane","Crippling Poison","Deadly Poison","Flying Knee","Malaise","Bane","Regret","Corpse Explosion","Caltrops+1","Regret","Outmaneuver","Poisoned Stab+1"],"relics":["White Beast Statue","GremlinMask","Kunai","Mango","Torii","Eternal Feather"],"potions_floor_usage":[6,6,7,10,13,16,18,21,22,23],"damage_taken":[{"damage":0,"enemies":"Small Slimes","floor":1,"turns":4},{"damage":0,"enemies":"Cultist","floor":4,"turns":4},{"damage":0,"enemies":"2 Louse","floor":5,"turns":3},{"damage":18,"enemies":"Gremlin Nob","floor":6,"turns":4},{"damage":6,"enemies":"Lots of Slimes","floor":7,"turns":5},{"damage":8,"enemies":"3 Louse","floor":10,"turns":3},{"damage":9,"enemies":"2 Fungi Beasts","floor":12,"turns":4},{"damage":4,"enemies":"Lots of Slimes","floor":13,"turns":3},{"damage":5,"enemies":"The Guardian","floor":16,"turns":10},{"damage":5,"enemies":"3 Byrds","floor":18,"turns":3},{"damage":36,"enemies":"2 Thieves","floor":21,"turns":3},{"damage":6,"enemies":"Cultist and Chosen","floor":22,"turns":5},{"damage":37,"enemies":"Gremlin Leader","floor":23,"turns":5}],"seed_played":"87260149921777432","potions_obtained":[{"floor":1,"key":"Regen Potion"},{"floor":4,"key":"SteroidPotion"},{"floor":5,"key":"LiquidBronze"},{"floor":6,"key":"SkillPotion"},{"floor":7,"key":"GhostInAJar"},{"floor":10,"key":"SneckoOil"},{"floor":12,"key":"FearPotion"},{"floor":13,"key":"Ancient Potion"},{"floor":16,"key":"Swift Potion"},{"floor":18,"key":"FearPotion"},{"floor":21,"key":"AttackPotion"},{"floor":22,"key":"SpeedPotion"}],"is_trial":false,"path_per_floor":["M","$","?","M","M","E","M","R","T","M","?","M","M","?","R","B",null,"M","?","?","M","M","E"],"character_chosen":"THE_SILENT","items_purchased":[],"campfire_rested":0,"item_purchase_floors":[],"current_hp_per_floor":[70,70,70,70,70,57,51,51,65,57,57,48,44,44,44,39,84,79,79,79,43,37,0],"gold":581,"neow_bonus":"BOSS_RELIC","is_prod":false,"is_daily":false,"chose_seed":false,"campfire_upgraded":2,"win_rate":0,"timestamp":1544910723,"path_taken":["M","$","?","?","M","E","M","R","T","M","?","?","M","?","R","BOSS","M","?","?","?","M","E"],"build_version":"2018-12-13","purchased_purges":1,"victory":false,"max_hp_per_floor":[70,70,70,70,70,70,70,70,84,84,84,84,84,84,84,84,84,84,84,84,84,84,84],"card_choices":[{"not_picked":["Bane","Quick Slash"],"picked":"Noxious Fumes","floor":1},{"not_picked":["Cloak And Dagger","Well Laid Plans"],"picked":"Bane","floor":4},{"not_picked":["Acrobatics","Backflip"],"picked":"Crippling Poison","floor":5},{"not_picked":["Terror","Blade Dance"],"picked":"Deadly Poison","floor":6},{"not_picked":["Dodge and Roll","Blur"],"picked":"Flying Knee","floor":7},{"not_picked":["Concentrate","Leg Sweep","Blade Dance"],"picked":"SKIP","floor":10},{"not_picked":["Slice","Backflip"],"picked":"Malaise","floor":12},{"not_picked":["Choke","Acrobatics"],"picked":"Bane","floor":13},{"not_picked":["Wraith Form v2","Night Terror"],"picked":"Corpse Explosion","floor":16},{"not_picked":["Dagger Spray+1","Bane+1"],"picked":"Caltrops+1","floor":18},{"not_picked":["Dagger Spray+1","Quick Slash"],"picked":"Outmaneuver","floor":21},{"not_picked":["Well Laid Plans","Setup"],"picked":"Poisoned Stab+1","floor":22}],"player_experience":195766,"relics_obtained":[{"floor":6,"key":"Kunai"},{"floor":9,"key":"Mango"}],"event_choices":[{"damage_healed":0,"gold_gain":0,"player_choice":"Trade","damage_taken":0,"relics_obtained":["GremlinMask"],"max_hp_gain":0,"max_hp_loss":0,"event_name":"FaceTrader","floor":3,"gold_loss":0},{"damage_healed":0,"gold_gain":0,"player_choice":"Ignored","damage_taken":0,"max_hp_gain":0,"max_hp_loss":0,"event_name":"NoteForYourself","floor":11,"gold_loss":0},{"damage_healed":0,"gold_gain":0,"player_choice":"Box","damage_taken":0,"relics_obtained":["Torii"],"max_hp_gain":0,"max_hp_loss":0,"event_name":"Big Fish","floor":14,"gold_loss":0,"cards_obtained":["Regret"]},{"damage_healed":0,"gold_gain":0,"player_choice":"Ignored","damage_taken":0,"max_hp_gain":0,"max_hp_loss":0,"event_name":"Ghosts","floor":19,"gold_loss":0},{"damage_healed":0,"gold_gain":275,"player_choice":"Desecrate","damage_taken":0,"max_hp_gain":0,"max_hp_loss":0,"event_name":"Golden Shrine","floor":20,"gold_loss":0,"cards_obtained":["Regret"]}],"is_beta":true,"boss_relics":[{"not_picked":["Cursed Key","Calling Bell"],"picked":"Eternal Feather"}],"items_purged_floors":[2],"is_endless":false,"potions_floor_spawned":[1,4,5,6,7,10,12,13,16,18,21,22],"killed_by":"Gremlin Leader","ascension_level":0}