{"gold_per_floor":[110,123,140,140,154,154,182,229,229,287,301,312,412,422,422,526,526,540,52,71,86,86,112,112,130,177,177,193,226,242,38,38,142,142,153,153,207,233,79,110,110,210,210,243,243,282,102,131,131,131,131,131,1,32,32],"floor_reached":56,"playtime":3825,"items_purged":[],"score":1756,"play_id":"d507ebf5-e35f-4cb5-b052-6ca30a10bd2c","local_time":"20190213191633","is_ascension_mode":true,"campfire_choices":[{"data":"Glacier","floor":6,"key":"SMITH"},{"floor":15,"key":"REST"},{"floor":24,"key":"REST"},{"floor":27,"key":"REST"},{"floor":32,"key":"RECALL"},{"floor":41,"key":"REST"},{"floor":45,"key":"REST"},{"floor":49,"key":"REST"},{"data":"Echo Form","floor":52,"key":"SMITH"}],"neow_cost":"NONE","seed_source_timestamp":21347125166889,"circlet_count":0,"master_deck":["Strike_B","Strike_B","Strike_B","Defend_B","Defend_B","Defend_B+1","Defend_B","Zap","Dualcast+1","Glacier+1","Hello World","Biased Cognition","Loop","Rip and Tear","Barrage","Blizzard","White Noise+1","Capacitor","Stack+1","Electrodynamics","Defragment","Apotheosis+1","Stack+1","Hello World","Chill+1","Steam+1","Capacitor+1","Hologram+1","BootSequence+1","Consume+1","Auto Shields+1","Redo+1","Echo Form+1","Transmutation+1","White Noise+1","Glacier+1","Barrage+1","FTL+1","Defragment","White Noise+1","Steam+1","Barrage","Conserve Battery+1","Thunder Strike"],"relics":["FrozenCore","Symbiotic Virus","Vajra","Toxic Egg 2","Tiny Chest","Nuclear Battery","Oddly Smooth Stone","War Paint","Blood Vial","Singing Bowl","Membership Card","Mummified Hand","Calipers","Art of War","Strawberry","Smiling Mask","Unceasing Top","Ornamental Fan","Cables","Lantern","Centennial Puzzle","Bottled Tornado","Pen Nib"],"potions_floor_usage":[7,14,16,16,29,33,40,44,55,55],"damage_taken":[{"damage":0,"enemies":"2 Louse","floor":1,"turns":2},{"damage":0,"enemies":"Jaw Worm","floor":2,"turns":4},{"damage":0,"enemies":"Cultist","floor":3,"turns":5},{"damage":1,"enemies":"2 Fungi Beasts","floor":5,"turns":3},{"damage":19,"enemies":"Gremlin Nob","floor":7,"turns":6},{"damage":11,"enemies":"3 Sentries","floor":10,"turns":8},{"damage":14,"enemies":"Red Slaver","floor":11,"turns":3},{"damage":6,"enemies":"Gremlin Gang","floor":12,"turns":3},{"damage":15,"enemies":"Exordium Thugs","floor":14,"turns":4},{"damage":19,"enemies":"Hexaghost","floor":16,"turns":8},{"damage":7,"enemies":"Chosen","floor":18,"turns":3},{"damage":3,"enemies":"3 Byrds","floor":20,"turns":3},{"damage":0,"enemies":"Centurion and Healer","floor":21,"turns":4},{"damage":40,"enemies":"Gremlin Leader","floor":23,"turns":7},{"damage":0,"enemies":"Snake Plant","floor":25,"turns":3},{"damage":11,"enemies":"3 Cultists","floor":28,"turns":4},{"damage":1,"enemies":"Book of Stabbing","floor":29,"turns":5},{"damage":6,"enemies":"Sentry and Sphere","floor":30,"turns":4},{"damage":21,"enemies":"Collector","floor":33,"turns":7},{"damage":11,"enemies":"Orb Walker","floor":35,"turns":5},{"damage":0,"enemies":"2 Orb Walkers","floor":37,"turns":6},{"damage":12,"enemies":"Nemesis","floor":40,"turns":5},{"damage":32,"enemies":"Mind Bloom Boss Battle","floor":42,"turns":6},{"damage":6,"enemies":"Reptomancer","floor":44,"turns":5},{"damage":13,"enemies":"3 Shapes","floor":46,"turns":3},{"damage":0,"enemies":"Nemesis","floor":48,"turns":3},{"damage":0,"enemies":"Awakened One","floor":50,"turns":7},{"damage":0,"enemies":"Shield and Spear","floor":54,"turns":4},{"damage":37,"enemies":"The Heart","floor":55,"turns":6}],"seed_played":"-2642132455594748950","potions_obtained":[{"floor":2,"key":"Weak Potion"},{"floor":5,"key":"FearPotion"},{"floor":10,"key":"Swift Potion"},{"floor":14,"key":"AttackPotion"},{"floor":21,"key":"SpeedPotion"},{"floor":25,"key":"Energy Potion"},{"floor":28,"key":"Strength Potion"},{"floor":37,"key":"AttackPotion"},{"floor":40,"key":"Ancient Potion"},{"floor":42,"key":"Explosive Potion"}],"is_trial":false,"path_per_floor":["M","M","M","?","M","R","E","T","T","E","M","M","?","M","R","B",null,"M","$","M","M","T","E","R","M","T","R","M","E","M","$","R","B",null,"M","T","?","T","$","E","R","?","T","E","R","M","$","E","R","B",null,"R","$","E","B",null],"character_chosen":"DEFECT","items_purchased":["Apotheosis+1","Oddly Smooth Stone","Stack+1","Hello World","Chill+1","Membership Card","Strawberry","Transmutation+1","Lantern","Defragment","White Noise+1","Steam+1","Barrage","Bottled Tornado"],"campfire_rested":6,"item_purchase_floors":[19,19,19,19,19,31,39,39,47,47,47,47,47,53],"current_hp_per_floor":[75,75,75,75,74,74,55,55,55,44,30,24,24,9,33,14,65,58,58,55,55,55,15,39,39,39,63,54,55,51,51,51,32,70,63,63,67,67,74,64,91,61,61,57,84,73,73,75,93,93,93,93,93,93,56],"gold":32,"neow_bonus":"TEN_PERCENT_HP_BONUS","is_prod":false,"is_daily":false,"chose_seed":false,"campfire_upgraded":2,"win_rate":0,"timestamp":1550103393,"path_taken":["M","M","M","?","M","R","E","?","T","E","?","M","?","M","R","BOSS","M","$","M","M","?","E","R","M","T","R","M","E","?","?","R","BOSS","M","?","?","?","?","E","R","?","T","E","R","M","$","E","R","BOSS","R","$","E","BOSS"],"build_version":"2019-01-23","purchased_purges":0,"victory":true,"max_hp_per_floor":[82,82,82,82,82,82,82,82,82,82,82,82,82,82,82,82,82,82,82,82,82,82,82,82,82,82,82,82,82,82,82,82,82,82,84,84,86,86,93,93,93,93,93,93,93,93,93,93,93,93,93,93,93,93,93],"card_choices":[{"not_picked":["Cold Snap","Self Repair"],"picked":"Glacier","floor":1},{"not_picked":["Gash","Turbo"],"picked":"Hello World","floor":2},{"not_picked":["Streamline","Turbo"],"picked":"Biased Cognition","floor":3},{"not_picked":["Rebound","Fusion"],"picked":"Rip and Tear","floor":5},{"not_picked":["Streamline","Ball Lightning"],"picked":"Barrage","floor":7},{"not_picked":["Streamline","Gash"],"picked":"Blizzard","floor":10},{"not_picked":["Conserve Battery+1","Gash"],"picked":"White Noise+1","floor":11},{"not_picked":["Biased Cognition","Beam Cell"],"picked":"Capacitor","floor":12},{"not_picked":["Turbo+1","Static Discharge"],"picked":"Stack+1","floor":14},{"not_picked":["Seek+1","Amplify+1"],"picked":"Electrodynamics","floor":16},{"not_picked":["Compile Driver","Coolheaded+1"],"picked":"Defragment","floor":18},{"not_picked":["Blizzard","Static Discharge"],"picked":"Steam+1","floor":20},{"not_picked":["Sunder+1","Conserve Battery+1"],"picked":"Capacitor+1","floor":21},{"not_picked":["Redo+1","Doom and Gloom"],"picked":"Hologram+1","floor":23},{"not_picked":["Streamline","Heatsinks+1"],"picked":"BootSequence+1","floor":25},{"not_picked":["Ball Lightning","Rebound"],"picked":"Consume+1","floor":28},{"not_picked":["Steam Power+1","Rebound"],"picked":"Auto Shields+1","floor":29},{"not_picked":["Go for the Eyes+1","Blizzard"],"picked":"Redo+1","floor":30},{"not_picked":["Amplify+1","Electrodynamics"],"picked":"Echo Form","floor":33},{"not_picked":["Turbo+1","Streamline","Gash+1"],"picked":"Singing Bowl","floor":35},{"not_picked":["Sweeping Beam","Rebound","Consume+1"],"picked":"Singing Bowl","floor":37},{"not_picked":["Aggregate+1","Sweeping Beam"],"picked":"White Noise+1","floor":40},{"not_picked":["Sweeping Beam","Leap+1"],"picked":"Glacier+1","floor":42},{"not_picked":["Doom and Gloom","All For One"],"picked":"Barrage+1","floor":44},{"not_picked":["Compile Driver","Go for the Eyes+1"],"picked":"FTL+1","floor":46},{"not_picked":["Sunder+1","Steam+1"],"picked":"Conserve Battery+1","floor":48},{"not_picked":["Heatsinks+1","Coolheaded+1"],"picked":"Thunder Strike","floor":54}],"player_experience":466280,"relics_obtained":[{"floor":7,"key":"Symbiotic Virus"},{"floor":8,"key":"Vajra"},{"floor":9,"key":"Toxic Egg 2"},{"floor":10,"key":"Tiny Chest"},{"floor":23,"key":"War Paint"},{"floor":26,"key":"Blood Vial"},{"floor":29,"key":"Singing Bowl"},{"floor":36,"key":"Mummified Hand"},{"floor":37,"key":"Calipers"},{"floor":38,"key":"Art of War"},{"floor":40,"key":"Smiling Mask"},{"floor":42,"key":"Unceasing Top"},{"floor":43,"key":"Ornamental Fan"},{"floor":44,"key":"Cables"},{"floor":48,"key":"Centennial Puzzle"},{"floor":54,"key":"Pen Nib"}],"event_choices":[{"damage_healed":0,"gold_gain":0,"cards_transformed":["Strike_B"],"player_choice":"Change","damage_taken":0,"max_hp_gain":0,"max_hp_loss":0,"event_name":"Living Wall","floor":4,"gold_loss":0,"cards_obtained":["Loop"]},{"damage_healed":0,"gold_gain":100,"player_choice":"Gold","damage_taken":0,"max_hp_gain":0,"max_hp_loss":0,"event_name":"Wheel of Change","floor":13,"gold_loss":0},{"damage_healed":0,"gold_gain":0,"player_choice":"Fight","damage_taken":0,"max_hp_gain":0,"max_hp_loss":0,"event_name":"Mysterious Sphere","floor":37,"gold_loss":0},{"damage_healed":0,"gold_gain":0,"player_choice":"Fight","damage_taken":0,"max_hp_gain":0,"max_hp_loss":0,"event_name":"MindBloom","floor":42,"gold_loss":0}],"is_beta":false,"boss_relics":[{"not_picked":["Runic Pyramid","Coffee Dripper"],"picked":"Nuclear Battery"},{"not_picked":["Calling Bell","Philosopher\u0027s Stone"],"picked":"FrozenCore"}],"items_purged_floors":[],"is_endless":false,"potions_floor_spawned":[2,5,10,14,21,25,28,37,40,42],"ascension_level":7}