{"gold_per_floor":[17,36,48,60,135,135,166,193,193,226,226,44,62,237,237,342,342,354,20,33,33,33,33,47,47,47,47],"floor_reached":27,"playtime":853,"items_purged":[],"score":308,"play_id":"8fb4ab39-143f-4f39-925d-df5902301810","local_time":"20181228210901","is_ascension_mode":true,"campfire_choices":[{"data":"Zap","floor":6,"key":"SMITH"},{"floor":11,"key":"REST"},{"data":"Doubt","floor":15,"key":"PURGE"},{"data":"Static Discharge","floor":23,"key":"SMITH"},{"data":"Buffer","floor":25,"key":"SMITH"}],"neow_cost":"NO_GOLD","seed_source_timestamp":706439416955777,"circlet_count":0,"master_deck":["Strike_B","Strike_B","Strike_B","Strike_B","Defend_B+1","Defend_B","Defend_B","Defend_B+1","Zap+1","Dualcast","Streamline","Beam Cell","Reprogram","Ball Lightning","Self Repair","Defragment","Hologram","Defragment","Static Discharge+1","Buffer+1","Gash","Gash","Conserve Battery","Ghostly","Ghostly","Ghostly","Ghostly","Ghostly","Defragment"],"relics":["Cracked Core","Peace Pipe","Blue Candle","Odd Mushroom","Ancient Tea Set","War Paint","Nuclear Battery","Torii","Question Card"],"potions_floor_usage":[7,8,8,16],"damage_taken":[{"damage":2,"enemies":"Jaw Worm","floor":1,"turns":3},{"damage":5,"enemies":"Small Slimes","floor":2,"turns":3},{"damage":0,"enemies":"2 Louse","floor":3,"turns":3},{"damage":0,"enemies":"Large Slime","floor":4,"turns":4},{"damage":0,"enemies":"Gremlin Nob","floor":7,"turns":2},{"damage":1,"enemies":"The Mushroom Lair","floor":8,"turns":3},{"damage":40,"enemies":"3 Sentries","floor":10,"turns":5},{"damage":2,"enemies":"2 Fungi Beasts","floor":13,"turns":3},{"damage":50,"enemies":"The Guardian","floor":16,"turns":9},{"damage":22,"enemies":"3 Byrds","floor":18,"turns":3},{"damage":13,"enemies":"Spheric Guardian","floor":20,"turns":4},{"damage":4,"enemies":"Snake Plant","floor":24,"turns":5},{"damage":54,"enemies":"Gremlin Leader","floor":27,"turns":6}],"seed_played":"-6390899211931119084","potions_obtained":[{"floor":3,"key":"Explosive Potion"},{"floor":4,"key":"AttackPotion"},{"floor":7,"key":"SkillPotion"},{"floor":10,"key":"Weak Potion"},{"floor":18,"key":"SneckoOil"},{"floor":24,"key":"FearPotion"}],"is_trial":false,"path_per_floor":["M","M","M","M","?","R","E","?","T","E","R","$","M","?","R","B",null,"M","$","M","?","?","R","M","R","T","E"],"character_chosen":"DEFECT","items_purchased":["War Paint","Defragment","Gash","Torii"],"campfire_rested":1,"item_purchase_floors":[12,12,19,19],"current_hp_per_floor":[73,68,68,68,57,57,57,63,63,30,52,52,57,57,57,14,75,60,60,54,38,37,37,37,37,37,0],"gold":47,"neow_bonus":"ONE_RARE_RELIC","is_prod":false,"is_daily":false,"chose_seed":false,"campfire_upgraded":3,"win_rate":0,"timestamp":1546049341,"path_taken":["M","M","M","M","?","R","E","?","T","E","R","$","M","?","R","BOSS","M","$","M","?","?","R","M","R","T","E"],"build_version":"2018-12-20","purchased_purges":0,"victory":false,"max_hp_per_floor":[75,75,75,75,75,75,75,75,75,75,75,75,75,75,75,75,75,75,75,75,75,37,37,37,37,37,37],"card_choices":[{"not_picked":["Undo","Cold Snap"],"picked":"Streamline","floor":1},{"not_picked":["Barrage","Leap"],"picked":"Beam Cell","floor":2},{"not_picked":["Turbo","Hologram"],"picked":"Reprogram","floor":3},{"not_picked":["Compile Driver","Beam Cell"],"picked":"Ball Lightning","floor":4},{"not_picked":["Steam","Ball Lightning"],"picked":"Self Repair","floor":7},{"not_picked":["Barrage","Hello World"],"picked":"Defragment","floor":8},{"not_picked":["Leap","Redo"],"picked":"Hologram","floor":10},{"not_picked":["Stack","Chaos"],"picked":"Static Discharge","floor":13},{"not_picked":["Fission","Seek"],"picked":"Buffer","floor":16},{"not_picked":["Beam Cell+1","Sweeping Beam"],"picked":"Gash","floor":18},{"not_picked":["Glacier","FTL"],"picked":"Conserve Battery","floor":20},{"not_picked":["Self Repair","Aggregate"],"picked":"Defragment","floor":24}],"player_experience":255810,"relics_obtained":[{"floor":7,"key":"Blue Candle"},{"floor":8,"key":"Odd Mushroom"},{"floor":10,"key":"Ancient Tea Set"},{"floor":26,"key":"Question Card"}],"event_choices":[{"damage_healed":0,"gold_gain":75,"player_choice":"Gather Gold","damage_taken":11,"max_hp_gain":0,"max_hp_loss":0,"event_name":"World of Goop","floor":5,"gold_loss":0},{"damage_healed":0,"gold_gain":0,"player_choice":"Fought Mushrooms","damage_taken":0,"max_hp_gain":0,"max_hp_loss":0,"event_name":"Mushrooms","floor":8,"gold_loss":0},{"damage_healed":0,"gold_gain":175,"player_choice":"AGREE","damage_taken":0,"max_hp_gain":0,"max_hp_loss":0,"event_name":"Liars Game","floor":14,"gold_loss":0,"cards_obtained":["Doubt"]},{"damage_healed":0,"gold_gain":0,"player_choice":"Obtained Book","damage_taken":16,"max_hp_gain":0,"max_hp_loss":0,"event_name":"Cursed Tome","floor":21,"gold_loss":0},{"damage_healed":0,"gold_gain":0,"player_choice":"Became a Ghost","damage_taken":0,"max_hp_gain":0,"max_hp_loss":38,"event_name":"Ghosts","floor":22,"gold_loss":0,"cards_obtained":["Ghostly","Ghostly","Ghostly","Ghostly","Ghostly"]}],"is_beta":false,"boss_relics":[{"not_picked":["Astrolabe","White Beast Statue"],"picked":"Nuclear Battery"}],"items_purged_floors":[],"is_endless":false,"potions_floor_spawned":[3,4,7,10,18,24],"killed_by":"Gremlin Leader","ascension_level":3}