{"gold_per_floor":[113,63,78,89,51,82,98,164,164,180,180,212,22,40,40,135,135,153,167,182,97,97,97],"floor_reached":23,"playtime":13291,"items_purged":[],"score":299,"play_id":"5624a063-e7c1-4079-ab4e-7a969b6ad802","local_time":"20190914182039","is_ascension_mode":true,"campfire_choices":[{"floor":11,"key":"REST"},{"floor":15,"key":"REST"}],"neow_cost":"NONE","seed_source_timestamp":160575886936300,"circlet_count":0,"master_deck":["Defend_G","Defend_G","Defend_G","Defend_G","Defend_G","Survivor","Neutralize","Dagger Throw+1","Cloak And Dagger","Heel Hook","Well Laid Plans","Sucker Punch","After Image","Footwork","Cloak And Dagger","Panache","Blade Dance","Deadly Poison","Corpse Explosion","Setup","Cloak And Dagger+1","Blade Dance+1","Bite","Bite","Bite","Bite","Bite"],"relics":["Ring of the Snake","NeowsBlessing","Whetstone","The Specimen","Black Star","Smiling Mask"],"potions_floor_usage":[12,12,16,23,23,23],"damage_taken":[{"damage":0,"enemies":"Cultist","floor":1,"turns":1},{"damage":0,"enemies":"Jaw Worm","floor":3,"turns":1},{"damage":0,"enemies":"2 Louse","floor":4,"turns":1},{"damage":31,"enemies":"3 Sentries","floor":6,"turns":15},{"damage":6,"enemies":"Large Slime","floor":7,"turns":6},{"damage":5,"enemies":"3 Louse","floor":10,"turns":3},{"damage":8,"enemies":"Lagavulin","floor":12,"turns":7},{"damage":1,"enemies":"Blue Slaver","floor":14,"turns":3},{"damage":2,"enemies":"The Guardian","floor":16,"turns":11},{"damage":27,"enemies":"3 Byrds","floor":18,"turns":5},{"damage":15,"enemies":"Chosen","floor":19,"turns":6},{"damage":10,"enemies":"3 Cultists","floor":20,"turns":3},{"damage":25,"enemies":"Gremlin Leader","floor":23,"turns":3}],"seed_played":"657166593794012571","potions_obtained":[{"floor":3,"key":"Energy Potion"},{"floor":4,"key":"Dexterity Potion"},{"floor":10,"key":"SkillPotion"},{"floor":12,"key":"Swift Potion"},{"floor":14,"key":"Poison Potion"},{"floor":19,"key":"Dexterity Potion"},{"floor":20,"key":"Energy Potion"}],"is_trial":false,"path_per_floor":["M","?","M","M","$","E","M","?","T","M","R","E","$","M","R","B",null,"M","M","M","?","?","E"],"character_chosen":"THE_SILENT","items_purchased":["Well Laid Plans","Panache","Blade Dance"],"campfire_rested":2,"item_purchase_floors":[5,13,13],"current_hp_per_floor":[63,63,63,63,63,32,26,26,26,21,42,34,34,33,54,52,66,39,24,14,14,14,0],"gold":97,"neow_bonus":"THREE_ENEMY_KILL","is_prod":false,"is_daily":false,"chose_seed":false,"campfire_upgraded":0,"win_rate":0,"timestamp":1568499639,"path_taken":["M","?","M","M","$","E","M","?","T","M","R","E","$","M","R","BOSS","M","M","M","?","?","E"],"build_version":"2019-07-17","purchased_purges":0,"victory":false,"max_hp_per_floor":[70,70,70,70,70,70,70,70,70,70,70,70,70,70,70,70,70,70,70,70,70,49,49],"card_choices":[{"not_picked":["Accuracy","Riddle With Holes"],"picked":"Dagger Throw","floor":1},{"not_picked":["Blade Dance","Dodge and Roll"],"picked":"Cloak And Dagger","floor":3},{"not_picked":["Flying Knee","Slice"],"picked":"Heel Hook","floor":4},{"not_picked":["Riddle With Holes","Terror"],"picked":"Sucker Punch","floor":6},{"not_picked":["Dodge and Roll","Endless Agony"],"picked":"After Image","floor":7},{"not_picked":["Flying Knee","Slice"],"picked":"Footwork","floor":10},{"not_picked":["Blade Dance","Acrobatics"],"picked":"Cloak And Dagger","floor":12},{"not_picked":["Dagger Spray","Bane"],"picked":"Deadly Poison","floor":14},{"not_picked":["Glass Knife","Malaise"],"picked":"Corpse Explosion","floor":16},{"not_picked":["Bane","Flying Knee"],"picked":"Setup","floor":18},{"not_picked":["Outmaneuver+1","Concentrate+1"],"picked":"Cloak And Dagger+1","floor":19},{"not_picked":["Accuracy","Bouncing Flask"],"picked":"Blade Dance+1","floor":20}],"player_experience":603396,"relics_obtained":[{"floor":6,"key":"Whetstone"},{"floor":12,"key":"The Specimen"}],"event_choices":[{"cards_removed":["Strike_G"],"damage_healed":0,"gold_gain":0,"player_choice":"Card Removal","damage_taken":0,"max_hp_gain":0,"max_hp_loss":0,"event_name":"The Cleric","floor":2,"gold_loss":50},{"damage_healed":0,"gold_gain":66,"player_choice":"Gained Gold","damage_taken":0,"max_hp_gain":0,"max_hp_loss":0,"event_name":"Golden Wing","floor":8,"gold_loss":0},{"damage_healed":0,"gold_gain":0,"player_choice":"Obtained Relic","damage_taken":0,"relics_obtained":["Smiling Mask"],"max_hp_gain":0,"max_hp_loss":0,"event_name":"Addict","floor":21,"gold_loss":85},{"damage_healed":0,"gold_gain":0,"player_choice":"Became a vampire","damage_taken":0,"max_hp_gain":0,"max_hp_loss":21,"event_name":"Vampires","floor":22,"gold_loss":0,"cards_obtained":["Bite","Bite","Bite","Bite","Bite"]}],"is_beta":false,"boss_relics":[{"not_picked":["Ring of the Serpent","Empty Cage"],"picked":"Black Star"}],"items_purged_floors":[],"is_endless":false,"potions_floor_spawned":[3,4,10,12,14,19,20],"killed_by":"Gremlin Leader","ascension_level":7}