{"gold_per_floor":[119,133,47,62,62,62,91,107,107,121,121,131,144,69,69,69],"floor_reached":16,"playtime":4274,"items_purged":["Strike_B"],"score":104,"play_id":"5e149a34-4a90-4c20-b728-38f27b864cc8","local_time":"20190910205602","is_ascension_mode":false,"campfire_choices":[{"floor":6,"key":"REST"},{"floor":15,"key":"REST"}],"neow_cost":"NONE","seed_source_timestamp":341027747266961,"circlet_count":0,"master_deck":["Strike_B","Strike_B+1","Strike_B","Defend_B","Defend_B","Defend_B","Defend_B","Zap+1","Dualcast","Sweeping Beam","Darkness","Stack","Self Repair+1","Melter","Gash","Loop","Rebound","Gash","Reprogram"],"relics":["Cracked Core","Lantern","Juzu Bracelet"],"potions_floor_usage":[7,16],"damage_taken":[{"damage":0,"enemies":"Small Slimes","floor":1,"turns":2},{"damage":6,"enemies":"Jaw Worm","floor":2,"turns":2},{"damage":8,"enemies":"2 Louse","floor":4,"turns":3},{"damage":34,"enemies":"Lagavulin","floor":7,"turns":6},{"damage":10,"enemies":"Looter","floor":8,"turns":3},{"damage":9,"enemies":"Blue Slaver","floor":10,"turns":3},{"damage":12,"enemies":"Red Slaver","floor":12,"turns":4},{"damage":5,"enemies":"Looter","floor":13,"turns":2},{"damage":71,"enemies":"The Guardian","floor":16,"turns":8}],"seed_played":"-9214161786833648622","potions_obtained":[{"floor":2,"key":"SmokeBomb"},{"floor":4,"key":"Fire Potion"},{"floor":7,"key":"LiquidBronze"},{"floor":13,"key":"SkillPotion"}],"is_trial":false,"path_per_floor":["M","M","$","M","?","R","E","M","T","M","?","M","M","$","R","B"],"character_chosen":"DEFECT","items_purchased":["Stack","Self Repair"],"campfire_rested":2,"item_purchase_floors":[3,3],"current_hp_per_floor":[75,69,69,68,53,75,51,51,51,52,52,50,45,45,67,0],"gold":69,"neow_bonus":"UPGRADE_CARD","is_prod":false,"is_daily":false,"chose_seed":false,"campfire_upgraded":0,"win_rate":0.0,"timestamp":1568112962,"path_taken":["M","M","$","M","?","R","E","M","T","M","?","M","M","$","R","BOSS"],"build_version":"2019-07-17","purchased_purges":1,"victory":false,"max_hp_per_floor":[75,75,75,75,75,75,75,75,75,75,75,75,75,75,75,75],"card_choices":[{"not_picked":["Redo","Rebound"],"picked":"Sweeping Beam","floor":1},{"not_picked":["Sweeping Beam","Leap"],"picked":"Darkness","floor":2},{"not_picked":["Hologram","Gash"],"picked":"Melter","floor":4},{"not_picked":["Creative AI","Aggregate"],"picked":"Gash","floor":7},{"not_picked":["Genetic Algorithm","Leap"],"picked":"Loop","floor":8},{"not_picked":["Redo","Gash"],"picked":"Rebound","floor":10},{"not_picked":["Rebound","Heatsinks"],"picked":"Gash","floor":12},{"not_picked":["Reinforced Body","Leap"],"picked":"Reprogram","floor":13}],"player_experience":26368,"relics_obtained":[{"floor":7,"key":"Lantern"},{"floor":9,"key":"Juzu Bracelet"}],"event_choices":[{"damage_healed":0,"gold_gain":0,"player_choice":"Entered Light","damage_taken":15,"max_hp_gain":0,"max_hp_loss":0,"event_name":"Shining Light","floor":5,"gold_loss":0,"cards_upgraded":["Strike_B","Self Repair"]},{"damage_healed":0,"gold_gain":0,"player_choice":"Ignored","damage_taken":0,"max_hp_gain":0,"max_hp_loss":0,"event_name":"Liars Game","floor":11,"gold_loss":0}],"is_beta":false,"boss_relics":[],"items_purged_floors":[14],"is_endless":false,"potions_floor_spawned":[2,4,7,13],"killed_by":"The Guardian","ascension_level":0}