{"gold_per_floor":[119,67,17,35,49,74,74,108,108,108,119,154,154,164,164,262,262,281,281,5,5,18,48,67,67,67,67],"floor_reached":27,"playtime":1166,"items_purged":[],"score":398,"play_id":"a2912d05-446a-4217-a765-5077ebd55c18","local_time":"20190911151500","is_ascension_mode":true,"campfire_choices":[{"floor":7,"key":"REST"},{"floor":10,"key":"REST"},{"data":"Dash","floor":15,"key":"SMITH"}],"neow_cost":"NONE","seed_source_timestamp":424599419596600,"circlet_count":0,"master_deck":["Strike_G","Strike_G","Strike_G","Strike_G","Defend_G","Defend_G","Defend_G","Defend_G","Survivor","Neutralize","Dash+1","Quick Slash","Sucker Punch","Accuracy","Prepared+1","Noxious Fumes+1","Sucker Punch","Noxious Fumes+1","After Image+1","Blade Dance+1","RitualDagger","Slice","Slice","PiercingWail+1","Backflip+1","Decay"],"relics":["Ring of the Snake","Ninja Scroll","Toxic Egg 2","Frozen Egg 2","Potion Belt","WristBlade","Membership Card","Vajra","Molten Egg 2","Pear"],"potions_floor_usage":[6,8,8,16,16,23,23,24],"damage_taken":[{"damage":4,"enemies":"Cultist","floor":1,"turns":4},{"damage":0,"enemies":"2 Louse","floor":4,"turns":4},{"damage":0,"enemies":"Small Slimes","floor":5,"turns":3},{"damage":17,"enemies":"3 Sentries","floor":6,"turns":11},{"damage":22,"enemies":"Lagavulin","floor":8,"turns":5},{"damage":10,"enemies":"Exordium Thugs","floor":11,"turns":4},{"damage":0,"enemies":"3 Sentries","floor":12,"turns":8},{"damage":2,"enemies":"2 Fungi Beasts","floor":14,"turns":3},{"damage":18,"enemies":"Hexaghost","floor":16,"turns":8},{"damage":13,"enemies":"Chosen","floor":18,"turns":5},{"damage":0,"enemies":"3 Byrds","floor":22,"turns":4},{"damage":38,"enemies":"Book of Stabbing","floor":23,"turns":6},{"damage":22,"enemies":"Shelled Parasite and Fungi","floor":24,"turns":3},{"damage":19,"enemies":"Snake Plant","floor":27,"turns":2}],"seed_played":"-4981623531326651305","potions_obtained":[{"floor":5,"key":"Dexterity Potion"},{"floor":6,"key":"Explosive Potion"},{"floor":11,"key":"FearPotion"},{"floor":13,"key":"Explosive Potion"},{"floor":13,"key":"LiquidBronze"},{"floor":13,"key":"Regen Potion"},{"floor":16,"key":"Regen Potion"},{"floor":22,"key":"Weak Potion"}],"is_trial":false,"path_per_floor":["M","$","?","M","M","E","R","E","T","R","M","E","?","M","R","B",null,"M","?","$","?","M","E","M","?","T","M"],"character_chosen":"THE_SILENT","items_purchased":["Fire Potion","Membership Card","Vajra"],"campfire_rested":2,"item_purchase_floors":[2,20,20],"current_hp_per_floor":[66,66,66,66,66,49,72,50,50,73,63,63,63,61,61,58,72,59,53,53,53,53,30,8,8,18,0],"gold":67,"neow_bonus":"TEN_PERCENT_HP_BONUS","is_prod":false,"is_daily":false,"chose_seed":false,"campfire_upgraded":1,"win_rate":0,"timestamp":1568229300,"path_taken":["M","?","?","M","M","E","R","E","T","R","M","E","?","?","R","BOSS","M","?","$","?","M","E","?","?","T","M"],"build_version":"2019-07-17","purchased_purges":0,"victory":false,"max_hp_per_floor":[77,77,77,77,77,77,77,77,77,77,77,77,77,77,77,77,77,77,77,77,77,77,77,77,77,87,87],"card_choices":[{"not_picked":["Poisoned Stab","Blade Dance"],"picked":"Dash","floor":1},{"not_picked":["Deflect","Dagger Spray"],"picked":"Quick Slash","floor":4},{"not_picked":["Flechettes","Deflect"],"picked":"Sucker Punch","floor":5},{"not_picked":["Escape Plan","Quick Slash"],"picked":"Accuracy","floor":6},{"not_picked":["Deflect","All Out Attack"],"picked":"Prepared","floor":8},{"not_picked":["PiercingWail+1","Dagger Throw"],"picked":"Noxious Fumes+1","floor":11},{"not_picked":["Concentrate+1","Well Laid Plans+1"],"picked":"Sucker Punch","floor":12},{"not_picked":["Finisher","Blur+1"],"picked":"Noxious Fumes+1","floor":14},{"not_picked":["Adrenaline+1","A Thousand Cuts+1"],"picked":"After Image+1","floor":16},{"not_picked":["Slice","Bane"],"picked":"Blade Dance+1","floor":18},{"not_picked":["Prepared+1","Masterful Stab"],"picked":"Slice","floor":22},{"not_picked":["Dodge and Roll+1","Flying Knee"],"picked":"PiercingWail+1","floor":23},{"not_picked":["Flying Knee+1","Outmaneuver+1"],"picked":"Backflip+1","floor":24}],"player_experience":567975,"relics_obtained":[{"floor":6,"key":"Ninja Scroll"},{"floor":8,"key":"Toxic Egg 2"},{"floor":9,"key":"Frozen Egg 2"},{"floor":12,"key":"Potion Belt"},{"floor":23,"key":"Molten Egg 2"},{"floor":26,"key":"Pear"}],"event_choices":[{"cards_removed":["Strike_G"],"damage_healed":0,"gold_gain":0,"player_choice":"Card Removal","damage_taken":0,"max_hp_gain":0,"max_hp_loss":0,"event_name":"The Cleric","floor":3,"gold_loss":50},{"damage_healed":0,"gold_gain":0,"player_choice":"Got Potions","damage_taken":0,"max_hp_gain":0,"max_hp_loss":0,"event_name":"Lab","floor":13,"gold_loss":0},{"damage_healed":0,"gold_gain":0,"player_choice":"Joined the Cult","damage_taken":6,"max_hp_gain":0,"max_hp_loss":0,"event_name":"Nest","floor":19,"gold_loss":0,"cards_obtained":["RitualDagger"]},{"damage_healed":0,"gold_gain":0,"cards_transformed":["Defend_G"],"player_choice":"Transformed","damage_taken":0,"max_hp_gain":0,"max_hp_loss":0,"event_name":"Transmorgrifier","floor":21,"gold_loss":0,"cards_obtained":["Slice"]},{"damage_healed":0,"gold_gain":0,"player_choice":"Smashed Altar","damage_taken":0,"max_hp_gain":0,"max_hp_loss":0,"event_name":"Forgotten Altar","floor":25,"gold_loss":0,"cards_obtained":["Decay"]}],"is_beta":false,"boss_relics":[{"not_picked":["White Beast Statue","Orrery"],"picked":"WristBlade"}],"items_purged_floors":[],"is_endless":false,"potions_floor_spawned":[5,6,11,16,22],"killed_by":"Snake Plant","ascension_level":7}