{"gold_per_floor":[115,115,128,147,165,196,171,181,181,215,229,279,295,323,323,424,424,442,85,135,185,198,225,244,273,299,332,382,392,420,483,483,579,579,598,235,330,380,392,423,438,438,438,465,485,513,523,548,548,548],"floor_reached":51,"playtime":3826,"items_purged":["Defend_G","Strike_G","Tactician"],"score":1264,"play_id":"40d2c298-f766-4416-b282-6b69576b42e3","local_time":"20190926010537","is_ascension_mode":true,"campfire_choices":[{"floor":15,"key":"REST"},{"data":"1","floor":32,"key":"LIFT"},{"data":"2","floor":42,"key":"LIFT"},{"data":"3","floor":49,"key":"LIFT"}],"neow_cost":"NONE","seed_source_timestamp":562333055079699,"circlet_count":0,"master_deck":["Strike_G+1","Strike_G+1","Strike_G+1","Strike_G+1","Defend_G+1","Defend_G+1","Defend_G+1","Defend_G+1","Survivor","Neutralize","Quick Slash","Quick Slash","Cloak And Dagger","Cloak And Dagger","Distraction","Skewer","Noxious Fumes","Glass Knife","Corpse Explosion+1","Bouncing Flask+1","RitualDagger","Prepared+1","A Thousand Cuts","Flying Knee","All Out Attack","Choke+1","Cloak And Dagger+1","Doppelganger","Noxious Fumes","Die Die Die","Escape Plan","Acrobatics+1","Terror","Slice+1","Venomology","Cloak And Dagger+1","A Thousand Cuts","Prepared+1","Distraction+1"],"relics":["Fusion Hammer","SsserpentHead","Dodecahedron","Art of War","Potion Belt","Meat on the Bone","Black Star","theSenshi:FeatherClipsRelic","Pocketwatch","Unceasing Top","Girya","Mummified Hand","Vajra","Mercury Hourglass","Snake Skull","Matryoshka","PreservedInsect","Runic Dome","Bottled Tornado","CatCart","Letter Opener","Smiling Mask","Dream Catcher","Centennial Puzzle","Pantograph","War Paint","Question Card","Boot","Anchor","Frozen Egg 2"],"potions_floor_usage":[5,6,10,14,18,18,23,23,25,27,27,30,33,45,48,50,50,50,50],"damage_taken":[{"damage":0,"enemies":"Cultist","floor":1,"turns":5},{"damage":0,"enemies":"2 Louse","floor":3,"turns":3},{"damage":0,"enemies":"Jaw Worm","floor":4,"turns":6},{"damage":5,"enemies":"Large Slime","floor":5,"turns":6},{"damage":23,"enemies":"Lagavulin","floor":6,"turns":6},{"damage":0,"enemies":"Looter","floor":8,"turns":3},{"damage":2,"enemies":"3 Sentries","floor":10,"turns":7},{"damage":5,"enemies":"Exordium Wildlife","floor":11,"turns":6},{"damage":0,"enemies":"3 Louse","floor":13,"turns":3},{"damage":1,"enemies":"Gremlin Nob","floor":14,"turns":3},{"damage":27,"enemies":"Slime Boss","floor":16,"turns":10},{"damage":10,"enemies":"Spheric Guardian","floor":18,"turns":4},{"damage":9,"enemies":"Shell Parasite","floor":22,"turns":5},{"damage":19,"enemies":"Slavers","floor":23,"turns":5},{"damage":27,"enemies":"Chosen and Byrds","floor":24,"turns":6},{"damage":14,"enemies":"Gremlin Leader","floor":25,"turns":6},{"damage":22,"enemies":"Book of Stabbing","floor":27,"turns":5},{"damage":4,"enemies":"Snake Plant","floor":29,"turns":3},{"damage":22,"enemies":"Gremlin Leader","floor":30,"turns":5},{"damage":6,"enemies":"Cultist and Chosen","floor":31,"turns":4},{"damage":8,"enemies":"Automaton","floor":33,"turns":6},{"damage":22,"enemies":"3 Shapes","floor":35,"turns":3},{"damage":0,"enemies":"Orin","floor":37,"turns":6},{"damage":11,"enemies":"Orb Walker","floor":39,"turns":3},{"damage":29,"enemies":"Nemesis","floor":40,"turns":4},{"damage":3,"enemies":"Transient","floor":41,"turns":5},{"damage":18,"enemies":"Reptomancer","floor":44,"turns":3},{"damage":30,"enemies":"Maw","floor":45,"turns":5},{"damage":13,"enemies":"Giant Head","floor":46,"turns":4},{"damage":4,"enemies":"Sphere and 2 Shapes","floor":47,"turns":3},{"damage":0,"enemies":"Nemesis","floor":48,"turns":3},{"damage":103,"enemies":"Time Eater","floor":50,"turns":7}],"seed_played":"5779259105609318002","potions_obtained":[{"floor":3,"key":"PowerPotion"},{"floor":4,"key":"Explosive Potion"},{"floor":8,"key":"Fire Potion"},{"floor":13,"key":"SteroidPotion"},{"floor":14,"key":"Dexterity Potion"},{"floor":16,"key":"EntropicBrew"},{"floor":23,"key":"LiquidBronze"},{"floor":27,"key":"FearPotion"},{"floor":29,"key":"Weak Potion"},{"floor":31,"key":"PowerPotion"},{"floor":39,"key":"GamblersBrew"},{"floor":40,"key":"AttackPotion"},{"floor":44,"key":"PowerPotion"},{"floor":46,"key":"SpeedPotion"}],"is_trial":false,"path_per_floor":["M","?","M","M","M","E","$","M","T","E","M","?","M","E","R","B",null,"M","$","?","?","M","E","M","E","T","E","?","M","E","M","R","B",null,"M","$","?","?","M","E","M","R","T","E","M","E","M","E","R","B",null],"character_chosen":"THE_SILENT","items_purchased":["theSenshi:FeatherClipsRelic","Bottled Tornado"],"campfire_rested":1,"item_purchase_floors":[19,36],"current_hp_per_floor":[63,63,63,63,58,35,35,35,35,33,28,28,28,27,48,33,61,51,51,51,45,42,41,32,36,36,32,32,46,42,42,42,52,66,50,50,56,56,51,40,43,43,43,43,31,36,50,56,56,42],"gold":548,"neow_bonus":"BOSS_RELIC","is_prod":false,"is_daily":false,"chose_seed":false,"campfire_upgraded":0,"win_rate":0,"timestamp":1569456337,"path_taken":["M","?","M","M","M","E","?","M","T","E","M","?","M","E","R","BOSS","M","$","?","?","M","E","M","E","T","E","?","M","E","?","R","BOSS","M","$","?","?","M","E","M","R","T","E","M","E","M","E","R","BOSS"],"build_version":"2019-07-17","purchased_purges":3,"victory":true,"max_hp_per_floor":[70,70,70,70,70,70,70,70,70,70,70,70,70,70,70,70,70,70,70,70,70,70,70,70,70,70,70,70,70,70,70,70,70,70,70,70,70,70,70,70,70,70,70,70,70,70,70,70,70,70],"card_choices":[{"not_picked":["Cloak And Dagger","Calculated Gamble"],"picked":"Quick Slash","floor":1},{"not_picked":["Acrobatics","Blur"],"picked":"Quick Slash","floor":3},{"not_picked":["Catalyst","Accuracy","Dodge and Roll"],"picked":"SKIP","floor":4},{"not_picked":["Calculated Gamble","Blade Dance"],"picked":"Cloak And Dagger","floor":5},{"not_picked":["Catalyst","Deadly Poison"],"picked":"Cloak And Dagger","floor":6},{"not_picked":["Bullet Time","Slice"],"picked":"Tactician","floor":8},{"not_picked":["Dodge and Roll","Bane"],"picked":"Distraction","floor":10},{"not_picked":["Slice","Eviscerate"],"picked":"Skewer","floor":11},{"not_picked":["Deflect","Underhanded Strike"],"picked":"Noxious Fumes","floor":13},{"not_picked":["Accuracy","Poisoned Stab"],"picked":"Glass Knife","floor":14},{"not_picked":["Malaise","Glass Knife"],"picked":"Corpse Explosion","floor":16},{"not_picked":["Deflect","Endless Agony"],"picked":"Bouncing Flask+1","floor":18},{"not_picked":["Deadly Poison","Backflip+1"],"picked":"Prepared+1","floor":22},{"not_picked":["Terror","Slice"],"picked":"A Thousand Cuts","floor":23},{"not_picked":["Deflect","Bane"],"picked":"Flying Knee","floor":24},{"not_picked":["PiercingWail","Cloak And Dagger"],"picked":"All Out Attack","floor":25},{"not_picked":["Deadly Poison","Sucker Punch+1"],"picked":"Choke+1","floor":27},{"not_picked":["Setup","Tactician"],"picked":"Cloak And Dagger+1","floor":29},{"not_picked":["Masterful Stab","Terror"],"picked":"Doppelganger","floor":30},{"not_picked":["Dodge and Roll","Accuracy"],"picked":"Noxious Fumes","floor":31},{"not_picked":["Unload","Malaise"],"picked":"Die Die Die","floor":33},{"not_picked":["Bane+1","Backflip"],"picked":"Escape Plan","floor":35},{"not_picked":["Blur","Blade Dance"],"picked":"Acrobatics","floor":37},{"not_picked":["Masterful Stab","Bane","Sucker Punch"],"picked":"SKIP","floor":39},{"not_picked":["PiercingWail+1","Cloak And Dagger"],"picked":"Terror","floor":40},{"not_picked":["Cloak And Dagger","Dash"],"picked":"Slice+1","floor":41},{"not_picked":["Cloak And Dagger","All Out Attack"],"picked":"Venomology","floor":44},{"not_picked":["Prepared","Backflip+1"],"picked":"Cloak And Dagger+1","floor":45},{"not_picked":["Slice","Deadly Poison"],"picked":"A Thousand Cuts","floor":46},{"not_picked":["Escape Plan","Reflex","Underhanded Strike+1"],"picked":"Prepared+1","floor":47},{"not_picked":["Quick Slash+1","Dodge and Roll","Endless Agony+1"],"picked":"Distraction+1","floor":48}],"player_experience":407644,"relics_obtained":[{"floor":6,"key":"Dodecahedron"},{"floor":9,"key":"Art of War"},{"floor":10,"key":"Potion Belt"},{"floor":14,"key":"Meat on the Bone"},{"floor":23,"key":"Pocketwatch"},{"floor":23,"key":"Unceasing Top"},{"floor":25,"key":"Girya"},{"floor":25,"key":"Mummified Hand"},{"floor":26,"key":"Vajra"},{"floor":27,"key":"Mercury Hourglass"},{"floor":27,"key":"Snake Skull"},{"floor":30,"key":"Matryoshka"},{"floor":30,"key":"PreservedInsect"},{"floor":37,"key":"CatCart"},{"floor":40,"key":"Letter Opener"},{"floor":40,"key":"Smiling Mask"},{"floor":43,"key":"Dream Catcher"},{"floor":43,"key":"Centennial Puzzle"},{"floor":44,"key":"Pantograph"},{"floor":44,"key":"War Paint"},{"floor":46,"key":"Question Card"},{"floor":46,"key":"Boot"},{"floor":48,"key":"Anchor"},{"floor":48,"key":"Frozen Egg 2"}],"event_choices":[{"damage_healed":0,"gold_gain":0,"player_choice":"Trade","damage_taken":0,"relics_obtained":["SsserpentHead"],"max_hp_gain":0,"max_hp_loss":0,"event_name":"FaceTrader","floor":2,"gold_loss":0},{"damage_healed":0,"gold_gain":0,"player_choice":"Ignored","damage_taken":0,"max_hp_gain":0,"max_hp_loss":0,"event_name":"Liars Game","floor":12,"gold_loss":0},{"damage_healed":0,"gold_gain":0,"player_choice":"Simplicity","damage_taken":0,"max_hp_gain":0,"max_hp_loss":0,"event_name":"Back to Basics","floor":20,"gold_loss":0,"cards_upgraded":["Strike_G","Strike_G","Strike_G","Strike_G","Defend_G","Defend_G","Defend_G","Defend_G"]},{"damage_healed":0,"gold_gain":0,"player_choice":"Joined the Cult","damage_taken":6,"max_hp_gain":0,"max_hp_loss":0,"event_name":"Nest","floor":21,"gold_loss":0,"cards_obtained":["RitualDagger"]},{"damage_healed":0,"gold_gain":0,"player_choice":"Ignored","damage_taken":0,"max_hp_gain":0,"max_hp_loss":0,"event_name":"Vampires","floor":28,"gold_loss":0},{"damage_healed":0,"gold_gain":0,"player_choice":"Fight","damage_taken":0,"max_hp_gain":0,"max_hp_loss":0,"event_name":"OrinTheCat","floor":37,"gold_loss":0},{"damage_healed":0,"gold_gain":0,"player_choice":"Ignored","damage_taken":0,"max_hp_gain":0,"max_hp_loss":0,"event_name":"Tomb of Lord Red Mask","floor":38,"gold_loss":0}],"is_beta":false,"boss_relics":[{"not_picked":["Sozu","Calling Bell"],"picked":"Black Star"},{"not_picked":["Tiny House","Velvet Choker"],"picked":"Runic Dome"}],"items_purged_floors":[7,19,36],"is_endless":false,"potions_floor_spawned":[3,4,8,13,14,16,23,27,29,31,39,40,44,46],"ascension_level":7}