{"gold_per_floor":[114,114,138,138,156,192,192,192,240,263,276,276,299,314,314,444,444,432,452,452],"floor_reached":20,"playtime":1147,"items_purged":[],"score":263,"play_id":"cdbae3ff-00f6-4e36-8c17-b588a6dd0a29","local_time":"20190918230146","is_ascension_mode":true,"campfire_choices":[{"floor":7,"key":"REST"},{"floor":12,"key":"REST"},{"floor":15,"key":"REST"}],"neow_cost":"NONE","seed_source_timestamp":0,"circlet_count":0,"master_deck":["Strike_G","Strike_G","Strike_G","Defend_G","Defend_G","Defend_G","Defend_G","Survivor","Neutralize","Cloak And Dagger","Crippling Poison","PiercingWail","Cloak And Dagger","Noxious Fumes","Quick Slash","Dagger Throw","Choke","Quick Slash","Footwork","Slice","Die Die Die","PiercingWail+1","Concentrate+1"],"special_seed":0,"relics":["Ring of the Snake","Dream Catcher","Golden Idol","Bottled Lightning","Strawberry","Empty Cage"],"potions_floor_usage":[6,8,13,16,16,16],"damage_taken":[{"damage":2.0,"enemies":"Cultist","floor":1.0,"turns":4.0},{"damage":0.0,"enemies":"Small Slimes","floor":3.0,"turns":3.0},{"damage":0,"enemies":"2 Louse","floor":5,"turns":3},{"damage":42,"enemies":"3 Sentries","floor":6,"turns":18},{"damage":14,"enemies":"Gremlin Nob","floor":8,"turns":3},{"damage":5,"enemies":"2 Fungi Beasts","floor":10,"turns":5},{"damage":7,"enemies":"3 Louse","floor":11,"turns":5},{"damage":14,"enemies":"Exordium Thugs","floor":13,"turns":5},{"damage":4,"enemies":"2 Fungi Beasts","floor":14,"turns":3},{"damage":8,"enemies":"The Guardian","floor":16,"turns":11},{"damage":37,"enemies":"2 Thieves","floor":18,"turns":5},{"damage":9,"enemies":"Chosen","floor":19,"turns":7},{"damage":27,"enemies":"Centurion and Healer","floor":20,"turns":6}],"seed_played":"8781935545066292823","potions_obtained":[{"floor":1.0,"key":"SmokeBomb"},{"floor":3,"key":"SpeedPotion"},{"floor":10,"key":"Strength Potion"},{"floor":11,"key":"AttackPotion"},{"floor":13,"key":"GamblersBrew"},{"floor":14,"key":"Strength Potion"},{"floor":16,"key":"SpeedPotion"}],"is_trial":false,"path_per_floor":["M","?","M","?","M","E","R","E","T","M","M","R","M","M","R","B",null,"M","M","M"],"character_chosen":"THE_SILENT","items_purchased":[],"campfire_rested":3,"item_purchase_floors":[],"current_hp_per_floor":[61,44,44,44,44,2,23,9,16,11,4,27,13,9,32,24,64,27,18,0],"gold":452,"neow_bonus":"RANDOM_COMMON_RELIC","is_prod":false,"is_daily":false,"chose_seed":false,"campfire_upgraded":0,"win_rate":0,"timestamp":1568862106,"path_taken":["M","?","M","?","?","E","R","E","T","?","M","R","M","M","R","BOSS","M","M","M"],"build_version":"2019-07-17","purchased_purges":0,"victory":false,"max_hp_per_floor":[70,70,70,70,70,70,70,70,77,77,77,77,77,77,77,77,77,77,77,77],"card_choices":[{"not_picked":["All Out Attack","Underhanded Strike"],"picked":"Cloak And Dagger","floor":1.0},{"not_picked":["Setup","Expertise"],"picked":"Crippling Poison","floor":3},{"not_picked":["Outmaneuver","Crippling Poison"],"picked":"PiercingWail","floor":5},{"not_picked":["Prepared","Terror"],"picked":"Cloak And Dagger","floor":6},{"not_picked":["Deflect","Blade Dance"],"picked":"Noxious Fumes","floor":7},{"not_picked":["Flying Knee","Backflip"],"picked":"Quick Slash","floor":10},{"not_picked":["Finisher","Poisoned Stab"],"picked":"Dagger Throw","floor":11},{"not_picked":["Phantasmal Killer","Dodge and Roll"],"picked":"Choke","floor":12},{"not_picked":["Blade Dance","Flying Knee"],"picked":"Quick Slash","floor":13},{"not_picked":["Prepared","Dagger Throw"],"picked":"Footwork","floor":14},{"not_picked":["Bane","Quick Slash"],"picked":"Slice","floor":15},{"not_picked":["Doppelganger","Phantasmal Killer"],"picked":"Die Die Die","floor":16},{"not_picked":["Prepared","Dagger Spray"],"picked":"PiercingWail+1","floor":18},{"not_picked":["PiercingWail","Calculated Gamble"],"picked":"Concentrate+1","floor":19}],"player_experience":669106,"relics_obtained":[{"floor":6,"key":"Bottled Lightning"},{"floor":9,"key":"Strawberry"}],"event_choices":[{"damage_healed":0.0,"max_hp_gain":0.0,"max_hp_loss":0.0,"gold_gain":0.0,"event_name":"Golden Idol","player_choice":"Take Damage","floor":2.0,"gold_loss":0.0,"damage_taken":17.0,"relics_obtained":["Golden Idol"]},{"cards_removed":["Strike_G"],"damage_healed":0,"gold_gain":0,"player_choice":"Purged","damage_taken":0,"max_hp_gain":0,"max_hp_loss":0,"event_name":"Purifier","floor":4,"gold_loss":0}],"is_beta":false,"boss_relics":[{"not_picked":["Runic Pyramid","HoveringKite"],"picked":"Empty Cage"}],"items_purged_floors":[],"is_endless":false,"potions_floor_spawned":[1,3,10,11,13,14,16],"killed_by":"Centurion and Healer","ascension_level":8}