{"gold_per_floor":[110,120,5,24,43,75,75,103,130,140,151,168,195,195,195,295,295,265],"floor_reached":18,"playtime":1111,"items_purged":[],"score":276,"play_id":"347e2160-7fce-4b1c-b380-0e59915987b8","local_time":"20190929165341","is_ascension_mode":true,"campfire_choices":[{"floor":7,"key":"REST"},{"floor":15,"key":"REST"}],"neow_cost":"NONE","seed_source_timestamp":20999898799865,"circlet_count":0,"master_deck":["AscendersBane","Strike_G","Strike_G","Strike_G","Strike_G","Defend_G","Defend_G","Defend_G","Defend_G","Defend_G","Survivor","Neutralize","Dash","Well Laid Plans","Quick Slash","Dagger Throw","Masterful Stab","Caltrops","A Thousand Cuts","Backflip","Poisoned Stab","Corpse Explosion"],"relics":["Ring of the Snake","Peace Pipe","PreservedInsect","Snake Skull","Pen Nib","GremlinMask","HoveringKite"],"potions_floor_usage":[8,8,13,16,16,16],"damage_taken":[{"damage":11,"enemies":"Cultist","floor":1,"turns":7},{"damage":0,"enemies":"2 Louse","floor":2,"turns":3},{"damage":3,"enemies":"Jaw Worm","floor":4,"turns":4},{"damage":4,"enemies":"Large Slime","floor":5,"turns":5},{"damage":8,"enemies":"Gremlin Nob","floor":6,"turns":4},{"damage":15,"enemies":"3 Sentries","floor":8,"turns":12},{"damage":11,"enemies":"3 Louse","floor":10,"turns":3},{"damage":5,"enemies":"2 Fungi Beasts","floor":11,"turns":3},{"damage":3,"enemies":"Looter","floor":12,"turns":3},{"damage":12,"enemies":"Gremlin Nob","floor":13,"turns":3},{"damage":15,"enemies":"Slime Boss","floor":16,"turns":11},{"damage":12,"enemies":"2 Thieves","floor":18,"turns":2}],"seed_played":"-2442586847172409752","potions_obtained":[{"floor":1,"key":"LiquidBronze"},{"floor":2,"key":"EntropicBrew"},{"floor":6,"key":"EssenceOfSteel"},{"floor":13,"key":"FearPotion"}],"is_trial":false,"path_per_floor":["M","M","$","M","M","E","R","E","T","M","M","M","E","?","R","B",null,"M"],"character_chosen":"THE_SILENT","items_purchased":["Well Laid Plans","Quick Slash"],"campfire_rested":2,"item_purchase_floors":[3,3],"current_hp_per_floor":[52,52,52,49,45,37,58,43,43,32,27,24,12,12,33,18,57,45],"gold":265,"neow_bonus":"REMOVE_CARD","is_prod":false,"is_daily":false,"chose_seed":false,"campfire_upgraded":0,"win_rate":0,"timestamp":1569768821,"path_taken":["M","M","$","M","M","E","R","E","T","M","?","M","E","?","R","BOSS","M"],"build_version":"2019-07-17","purchased_purges":0,"victory":false,"max_hp_per_floor":[70,70,70,70,70,70,70,70,70,70,70,70,70,70,70,70,70,70],"card_choices":[{"not_picked":["Reflex","Tactician"],"picked":"Dash","floor":1},{"not_picked":["Sucker Punch","Dodge and Roll","Outmaneuver"],"picked":"SKIP","floor":2},{"not_picked":["Riddle With Holes","Prepared"],"picked":"Dagger Throw","floor":4},{"not_picked":["Dagger Throw","Blade Dance"],"picked":"Masterful Stab","floor":5},{"not_picked":["Night Terror","Phantasmal Killer"],"picked":"Caltrops","floor":6},{"not_picked":["Sucker Punch","Acrobatics"],"picked":"A Thousand Cuts","floor":8},{"not_picked":["Blade Dance","Caltrops"],"picked":"Backflip","floor":10},{"not_picked":["Blade Dance","Deflect"],"picked":"Poisoned Stab","floor":11},{"not_picked":["Slice","Deadly Poison","Quick Slash"],"picked":"SKIP","floor":12},{"not_picked":["Dash","Infinite Blades","PiercingWail"],"picked":"SKIP","floor":13},{"not_picked":["Venomology","Glass Knife"],"picked":"Corpse Explosion","floor":16}],"player_experience":295620,"relics_obtained":[{"floor":6,"key":"Peace Pipe"},{"floor":8,"key":"PreservedInsect"},{"floor":9,"key":"Snake Skull"},{"floor":13,"key":"Pen Nib"}],"event_choices":[{"damage_healed":0,"gold_gain":0,"player_choice":"Trade","damage_taken":0,"relics_obtained":["GremlinMask"],"max_hp_gain":0,"max_hp_loss":0,"event_name":"FaceTrader","floor":14,"gold_loss":0}],"is_beta":false,"boss_relics":[{"not_picked":["WristBlade","White Beast Statue"],"picked":"HoveringKite"}],"items_purged_floors":[],"is_endless":false,"potions_floor_spawned":[1,2,6,13],"killed_by":"2 Thieves","ascension_level":10}