{"gold_per_floor":[117,66,66,76,89,117,117,152,152,162,87,122,122,151,151,256,256,276,276,290,305,323,353,353,353,353,388,403,403,403,435,435,531,531,548,575,575,100,120,120,120],"floor_reached":41,"playtime":2065,"items_purged":["Strike_B","Strike_B"],"score":853,"play_id":"5ca915cc-87be-4d32-997d-fb979153adfa","local_time":"20191001172610","is_ascension_mode":true,"campfire_choices":[{"floor":7,"key":"REST"},{"floor":13,"key":"REST"},{"data":"Zap","floor":15,"key":"SMITH"},{"floor":25,"key":"REST"},{"floor":29,"key":"REST"},{"floor":32,"key":"REST"},{"floor":40,"key":"RECALL"}],"neow_cost":"NONE","seed_source_timestamp":1205776951000800,"circlet_count":0,"master_deck":["AscendersBane","Defend_B","Defend_B","Defend_B","Defend_B","Zap+1","Dualcast","Gash","Gash","Go for the Eyes","Ball Lightning","Chill","Machine Learning","Gash","Hologram","Echo Form","White Noise","RitualDagger","Hologram","Hologram","Defragment","Undo","Hologram","Cold Snap","Zap","White Noise+1","Electrodynamics","Gash","Defragment","Chill+1"],"relics":["FrozenCore","Happy Flower","Ornamental Fan","Shuriken","Meat on the Bone","Letter Opener","Question Card","Runic Pyramid","Pen Nib","Torii","Blood Vial","Dodecahedron","Membership Card","DataDisk","Sundial"],"potions_floor_usage":[4,12,21,22,27,28,31,35],"damage_taken":[{"damage":1,"enemies":"2 Louse","floor":1,"turns":3},{"damage":0,"enemies":"Small Slimes","floor":4,"turns":2},{"damage":4,"enemies":"Cultist","floor":5,"turns":3},{"damage":26,"enemies":"Gremlin Nob","floor":6,"turns":4},{"damage":12,"enemies":"Lagavulin","floor":8,"turns":5},{"damage":7,"enemies":"Looter","floor":10,"turns":3},{"damage":12,"enemies":"Gremlin Nob","floor":12,"turns":4},{"damage":0,"enemies":"3 Sentries","floor":14,"turns":6},{"damage":20,"enemies":"Slime Boss","floor":16,"turns":7},{"damage":0,"enemies":"Spheric Guardian","floor":18,"turns":3},{"damage":10,"enemies":"Chosen","floor":20,"turns":4},{"damage":6,"enemies":"Centurion and Healer","floor":21,"turns":4},{"damage":17,"enemies":"Cultist and Chosen","floor":22,"turns":6},{"damage":26,"enemies":"Gremlin Leader","floor":23,"turns":7},{"damage":33,"enemies":"Book of Stabbing","floor":27,"turns":5},{"damage":7,"enemies":"Snake Plant","floor":28,"turns":4},{"damage":8,"enemies":"Gremlin Leader","floor":31,"turns":5},{"damage":12,"enemies":"Champ","floor":33,"turns":10},{"damage":0,"enemies":"Orb Walker","floor":35,"turns":4},{"damage":9,"enemies":"3 Shapes","floor":39,"turns":3},{"damage":81,"enemies":"Giant Head","floor":41,"turns":9}],"seed_played":"7453892939619297234","potions_obtained":[{"floor":1,"key":"Fire Potion"},{"floor":4,"key":"LiquidBronze"},{"floor":6,"key":"Block Potion"},{"floor":18,"key":"Weak Potion"},{"floor":23,"key":"Block Potion"},{"floor":27,"key":"PowerPotion"},{"floor":28,"key":"Explosive Potion"},{"floor":33,"key":"AttackPotion"},{"floor":39,"key":"GamblersBrew"}],"is_trial":false,"path_per_floor":["M","$","?","M","M","E","R","E","T","M","$","E","R","E","R","B",null,"M","?","M","M","M","E","?","R","T","E","M","R","?","E","R","B",null,"M","T","?","$","M","R","E"],"character_chosen":"DEFECT","items_purchased":["Gash","Membership Card","DataDisk","Defragment","Sundial"],"campfire_rested":5,"item_purchase_floors":[2,38,38,38,38],"current_hp_per_floor":[67,67,60,60,56,30,52,40,40,45,45,45,67,67,67,47,68,68,62,52,46,41,27,27,49,49,28,35,57,57,51,73,63,72,74,74,74,74,66,66,0],"gold":120,"neow_bonus":"RANDOM_COMMON_RELIC","is_prod":false,"is_daily":false,"chose_seed":false,"campfire_upgraded":1,"win_rate":0,"timestamp":1569965170,"path_taken":["M","$","?","M","M","E","R","E","T","M","$","E","R","E","R","BOSS","M","?","M","M","M","E","?","R","T","E","M","R","?","E","R","BOSS","M","?","?","$","M","R","E"],"build_version":"2019-07-17","purchased_purges":2,"victory":false,"max_hp_per_floor":[75,75,75,75,75,75,75,75,75,75,75,75,75,75,75,75,75,75,75,75,75,75,75,75,75,75,75,75,75,75,75,75,75,75,75,75,75,75,75,75,75],"card_choices":[{"not_picked":["Lockon","Streamline"],"picked":"Gash","floor":1},{"not_picked":["Leap","Beam Cell"],"picked":"Go for the Eyes","floor":4},{"not_picked":["Beam Cell","Steam Power"],"picked":"Ball Lightning","floor":5},{"not_picked":["Go for the Eyes","Coolheaded"],"picked":"Chill","floor":6},{"not_picked":["Stack","Redo"],"picked":"Machine Learning","floor":8},{"not_picked":["Streamline","Go for the Eyes"],"picked":"Gash","floor":10},{"not_picked":["Leap","Recycle","Storm"],"picked":"SKIP","floor":12},{"not_picked":["Ball Lightning","Darkness"],"picked":"Hologram","floor":14},{"not_picked":["Multi-Cast","Electrodynamics","Thunder Strike"],"picked":"Echo Form","floor":16},{"not_picked":["Leap","Hologram","Skim"],"picked":"White Noise","floor":18},{"not_picked":["Undo","Steam","Sweeping Beam"],"picked":"Hologram","floor":20},{"not_picked":["Beam Cell","Redo","Streamline+1"],"picked":"Hologram","floor":21},{"not_picked":["Skim","Streamline","Double Energy"],"picked":"Defragment","floor":22},{"not_picked":["Melter","Beam Cell","Fission"],"picked":"Undo","floor":23},{"not_picked":["Sweeping Beam+1","Fission","Leap+1"],"picked":"Hologram","floor":27},{"not_picked":["Beam Cell","FTL","Steam"],"picked":"Cold Snap","floor":28},{"not_picked":["Conserve Battery","Echo Form","Biased Cognition"],"picked":"White Noise+1","floor":31},{"not_picked":["Reboot","Rainbow","Buffer"],"picked":"Electrodynamics","floor":33},{"not_picked":["Blizzard","Genetic Algorithm+1","Hologram"],"picked":"Gash","floor":35},{"not_picked":["Fusion","Ball Lightning","Sweeping Beam"],"picked":"Chill+1","floor":39}],"player_experience":759455,"relics_obtained":[{"floor":6,"key":"Ornamental Fan"},{"floor":8,"key":"Shuriken"},{"floor":9,"key":"Meat on the Bone"},{"floor":12,"key":"Letter Opener"},{"floor":14,"key":"Question Card"},{"floor":23,"key":"Pen Nib"},{"floor":26,"key":"Torii"},{"floor":27,"key":"Blood Vial"},{"floor":31,"key":"Dodecahedron"}],"event_choices":[{"cards_removed":["Strike_B"],"damage_healed":0,"gold_gain":0,"player_choice":"Card Removal","damage_taken":7,"max_hp_gain":0,"max_hp_loss":0,"event_name":"Golden Wing","floor":3,"gold_loss":0},{"damage_healed":0,"gold_gain":0,"player_choice":"Joined the Cult","damage_taken":6,"max_hp_gain":0,"max_hp_loss":0,"event_name":"Nest","floor":19,"gold_loss":0,"cards_obtained":["RitualDagger"]},{"damage_healed":0,"gold_gain":0,"player_choice":"Ignored","damage_taken":0,"max_hp_gain":0,"max_hp_loss":0,"event_name":"Vampires","floor":24,"gold_loss":0},{"damage_healed":0,"gold_gain":0,"player_choice":"1 cards matched","damage_taken":0,"max_hp_gain":0,"max_hp_loss":0,"event_name":"Match and Keep!","floor":30,"gold_loss":0,"cards_obtained":["Zap"]},{"cards_removed":["Strike_B"],"damage_healed":0,"gold_gain":0,"player_choice":"Offered Basic","damage_taken":0,"max_hp_gain":0,"max_hp_loss":0,"event_name":"Bonfire Elementals","floor":37,"gold_loss":0}],"is_beta":false,"boss_relics":[{"not_picked":["Pandora\u0027s Box","Calling Bell"],"picked":"Runic Pyramid"},{"not_picked":["Cursed Key","Eternal Feather"],"picked":"FrozenCore"}],"items_purged_floors":[11,38],"is_endless":false,"potions_floor_spawned":[1,4,6,18,20,23,27,28,33,39],"killed_by":"Giant Head","ascension_level":12}