{"gold_per_floor":[110,126,142,162,179,209,209,223,302,337,512,547,547],"floor_reached":13,"playtime":4965,"items_purged":[],"score":132,"play_id":"db43e77f-7764-4596-9ea9-6dd4c94492a8","local_time":"20181125233553","is_ascension_mode":false,"campfire_choices":[{"floor":7,"key":"RECALL"}],"neow_cost":"NONE","seed_source_timestamp":357628368655165,"circlet_count":0,"master_deck":["Strike_B","Strike_B","Strike_B","Strike_B","Defend_B","Defend_B+1","Defend_B","Defend_B","Zap","Dualcast","Doom and Gloom","Compile Driver","Auto Shields","Chill","BootSequence","Seek+1","Go for the Eyes","Fusion","Doubt","Turbo"],"relics":["Cracked Core","Ancient Tea Set","War Paint","Du-Vu Doll"],"potions_floor_usage":[6,6],"damage_taken":[{"damage":1,"enemies":"Jaw Worm","floor":1,"turns":4},{"damage":0,"enemies":"2 Louse","floor":2,"turns":1},{"damage":1,"enemies":"Cultist","floor":3,"turns":3},{"damage":8,"enemies":"Blue Slaver","floor":4,"turns":3},{"damage":6,"enemies":"Red Slaver","floor":5,"turns":3},{"damage":0,"enemies":"3 Sentries","floor":6,"turns":5},{"damage":0,"enemies":"3 Louse","floor":8,"turns":3},{"damage":25,"enemies":"Gremlin Nob","floor":10,"turns":5},{"damage":32,"enemies":"3 Sentries","floor":12,"turns":7}],"seed_played":"-1857532901468953517","potions_obtained":[{"floor":1,"key":"Dexterity Potion"},{"floor":3,"key":"Explosive Potion"},{"floor":5,"key":"Swift Potion"},{"floor":8,"key":"EssenceOfSteel"}],"is_trial":false,"path_per_floor":["M","M","M","M","M","E","R","M","T","E","?","E","?"],"character_chosen":"DEFECT","items_purchased":[],"campfire_rested":0,"item_purchase_floors":[],"current_hp_per_floor":[81,81,80,72,66,66,66,66,66,41,41,9,0],"gold":547,"neow_bonus":"TEN_PERCENT_HP_BONUS","is_prod":false,"is_daily":false,"chose_seed":false,"campfire_upgraded":0,"win_rate":0,"timestamp":1543188953,"path_taken":["M","M","M","M","M","E","R","M","T","E","?","E","?"],"build_version":"2018-11-15","purchased_purges":0,"victory":false,"max_hp_per_floor":[82,82,82,82,82,82,82,82,82,82,82,82,82],"card_choices":[{"not_picked":["Force Field","Rebound"],"picked":"Doom and Gloom","floor":1},{"not_picked":["Scrape","Capacitor"],"picked":"Compile Driver","floor":2},{"not_picked":["Blizzard","Leap"],"picked":"Auto Shields","floor":3},{"not_picked":["Tempest","Go for the Eyes"],"picked":"Chill","floor":4},{"not_picked":["Aggregate","Coolheaded"],"picked":"BootSequence","floor":5},{"not_picked":["All For One","Rebound"],"picked":"Seek","floor":6},{"not_picked":["Redo","Hologram"],"picked":"Go for the Eyes","floor":8},{"not_picked":["Steam Power","Self Repair"],"picked":"Fusion","floor":10},{"not_picked":["Glacier","FTL"],"picked":"Turbo","floor":12}],"player_experience":134047,"relics_obtained":[{"floor":6,"key":"Ancient Tea Set"},{"floor":10,"key":"War Paint"},{"floor":12,"key":"Du-Vu Doll"}],"event_choices":[{"damage_healed":0,"gold_gain":175,"player_choice":"AGREE","damage_taken":0,"max_hp_gain":0,"max_hp_loss":0,"event_name":"Liars Game","floor":11,"gold_loss":0,"cards_obtained":["Doubt"]}],"is_beta":true,"boss_relics":[],"items_purged_floors":[],"is_endless":false,"potions_floor_spawned":[1,3,5,8],"ascension_level":0}