{"gold_per_floor":[110,110,110,128,138,170,170,170,170,199,74,91,91,121,121,221,221,233,247,15,28,28,58,68,96,96,96,96,107,140,240,240,345,345,364,40,0,100,111,141,154,154,154,186,198,208,238,251,251,251],"floor_reached":50,"playtime":2750,"items_purged":["Defend_R","Defend_R"],"score":957,"play_id":"f4594ab6-1146-49d7-8a9f-c5ca9b75af9c","local_time":"20190907113827","is_ascension_mode":true,"campfire_choices":[{"data":"Perfected Strike","floor":8,"key":"SMITH"},{"floor":13,"key":"REST"},{"floor":15,"key":"REST"},{"floor":27,"key":"REST"},{"floor":32,"key":"REST"},{"floor":42,"key":"RECALL"},{"floor":49,"key":"REST"}],"neow_cost":"CURSE","seed_source_timestamp":64419255916100,"circlet_count":0,"master_deck":["Strike_R","Strike_R","Strike_R","Strike_R","Strike_R","Bash","Heavy Blade","Twin Strike","Perfected Strike+1","Inflame+1","Twin Strike","Swift Strike","Pommel Strike","Pommel Strike","Bludgeon","Blood for Blood+1","Cleave","Feed","Pommel Strike+1","Flex+1","Heavy Blade","Pummel","Perfected Strike","Clash","Flex+1","Demon Form","Heavy Blade","Anger","Fire Breathing+1","Sword Boomerang","Perfected Strike+1","Sword Boomerang","Heavy Blade+1","Warcry+1","Infernal Blade+1","Clash+1"],"relics":["Black Blood","The Courier","Orichalcum","Oddly Smooth Stone","Happy Flower","Empty Cage","Blood Vial","Enchiridion","Bag of Preparation","Bag of Marbles","Blue Candle","Champion Belt","Bottled Flame","Girya","Red Mask","Charon\u0027s Ashes","Anchor","Sundial","Dodecahedron","Darkstone Periapt"],"potions_floor_usage":[6,14,19,23,23,23,31,33,40],"damage_taken":[{"damage":13,"enemies":"Jaw Worm","floor":1,"turns":5},{"damage":1,"enemies":"Cultist","floor":4,"turns":3},{"damage":0,"enemies":"2 Louse","floor":5,"turns":2},{"damage":40,"enemies":"Lagavulin","floor":6,"turns":5},{"damage":16,"enemies":"3 Sentries","floor":10,"turns":5},{"damage":2,"enemies":"Gremlin Gang","floor":12,"turns":4},{"damage":28,"enemies":"Lagavulin","floor":14,"turns":4},{"damage":30,"enemies":"Slime Boss","floor":16,"turns":7},{"damage":23,"enemies":"Shell Parasite","floor":18,"turns":3},{"damage":21,"enemies":"2 Thieves","floor":19,"turns":3},{"damage":19,"enemies":"Centurion and Healer","floor":21,"turns":4},{"damage":23,"enemies":"Slavers","floor":23,"turns":4},{"damage":1,"enemies":"Snecko","floor":24,"turns":3},{"damage":41,"enemies":"Book of Stabbing","floor":25,"turns":4},{"damage":0,"enemies":"3 Cultists","floor":29,"turns":3},{"damage":38,"enemies":"Slavers","floor":30,"turns":4},{"damage":8,"enemies":"Colosseum Slavers","floor":31,"turns":2},{"damage":1,"enemies":"Colosseum Nobs","floor":31,"turns":2},{"damage":48,"enemies":"Automaton","floor":33,"turns":6},{"damage":6,"enemies":"Orb Walker","floor":35,"turns":2},{"damage":28,"enemies":"Mind Bloom Boss Battle","floor":38,"turns":4},{"damage":12,"enemies":"3 Darklings","floor":39,"turns":4},{"damage":39,"enemies":"Reptomancer","floor":40,"turns":5},{"damage":3,"enemies":"Spire Growth","floor":41,"turns":3},{"damage":44,"enemies":"Giant Head","floor":44,"turns":6},{"damage":19,"enemies":"Writhing Mass","floor":45,"turns":4},{"damage":2,"enemies":"Jaw Worm Horde","floor":46,"turns":2},{"damage":20,"enemies":"Nemesis","floor":47,"turns":5},{"damage":17,"enemies":"3 Darklings","floor":48,"turns":8},{"damage":78,"enemies":"Time Eater","floor":50,"turns":5}],"seed_played":"1183173131701178062","potions_obtained":[{"floor":4,"key":"Energy Potion"},{"floor":6,"key":"PowerPotion"},{"floor":12,"key":"Energy Potion"},{"floor":16,"key":"Poison Potion"},{"floor":18,"key":"BloodPotion"},{"floor":19,"key":"Block Potion"},{"floor":21,"key":"Fire Potion"},{"floor":29,"key":"Poison Potion"},{"floor":31,"key":"LiquidBronze"},{"floor":38,"key":"Block Potion"},{"floor":39,"key":"Dexterity Potion"},{"floor":45,"key":"SmokeBomb"},{"floor":47,"key":"Dexterity Potion"}],"is_trial":false,"path_per_floor":["M","?","?","M","M","E","?","R","T","E","$","M","R","E","R","B",null,"M","M","$","M","?","E","M","E","T","R","?","M","E","?","R","B",null,"M","$","?","?","M","E","M","R","T","E","M","M","E","M","R","B"],"character_chosen":"IRONCLAD","items_purchased":["Swift Strike","Feed","Blood Vial","Girya"],"campfire_rested":5,"item_purchase_floors":[11,20,20,36],"current_hp_per_floor":[81,74,96,96,96,62,62,62,62,52,52,56,84,62,90,66,89,72,57,57,49,33,45,52,19,19,49,49,60,30,43,76,36,92,98,98,98,82,82,55,67,67,67,35,28,38,30,25,59,0],"gold":251,"neow_bonus":"TWENTY_PERCENT_HP_BONUS","is_prod":false,"is_daily":false,"chose_seed":false,"campfire_upgraded":1,"win_rate":0,"timestamp":1567870707,"path_taken":["M","?","?","M","?","E","?","R","T","E","$","?","R","E","R","BOSS","M","?","$","?","?","E","M","E","T","R","?","M","E","?","R","BOSS","M","$","?","?","M","E","M","R","T","E","M","M","E","M","R","BOSS"],"build_version":"2019-07-17","purchased_purges":2,"victory":false,"max_hp_per_floor":[96,96,96,96,96,96,96,96,96,96,96,96,96,96,96,96,96,96,96,96,99,99,102,102,102,102,102,102,105,105,111,111,111,111,111,111,111,111,111,111,114,114,114,114,114,114,114,114,114,114],"card_choices":[{"not_picked":["Carnage","Flex"],"picked":"Heavy Blade","floor":1},{"not_picked":["Body Slam","True Grit"],"picked":"Twin Strike","floor":4},{"not_picked":["Second Wind","Feel No Pain"],"picked":"Perfected Strike","floor":5},{"not_picked":["Feel No Pain","Seeing Red"],"picked":"Inflame","floor":6},{"not_picked":["Disarm","Clash"],"picked":"Twin Strike","floor":10},{"not_picked":["Inflame","Second Wind"],"picked":"Pommel Strike","floor":12},{"not_picked":["Brutality","Cleave"],"picked":"Pommel Strike","floor":14},{"not_picked":["Juggernaut","Dark Embrace"],"picked":"Bludgeon","floor":16},{"not_picked":["Combust","Clothesline"],"picked":"Blood for Blood+1","floor":18},{"not_picked":["Body Slam","Burning Pact"],"picked":"Cleave","floor":19},{"not_picked":["Carnage","Hemokinesis"],"picked":"Pommel Strike+1","floor":21},{"not_picked":["Carnage","Warcry"],"picked":"Flex+1","floor":23},{"not_picked":["True Grit","Clash"],"picked":"Heavy Blade","floor":24},{"not_picked":["Infernal Blade","Havoc"],"picked":"Pummel","floor":25},{"not_picked":["Fiend Fire","Entrench"],"picked":"Perfected Strike","floor":29},{"not_picked":["Dual Wield","Clothesline"],"picked":"Clash","floor":30},{"not_picked":["Carnage+1","Headbutt"],"picked":"Flex+1","floor":31},{"not_picked":["Reaper","Barricade"],"picked":"Demon Form","floor":33},{"not_picked":["Shrug It Off+1","Feel No Pain"],"picked":"Heavy Blade","floor":35},{"not_picked":["Body Slam+1","Power Through"],"picked":"Anger","floor":38},{"not_picked":["Warcry","Carnage+1"],"picked":"Fire Breathing+1","floor":39},{"not_picked":["Reckless Charge+1","Body Slam+1"],"picked":"Sword Boomerang","floor":40},{"not_picked":["Havoc","Entrench+1"],"picked":"Perfected Strike+1","floor":41},{"not_picked":["Body Slam+1","Carnage+1"],"picked":"Sword Boomerang","floor":44},{"not_picked":["Rampage+1","Armaments+1"],"picked":"Heavy Blade+1","floor":45},{"not_picked":["Fiend Fire","Shrug It Off+1"],"picked":"Warcry+1","floor":46},{"not_picked":["Second Wind","Cleave"],"picked":"Infernal Blade+1","floor":47},{"not_picked":["Warcry","Shrug It Off"],"picked":"Clash+1","floor":48}],"player_experience":486037,"relics_obtained":[{"floor":6,"key":"The Courier"},{"floor":9,"key":"Orichalcum"},{"floor":10,"key":"Oddly Smooth Stone"},{"floor":14,"key":"Happy Flower"},{"floor":22,"key":"Enchiridion"},{"floor":23,"key":"Bag of Preparation"},{"floor":25,"key":"Bag of Marbles"},{"floor":30,"key":"Blue Candle"},{"floor":31,"key":"Champion Belt"},{"floor":31,"key":"Bottled Flame"},{"floor":38,"key":"Charon\u0027s Ashes"},{"floor":40,"key":"Anchor"},{"floor":43,"key":"Sundial"},{"floor":44,"key":"Dodecahedron"},{"floor":47,"key":"Darkstone Periapt"}],"event_choices":[{"cards_removed":["Decay"],"damage_healed":0,"gold_gain":0,"player_choice":"Card Removal","damage_taken":7,"max_hp_gain":0,"max_hp_loss":0,"event_name":"Golden Wing","floor":2,"gold_loss":0},{"damage_healed":22,"gold_gain":0,"player_choice":"Full Heal","damage_taken":0,"max_hp_gain":0,"max_hp_loss":0,"event_name":"Wheel of Change","floor":3,"gold_loss":0},{"damage_healed":0,"gold_gain":0,"player_choice":"Upgraded","damage_taken":0,"max_hp_gain":0,"max_hp_loss":0,"event_name":"Upgrade Shrine","floor":7,"gold_loss":0,"cards_upgraded":["Inflame"]},{"damage_healed":0,"gold_gain":0,"player_choice":"Obtained Book","damage_taken":16,"max_hp_gain":0,"max_hp_loss":0,"event_name":"Cursed Tome","floor":22,"gold_loss":0},{"damage_healed":0,"gold_gain":0,"player_choice":"Ignored","damage_taken":0,"max_hp_gain":0,"max_hp_loss":0,"event_name":"Vampires","floor":28,"gold_loss":0},{"damage_healed":0,"gold_gain":0,"player_choice":"Fight","damage_taken":0,"max_hp_gain":0,"max_hp_loss":0,"event_name":"Colosseum","floor":31,"gold_loss":0},{"damage_healed":0,"gold_gain":0,"player_choice":"Fought Nobs","damage_taken":0,"max_hp_gain":0,"max_hp_loss":0,"event_name":"Colosseum","floor":31,"gold_loss":0},{"damage_healed":0,"gold_gain":0,"player_choice":"Paid","damage_taken":0,"relics_obtained":["Red Mask"],"max_hp_gain":0,"max_hp_loss":0,"event_name":"Tomb of Lord Red Mask","floor":37,"gold_loss":40},{"damage_healed":0,"gold_gain":0,"player_choice":"Fight","damage_taken":0,"max_hp_gain":0,"max_hp_loss":0,"event_name":"MindBloom","floor":38,"gold_loss":0}],"is_beta":false,"boss_relics":[{"not_picked":["Busted Crown","Mark of Pain"],"picked":"Empty Cage"},{"not_picked":["Eternal Feather","White Beast Statue"],"picked":"Black Blood"}],"items_purged_floors":[11,36],"is_endless":false,"potions_floor_spawned":[4,6,12,16,18,19,21,29,31,38,39,45,47],"killed_by":"Time Eater","ascension_level":7}