{"gold_per_floor":[117,136,156,156,169,169,188,188,214,243,243,262,293,303,303,402,402,417,417,431,431,448,448,474,68,94,94,109,137,137,153,153,257,257,267,100,451,471,471,471,506,521,597,615,633,633,643,653,653,653],"floor_reached":51,"playtime":6849,"items_purged":["Strike_G","Strike_G"],"score":977,"play_id":"cfb724fa-01dc-4de5-9231-af56f48d90a5","local_time":"20191001005338","is_ascension_mode":true,"campfire_choices":[{"data":"Bouncing Flask","floor":6.0,"key":"SMITH"},{"data":"Prepared","floor":8.0,"key":"SMITH"},{"floor":11.0,"key":"REST"},{"data":"Neutralize","floor":15.0,"key":"SMITH"},{"data":"Well Laid Plans","floor":23.0,"key":"SMITH"},{"data":"Adrenaline","floor":27.0,"key":"SMITH"},{"data":"Survivor","floor":32.0,"key":"SMITH"},{"data":"Adrenaline","floor":40.0,"key":"SMITH"},{"data":"Ghostly","floor":46,"key":"SMITH"},{"data":"Ghostly","floor":49,"key":"SMITH"}],"neow_cost":"TEN_PERCENT_HP_LOSS","seed_source_timestamp":0,"circlet_count":0,"master_deck":["Strike_G","Strike_G","Defend_G","Defend_G","Defend_G","Defend_G","Survivor+1","Neutralize+1","Dagger Throw","PiercingWail","Bouncing Flask+1","Prepared+1","Adrenaline+1","Well Laid Plans+1","Grand Finale","Dash+1","Ghostly+1","Ghostly+1","Ghostly","Ghostly","Ghostly","Grand Finale","Deadly Poison+1","Footwork+1","Adrenaline+1","Deflect+1","Calculated Gamble","Backflip+1","Crippling Poison+1","Deadly Poison+1"],"special_seed":0,"relics":["Ring of the Snake","Blood Vial","Smiling Mask","PreservedInsect","Darkstone Periapt","Philosopher\u0027s Stone","Red Mask","Membership Card","Paper Crane","Bag of Marbles","Bottled Tornado","Art of War","Sozu","Pen Nib","Old Coin","Blue Candle","Dodecahedron"],"potions_floor_usage":[50],"damage_taken":[{"damage":2.0,"enemies":"Jaw Worm","floor":1.0,"turns":4.0},{"damage":0.0,"enemies":"2 Louse","floor":2.0,"turns":2.0},{"damage":0.0,"enemies":"Cultist","floor":3.0,"turns":4.0},{"damage":2.0,"enemies":"Blue Slaver","floor":5.0,"turns":5.0},{"damage":2.0,"enemies":"Exordium Wildlife","floor":7.0,"turns":4.0},{"damage":25.0,"enemies":"3 Sentries","floor":10.0,"turns":9.0},{"damage":0.0,"enemies":"Large Slime","floor":12.0,"turns":5.0},{"damage":5.0,"enemies":"Gremlin Nob","floor":13.0,"turns":3.0},{"damage":6.0,"enemies":"Lots of Slimes","floor":14.0,"turns":11.0},{"damage":8.0,"enemies":"Hexaghost","floor":16.0,"turns":7.0},{"damage":1.0,"enemies":"Chosen","floor":18.0,"turns":3.0},{"damage":0.0,"enemies":"2 Thieves","floor":20.0,"turns":4.0},{"damage":1.0,"enemies":"Snecko","floor":22.0,"turns":5.0},{"damage":2.0,"enemies":"Masked Bandits","floor":24.0,"turns":5.0},{"damage":2.0,"enemies":"Chosen and Byrds","floor":28.0,"turns":5.0},{"damage":0.0,"enemies":"Gremlin Leader","floor":29.0,"turns":4.0},{"damage":0.0,"enemies":"Centurion and Healer","floor":31.0,"turns":4.0},{"damage":23.0,"enemies":"Champ","floor":33.0,"turns":9.0},{"damage":0.0,"enemies":"3 Darklings","floor":35.0,"turns":4.0},{"damage":6.0,"enemies":"2 Orb Walkers","floor":37.0,"turns":5.0},{"damage":0.0,"enemies":"Orb Walker","floor":38.0,"turns":4.0},{"damage":3.0,"enemies":"Nemesis","floor":41.0,"turns":5.0},{"damage":0.0,"enemies":"Sphere and 2 Shapes","floor":42.0,"turns":4.0},{"damage":0,"enemies":"Writhing Mass","floor":44,"turns":4},{"damage":3,"enemies":"3 Darklings","floor":45,"turns":4},{"damage":0,"enemies":"Maw","floor":47,"turns":6},{"damage":0,"enemies":"4 Shapes","floor":48,"turns":5},{"damage":19,"enemies":"Awakened One","floor":50,"turns":16}],"seed_played":"1050564012828781797","potions_obtained":[{"floor":1.0,"key":"SteroidPotion"},{"floor":2.0,"key":"PowerPotion"},{"floor":12.0,"key":"Fire Potion"},{"floor":13.0,"key":"Swift Potion"},{"floor":18.0,"key":"Swift Potion"},{"floor":20.0,"key":"Poison Potion"},{"floor":24.0,"key":"FairyPotion"}],"is_trial":false,"path_per_floor":["M","M","M","?","M","R","M","R","T","E","R","M","E","M","R","B",null,"M","?","M","?","M","R","?","$","T","R","M","E","T","M","R","B",null,"M","$","?","M","?","R","E","M","T","M","M","R","M","M","R","B",null],"character_chosen":"THE_SILENT","items_purchased":["Membership Card","Paper Crane","Weak Potion","Calculated Gamble","Pen Nib"],"campfire_rested":1,"item_purchase_floors":[25,25,25,36,36],"current_hp_per_floor":[61,61,61,54,54,54,54,54,54,31,49,51,48,44,44,38,57,58,31,31,31,30,30,29,29,29,29,29,31,31,31,31,8,25,27,27,23,25,25,25,24,26,26,28,27,27,29,31,31,12],"gold":653,"neow_bonus":"REMOVE_TWO","is_prod":false,"is_daily":false,"chose_seed":false,"campfire_upgraded":9,"win_rate":0,"timestamp":1569905618,"path_taken":["M","M","M","?","M","R","M","R","T","E","R","M","E","M","R","BOSS","M","?","M","?","?","R","?","$","T","R","M","E","?","M","R","BOSS","M","$","?","M","?","R","E","M","T","M","M","R","M","M","R","BOSS"],"build_version":"2019-07-17","purchased_purges":2,"victory":true,"max_hp_per_floor":[63,63,63,63,63,63,63,63,63,63,63,63,63,63,63,63,63,63,31,31,31,31,31,31,31,31,31,31,31,31,31,31,31,31,31,31,31,31,31,31,31,31,31,31,31,31,31,31,31,31],"card_choices":[{"not_picked":["Reflex","Deflect"],"picked":"Dagger Throw","floor":1.0},{"not_picked":["Deflect","Riddle With Holes"],"picked":"PiercingWail","floor":2.0},{"not_picked":["Poisoned Stab","Outmaneuver","Cloak And Dagger"],"picked":"SKIP","floor":3.0},{"not_picked":["Setup","Crippling Poison"],"picked":"Bouncing Flask","floor":5.0},{"not_picked":["Blade Dance","Dagger Spray"],"picked":"Prepared","floor":7.0},{"not_picked":["Endless Agony","Blade Dance","Choke"],"picked":"SKIP","floor":10.0},{"not_picked":["Outmaneuver","Reflex","Predator"],"picked":"SKIP","floor":12.0},{"not_picked":["Riddle With Holes","All Out Attack"],"picked":"Adrenaline","floor":13.0},{"not_picked":["Eviscerate","Leg Sweep"],"picked":"Well Laid Plans","floor":14.0},{"not_picked":["Venomology","Wraith Form v2"],"picked":"Grand Finale","floor":16.0},{"not_picked":["Endless Agony","Well Laid Plans"],"picked":"Dash+1","floor":18.0},{"not_picked":["Bouncing Flask","Heel Hook","Underhanded Strike"],"picked":"SKIP","floor":20.0},{"not_picked":["Outmaneuver","Slice"],"picked":"Deadly Poison+1","floor":22.0},{"not_picked":["Catalyst","Sucker Punch"],"picked":"Footwork+1","floor":24.0},{"not_picked":["Dodge and Roll","Flying Knee","All Out Attack"],"picked":"SKIP","floor":28.0},{"not_picked":["Dodge and Roll","Flying Knee","All Out Attack"],"picked":"SKIP","floor":28.0},{"not_picked":["Finisher+1","Bane","After Image"],"picked":"SKIP","floor":29.0},{"not_picked":["Quick Slash+1","Outmaneuver","Dagger Spray"],"picked":"SKIP","floor":31.0},{"not_picked":["Grand Finale","Storm of Steel"],"picked":"Adrenaline","floor":33.0},{"not_picked":["Infinite Blades","Prepared"],"picked":"Deflect+1","floor":35.0},{"not_picked":["PiercingWail+1","Eviscerate"],"picked":"Backflip+1","floor":38.0},{"not_picked":["A Thousand Cuts","Concentrate"],"picked":"Crippling Poison+1","floor":41.0},{"not_picked":["Skewer","Flying Knee+1","Poisoned Stab"],"picked":"SKIP","floor":42.0},{"not_picked":["Predator+1","Bouncing Flask"],"picked":"Deadly Poison+1","floor":44},{"not_picked":["Poisoned Stab","Dagger Throw+1","Cloak And Dagger"],"picked":"SKIP","floor":45},{"not_picked":["Unload","Blade Dance","Cloak And Dagger+1"],"picked":"SKIP","floor":47},{"not_picked":["All Out Attack","Outmaneuver","Dagger Spray+1"],"picked":"SKIP","floor":48}],"player_experience":570713,"relics_obtained":[{"floor":9.0,"key":"Smiling Mask"},{"floor":10.0,"key":"PreservedInsect"},{"floor":13.0,"key":"Darkstone Periapt"},{"floor":24.0,"key":"Red Mask"},{"floor":26.0,"key":"Bag of Marbles"},{"floor":29.0,"key":"Bottled Tornado"},{"floor":30.0,"key":"Art of War"},{"floor":37.0,"key":"Old Coin"},{"floor":41.0,"key":"Blue Candle"},{"floor":43.0,"key":"Dodecahedron"}],"event_choices":[{"damage_healed":0.0,"max_hp_gain":0.0,"max_hp_loss":0.0,"gold_gain":0.0,"event_name":"Scrap Ooze","player_choice":"Success","floor":4.0,"gold_loss":0.0,"damage_taken":7.0,"relics_obtained":["Blood Vial"]},{"damage_healed":0.0,"max_hp_gain":0.0,"max_hp_loss":32.0,"gold_gain":0.0,"event_name":"Ghosts","player_choice":"Became a Ghost","floor":19.0,"gold_loss":0.0,"damage_taken":0.0,"cards_obtained":["Ghostly","Ghostly","Ghostly","Ghostly","Ghostly"]},{"damage_healed":0.0,"max_hp_gain":0.0,"max_hp_loss":0.0,"gold_gain":0.0,"event_name":"Duplicator","player_choice":"Copied","floor":21.0,"gold_loss":0.0,"damage_taken":0.0,"cards_obtained":["Grand Finale"]},{"damage_healed":0.0,"max_hp_gain":0.0,"max_hp_loss":0.0,"gold_gain":0.0,"event_name":"Masked Bandits","player_choice":"Fought Bandits","floor":24.0,"gold_loss":0.0,"damage_taken":0.0},{"damage_healed":0.0,"max_hp_gain":0.0,"max_hp_loss":0.0,"gold_gain":0.0,"event_name":"Mysterious Sphere","player_choice":"Fight","floor":37.0,"gold_loss":0.0,"damage_taken":0.0},{"damage_healed":0.0,"max_hp_gain":0.0,"max_hp_loss":0.0,"gold_gain":0.0,"event_name":"SecretPortal","player_choice":"Ignored","floor":39.0,"gold_loss":0.0,"damage_taken":0.0}],"is_beta":false,"boss_relics":[{"not_picked":["Astrolabe","Snecko Eye"],"picked":"Philosopher\u0027s Stone"},{"not_picked":["Tiny House","Cursed Key"],"picked":"Sozu"}],"items_purged_floors":[25,36],"is_endless":false,"potions_floor_spawned":[1,2,12,13,18,20,24,35,41,42,44],"ascension_level":6}