{"gold_per_floor":[118,129,140,140,154,154,218,243,243,243,277,292,6,19,19,121,121,141,156,156,169,185,185,185],"floor_reached":24,"playtime":1070,"items_purged":[],"score":305,"play_id":"4eb2b128-25fe-49c5-ae93-39f3c536bbdd","local_time":"20190920001533","is_ascension_mode":true,"campfire_choices":[{"floor":6,"key":"REST"},{"floor":10,"key":"REST"},{"floor":15,"key":"REST"},{"floor":23,"key":"REST"}],"neow_cost":"NONE","seed_source_timestamp":194529027122500,"circlet_count":0,"master_deck":["Strike_B","Strike_B","Strike_B","Strike_B","Defend_B","Defend_B","Defend_B","Defend_B","Zap","Dualcast","Hologram","Loop","FTL","White Noise","Conserve Battery","Buffer","Cold Snap","Leap","Cold Snap","Buffer","Barrage+1","Conserve Battery","Scrape+1","Conserve Battery"],"relics":["Cracked Core","Bag of Marbles","Happy Flower","Bottled Flame","Shuriken","Lantern","Strawberry","Incense Burner","Sozu"],"potions_floor_usage":[7,16,16,21,22],"damage_taken":[{"damage":4,"enemies":"Jaw Worm","floor":1,"turns":4},{"damage":0,"enemies":"Cultist","floor":2,"turns":3},{"damage":2,"enemies":"2 Louse","floor":3,"turns":3},{"damage":13,"enemies":"Blue Slaver","floor":5,"turns":3},{"damage":24,"enemies":"Lagavulin Event","floor":7,"turns":5},{"damage":32,"enemies":"3 Sentries","floor":8,"turns":6},{"damage":23,"enemies":"Lagavulin","floor":11,"turns":7},{"damage":4,"enemies":"Looter","floor":12,"turns":3},{"damage":1,"enemies":"2 Fungi Beasts","floor":14,"turns":3},{"damage":9,"enemies":"Hexaghost","floor":16,"turns":9},{"damage":6,"enemies":"Shell Parasite","floor":18,"turns":7},{"damage":30,"enemies":"2 Thieves","floor":19,"turns":4},{"damage":11,"enemies":"Snecko","floor":21,"turns":5},{"damage":3,"enemies":"Centurion and Healer","floor":22,"turns":4},{"damage":47,"enemies":"Book of Stabbing","floor":24,"turns":5}],"seed_played":"8472332987199296403","potions_obtained":[{"floor":1,"key":"Weak Potion"},{"floor":5,"key":"LiquidBronze"},{"floor":11,"key":"LiquidBronze"},{"floor":14,"key":"Explosive Potion"},{"floor":16,"key":"Strength Potion"}],"is_trial":false,"path_per_floor":["M","M","M","?","M","R","?","E","T","R","E","M","$","M","R","B",null,"M","M","?","M","M","R","E"],"character_chosen":"DEFECT","items_purchased":["Incense Burner"],"campfire_rested":4,"item_purchase_floors":[13],"current_hp_per_floor":[64,64,62,62,49,71,47,15,15,37,21,17,17,16,40,31,69,63,33,33,22,19,43,0],"gold":185,"neow_bonus":"RANDOM_COMMON_RELIC","is_prod":false,"is_daily":false,"chose_seed":false,"campfire_upgraded":0,"win_rate":0,"timestamp":1568952933,"path_taken":["M","M","M","?","M","R","?","E","T","R","E","?","$","M","R","BOSS","M","M","?","M","M","R","E"],"build_version":"2019-07-17","purchased_purges":0,"victory":false,"max_hp_per_floor":[75,75,75,75,75,75,75,75,75,75,82,82,82,82,82,82,82,82,82,82,82,82,82,82],"card_choices":[{"not_picked":["Streamline","Reinforced Body"],"picked":"Hologram","floor":1},{"not_picked":["Leap","Hologram"],"picked":"Loop","floor":2},{"not_picked":["Sweeping Beam","Hologram"],"picked":"FTL","floor":3},{"not_picked":["Hello World","Go for the Eyes"],"picked":"White Noise","floor":5},{"not_picked":["Consume","Static Discharge"],"picked":"Conserve Battery","floor":7},{"not_picked":["Force Field","FTL"],"picked":"Buffer","floor":8},{"not_picked":["Sweeping Beam","Barrage"],"picked":"Cold Snap","floor":11},{"not_picked":["Aggregate","Gash"],"picked":"Leap","floor":12},{"not_picked":["Blizzard","Gash"],"picked":"Cold Snap","floor":14},{"not_picked":["Fission","Core Surge"],"picked":"Buffer","floor":16},{"not_picked":["Streamline","Sunder"],"picked":"Barrage+1","floor":18},{"not_picked":["Leap","Fusion"],"picked":"Conserve Battery","floor":19},{"not_picked":["Stack","Turbo"],"picked":"Scrape+1","floor":21},{"not_picked":["Barrage","Melter"],"picked":"Conserve Battery","floor":22}],"player_experience":684738,"relics_obtained":[{"floor":7,"key":"Bottled Flame"},{"floor":8,"key":"Shuriken"},{"floor":9,"key":"Lantern"},{"floor":11,"key":"Strawberry"}],"event_choices":[{"damage_healed":0,"gold_gain":0,"player_choice":"Box","damage_taken":0,"relics_obtained":["Happy Flower"],"max_hp_gain":0,"max_hp_loss":0,"event_name":"Big Fish","floor":4,"gold_loss":0,"cards_obtained":["Regret"]},{"damage_healed":0,"gold_gain":30,"player_choice":"Searched \u00272\u0027 times","damage_taken":0,"max_hp_gain":0,"max_hp_loss":0,"event_name":"Dead Adventurer","floor":7,"gold_loss":0},{"cards_removed":["Regret"],"damage_healed":0,"gold_gain":0,"player_choice":"Purged","damage_taken":0,"max_hp_gain":0,"max_hp_loss":0,"event_name":"Purifier","floor":20,"gold_loss":0}],"is_beta":false,"boss_relics":[{"not_picked":["Astrolabe","Busted Crown"],"picked":"Sozu"}],"items_purged_floors":[],"is_endless":false,"potions_floor_spawned":[1,5,11,14,16,19,22],"killed_by":"Book of Stabbing","ascension_level":9}