{"gold_per_floor":[114,133,149,149,164,196,196,229,302,302,312,312,312,338,338,437,437,451,464,464,464],"floor_reached":21,"playtime":1173,"items_purged":[],"score":308,"play_id":"b8280393-df69-4cb2-9ebe-5a5b0ce73989","local_time":"20191001133501","is_ascension_mode":true,"campfire_choices":[{"floor":7,"key":"REST"},{"data":"Armaments","floor":12,"key":"SMITH"},{"floor":15,"key":"REST"}],"neow_cost":"NONE","seed_source_timestamp":184220075983,"circlet_count":0,"master_deck":["AscendersBane","Strike_R","Strike_R","Strike_R","Defend_R","Defend_R","Defend_R","Defend_R","Bash","Armaments+1","Cleave","Uppercut","Dropkick","Parasite","Seeing Red","Uppercut","Immolate","Shockwave+1","Anger","Sever Soul","Seeing Red"],"relics":["Burning Blood","Boot","Girya","Dodecahedron","Blood Vial","White Beast Statue"],"potions_floor_usage":[1,8,16,18,19,21,21],"damage_taken":[{"damage":15,"enemies":"Small Slimes","floor":1,"turns":4},{"damage":2,"enemies":"2 Louse","floor":2,"turns":3},{"damage":7,"enemies":"Cultist","floor":3,"turns":5},{"damage":22,"enemies":"Red Slaver","floor":5,"turns":6},{"damage":34,"enemies":"Gremlin Nob","floor":6,"turns":5},{"damage":27,"enemies":"3 Sentries","floor":8,"turns":8},{"damage":1,"enemies":"Looter","floor":11,"turns":4},{"damage":32,"enemies":"Gremlin Nob","floor":14,"turns":5},{"damage":21,"enemies":"The Guardian","floor":16,"turns":14},{"damage":32,"enemies":"3 Byrds","floor":18,"turns":6},{"damage":38,"enemies":"Spheric Guardian","floor":19,"turns":6},{"damage":31,"enemies":"3 Cultists","floor":21,"turns":4}],"seed_played":"-8194707331715776277","potions_obtained":[{"floor":0,"key":"Fruit Juice"},{"floor":0,"key":"Dexterity Potion"},{"floor":1,"key":"SmokeBomb"},{"floor":8,"key":"SteroidPotion"},{"floor":14,"key":"AttackPotion"},{"floor":16,"key":"Fire Potion"},{"floor":18,"key":"FearPotion"},{"floor":19,"key":"SteroidPotion"}],"is_trial":false,"path_per_floor":["M","M","M","?","M","E","R","E","T","?","M","R","?","E","R","B",null,"M","M","?","M"],"character_chosen":"IRONCLAD","items_purchased":[],"campfire_rested":2,"item_purchase_floors":[],"current_hp_per_floor":[68,72,71,71,55,27,52,31,31,52,57,57,50,24,49,36,73,49,19,19,0],"gold":464,"neow_bonus":"THREE_SMALL_POTIONS","is_prod":false,"is_daily":false,"chose_seed":false,"campfire_upgraded":1,"win_rate":0,"timestamp":1569929701,"path_taken":["M","M","M","?","M","E","R","E","T","?","M","R","?","E","R","BOSS","M","M","?","M"],"build_version":"2019-07-17","purchased_purges":0,"victory":false,"max_hp_per_floor":[85,85,85,85,85,85,85,85,85,85,85,85,85,85,85,85,85,85,85,85,85],"card_choices":[{"not_picked":["Iron Wave","Shrug It Off"],"picked":"Armaments","floor":1},{"not_picked":["Ghostly Armor","Whirlwind"],"picked":"Cleave","floor":2},{"not_picked":["Havoc","Pummel","Body Slam"],"picked":"SKIP","floor":3},{"not_picked":["Wild Strike","Armaments"],"picked":"Clothesline","floor":5},{"not_picked":["Hemokinesis","Seeing Red"],"picked":"Uppercut","floor":6},{"not_picked":["Perfected Strike","Disarm"],"picked":"Dropkick","floor":8},{"not_picked":["Disarm","Flex"],"picked":"Seeing Red","floor":11},{"not_picked":["Exhume","Havoc"],"picked":"Uppercut","floor":14},{"not_picked":["Demon Form","Impervious"],"picked":"Immolate","floor":16},{"not_picked":["Clothesline+1","Spot Weakness"],"picked":"Shockwave+1","floor":18},{"not_picked":["Reckless Charge+1","Fire Breathing"],"picked":"Anger","floor":19}],"player_experience":327692,"relics_obtained":[{"floor":6,"key":"Boot"},{"floor":8,"key":"Girya"},{"floor":9,"key":"Dodecahedron"},{"floor":14,"key":"Blood Vial"}],"event_choices":[{"damage_healed":0,"gold_gain":0,"player_choice":"Ignored","damage_taken":0,"max_hp_gain":0,"max_hp_loss":0,"event_name":"Golden Idol","floor":4,"gold_loss":0},{"damage_healed":21,"gold_gain":0,"player_choice":"Healed and dodged fight","damage_taken":0,"max_hp_gain":0,"max_hp_loss":0,"event_name":"Mushrooms","floor":10,"gold_loss":0,"cards_obtained":["Parasite"]},{"cards_removed":["Strike_R"],"damage_healed":0,"gold_gain":0,"player_choice":"Card Removal","damage_taken":7,"max_hp_gain":0,"max_hp_loss":0,"event_name":"Golden Wing","floor":13,"gold_loss":0},{"damage_healed":0,"gold_gain":0,"cards_transformed":["Clothesline","Strike_R"],"player_choice":"Became Test Subject","damage_taken":0,"max_hp_gain":0,"max_hp_loss":0,"event_name":"Drug Dealer","floor":20,"gold_loss":0,"cards_obtained":["Sever Soul","Seeing Red"]}],"is_beta":false,"boss_relics":[{"not_picked":["Lizard Tail","Empty Cage"],"picked":"White Beast Statue"}],"items_purged_floors":[],"is_endless":false,"potions_floor_spawned":[1,3,8,14,16,18,19],"killed_by":"3 Cultists","ascension_level":11}