{"gold_per_floor":[20,20,20,43,43,84,84,125,206,221,221,260,283,304,304,435,435,451,376,651,670,684,684],"floor_reached":23,"playtime":9157,"items_purged":[],"score":342,"play_id":"085c9b98-afc5-4775-9225-b8b7a349778b","local_time":"20190911130403","is_ascension_mode":true,"campfire_choices":[{"floor":7,"key":"REST"},{"floor":11,"key":"REST"},{"data":"Dropkick","floor":15,"key":"SMITH"}],"neow_cost":"NO_GOLD","seed_source_timestamp":408759648316900,"circlet_count":0,"master_deck":["Strike_R","Strike_R","Strike_R","Strike_R","Strike_R","Defend_R","Defend_R","Defend_R+1","Bash","Forethought","Dramatic Entrance","Battle Trance","Entrench","Perfected Strike","Offering+1","Dropkick+1","Bloodletting","Pummel","Reaper","Seeing Red","Perfected Strike","Demon Form","Clothesline","Regret","Headbutt","Wild Strike+1"],"relics":["Burning Blood","Golden Idol","Orichalcum","War Paint","Dream Catcher","Anchor","Black Star"],"potions_floor_usage":[12,13,22,23],"damage_taken":[{"damage":12,"enemies":"Small Slimes","floor":1,"turns":3},{"damage":11,"enemies":"Jaw Worm","floor":4,"turns":4},{"damage":48,"enemies":"Lagavulin","floor":6,"turns":6},{"damage":6,"enemies":"Gremlin Nob","floor":8,"turns":2},{"damage":0,"enemies":"2 Louse","floor":10,"turns":2},{"damage":19,"enemies":"3 Sentries","floor":12,"turns":5},{"damage":16,"enemies":"Exordium Thugs","floor":13,"turns":3},{"damage":6,"enemies":"Gremlin Gang","floor":14,"turns":2},{"damage":71,"enemies":"The Guardian","floor":16,"turns":9},{"damage":22,"enemies":"Shell Parasite","floor":18,"turns":4},{"damage":5,"enemies":"Chosen","floor":21,"turns":4},{"damage":26,"enemies":"Snake Plant","floor":22,"turns":4},{"damage":61,"enemies":"Book of Stabbing","floor":23,"turns":5}],"seed_played":"-4347722217830318141","potions_obtained":[{"floor":1,"key":"Ancient Potion"},{"floor":6,"key":"Swift Potion"},{"floor":8,"key":"SkillPotion"},{"floor":21,"key":"AttackPotion"},{"floor":22,"key":"BloodPotion"}],"is_trial":false,"path_per_floor":["M","?","?","M","?","E","R","E","T","M","R","E","M","M","R","B",null,"M","?","?","M","M","E"],"character_chosen":"IRONCLAD","items_purchased":[],"campfire_rested":2,"item_purchase_floors":[],"current_hp_per_floor":[66,66,66,61,58,16,40,40,40,46,70,57,55,71,71,10,63,53,53,53,54,36,0],"gold":684,"neow_bonus":"RANDOM_COLORLESS_2","is_prod":false,"is_daily":false,"chose_seed":false,"campfire_upgraded":1,"win_rate":0,"timestamp":1568221443,"path_taken":["M","?","?","M","?","E","R","E","T","?","R","E","?","M","R","BOSS","M","?","?","?","M","E"],"build_version":"2019-07-17","purchased_purges":0,"victory":false,"max_hp_per_floor":[80,80,80,80,80,80,80,80,80,80,80,80,80,80,80,80,80,80,80,80,80,80,80],"card_choices":[{"not_picked":["Flex","Searing Blow"],"picked":"Battle Trance","floor":1},{"not_picked":["Shockwave","Clothesline"],"picked":"Perfected Strike","floor":4},{"not_picked":["Body Slam","True Grit"],"picked":"Offering","floor":6},{"not_picked":["Dual Wield","Iron Wave"],"picked":"Dropkick","floor":8},{"not_picked":["Body Slam","Warcry"],"picked":"Bloodletting","floor":10},{"not_picked":["Twin Strike","Seeing Red"],"picked":"Pummel","floor":11},{"not_picked":["Shrug It Off","Uppercut"],"picked":"Reaper","floor":12},{"not_picked":["Iron Wave","Wild Strike"],"picked":"Seeing Red","floor":13},{"not_picked":["Disarm","Sword Boomerang"],"picked":"Perfected Strike","floor":14},{"not_picked":["Offering","Double Tap"],"picked":"Demon Form","floor":16},{"not_picked":["Second Wind+1","Bloodletting"],"picked":"Clothesline","floor":18},{"not_picked":["Sentinel","Ghostly Armor"],"picked":"Headbutt","floor":21},{"not_picked":["Iron Wave","Clothesline"],"picked":"Wild Strike+1","floor":22}],"player_experience":552614,"relics_obtained":[{"floor":6,"key":"War Paint"},{"floor":8,"key":"Dream Catcher"},{"floor":12,"key":"Anchor"}],"event_choices":[{"damage_healed":0,"gold_gain":0,"cards_transformed":["Defend_R"],"player_choice":"Change","damage_taken":0,"max_hp_gain":0,"max_hp_loss":0,"event_name":"Living Wall","floor":2,"gold_loss":0,"cards_obtained":["Entrench"]},{"damage_healed":0,"gold_gain":0,"player_choice":"Take Wound","damage_taken":0,"relics_obtained":["Golden Idol"],"max_hp_gain":0,"max_hp_loss":0,"event_name":"Golden Idol","floor":3,"gold_loss":0,"cards_obtained":["Injury"]},{"damage_healed":0,"gold_gain":0,"player_choice":"Success","damage_taken":3,"relics_obtained":["Orichalcum"],"max_hp_gain":0,"max_hp_loss":0,"event_name":"Scrap Ooze","floor":5,"gold_loss":0},{"cards_removed":["Injury"],"damage_healed":0,"gold_gain":0,"player_choice":"Gave Gold","damage_taken":0,"max_hp_gain":0,"max_hp_loss":0,"event_name":"Beggar","floor":19,"gold_loss":75},{"damage_healed":0,"gold_gain":275,"player_choice":"Desecrate","damage_taken":0,"max_hp_gain":0,"max_hp_loss":0,"event_name":"Golden Shrine","floor":20,"gold_loss":0,"cards_obtained":["Regret"]}],"is_beta":false,"boss_relics":[{"not_picked":["Runic Cube","Ectoplasm"],"picked":"Black Star"}],"items_purged_floors":[],"is_endless":false,"potions_floor_spawned":[1,6,8,21,22],"killed_by":"Book of Stabbing","ascension_level":9}