{"gold_per_floor":[110,110,285,285,285,285,324,324,324,14,53,71,105,130,130,254,254,270,290,306,306,4,37,37,37,37,71,94,115,135,150,150,276,276,297,311,35,58,81,125,138,163,163,194,194,232,565,575,575,575],"floor_reached":51,"playtime":1715,"items_purged":[],"score":1399,"play_id":"bb38dcf2-2ff8-4590-8a51-71157f05a5e1","local_time":"20190910150617","is_ascension_mode":true,"campfire_choices":[{"data":"Bash","floor":6,"key":"SMITH"},{"data":"Perfected Strike","floor":8,"key":"SMITH"},{"data":"Feed","floor":15,"key":"SMITH"},{"data":"Immolate","floor":24,"key":"SMITH"},{"data":"Bludgeon","floor":32,"key":"SMITH"},{"data":"Infernal Blade","floor":45,"key":"SMITH"},{"floor":49,"key":"REST"}],"neow_cost":"NONE","seed_source_timestamp":337104460749000,"circlet_count":0,"master_deck":["Strike_R","Strike_R","Strike_R","Strike_R","Strike_R","Defend_R","Defend_R","Defend_R","Bash+1","Perfected Strike+1","Spot Weakness","Feed+1","Perfected Strike","Twin Strike","Twin Strike","Bludgeon+1","Immolate+1","Heavy Blade","Flex","Pummel","Perfected Strike","Flame Barrier","Cleave","Twin Strike+1","Spot Weakness","Pommel Strike+1","Dropkick+1","Bludgeon","Infernal Blade+1","Flex","Pommel Strike","Heavy Blade","Ghostly Armor+1","Pommel Strike+1","Inflame+1","Twin Strike","Flex+1","Spot Weakness+1","Wild Strike+1","Twin Strike"],"relics":["Burning Blood","NeowsBlessing","Meat on the Bone","Incense Burner","Mercury Hourglass","Red Skull","Turnip","Anchor","Mark of Pain","Pen Nib","PreservedInsect","Juzu Bracelet","WarpedTongs","Strawberry","Empty Cage","Brimstone","Ancient Tea Set","Oddly Smooth Stone","Orichalcum","Champion Belt"],"potions_floor_usage":[12,29,33,33,42,42,48,48,50],"damage_taken":[{"damage":0,"enemies":"Jaw Worm","floor":1,"turns":1},{"damage":0,"enemies":"Lagavulin","floor":7,"turns":1},{"damage":0,"enemies":"Gremlin Nob","floor":11,"turns":1},{"damage":8,"enemies":"Small Slimes","floor":12,"turns":2},{"damage":20,"enemies":"3 Sentries","floor":13,"turns":5},{"damage":0,"enemies":"2 Louse","floor":14,"turns":2},{"damage":22,"enemies":"Hexaghost","floor":16,"turns":7},{"damage":0,"enemies":"Chosen","floor":18,"turns":3},{"damage":23,"enemies":"Shell Parasite","floor":19,"turns":3},{"damage":0,"enemies":"Chosen and Byrds","floor":20,"turns":4},{"damage":0,"enemies":"Gremlin Leader","floor":23,"turns":2},{"damage":25,"enemies":"Book of Stabbing","floor":27,"turns":3},{"damage":24,"enemies":"Shelled Parasite and Fungi","floor":28,"turns":4},{"damage":0,"enemies":"Snecko","floor":29,"turns":2},{"damage":4,"enemies":"Cultist and Chosen","floor":30,"turns":3},{"damage":0,"enemies":"Sentry and Sphere","floor":31,"turns":3},{"damage":37,"enemies":"Champ","floor":33,"turns":6},{"damage":14,"enemies":"Orb Walker","floor":35,"turns":3},{"damage":0,"enemies":"3 Shapes","floor":36,"turns":2},{"damage":29,"enemies":"Spire Growth","floor":38,"turns":3},{"damage":2,"enemies":"Jaw Worm Horde","floor":39,"turns":3},{"damage":4,"enemies":"Giant Head","floor":40,"turns":4},{"damage":13,"enemies":"4 Shapes","floor":41,"turns":3},{"damage":0,"enemies":"3 Darklings","floor":42,"turns":2},{"damage":17,"enemies":"Nemesis","floor":44,"turns":3},{"damage":0,"enemies":"Reptomancer","floor":46,"turns":2},{"damage":18,"enemies":"Jaw Worm Horde","floor":48,"turns":4},{"damage":72,"enemies":"Time Eater","floor":50,"turns":6}],"seed_played":"6717630856813441958","potions_obtained":[{"floor":11,"key":"PowerPotion"},{"floor":14,"key":"EssenceOfSteel"},{"floor":16,"key":"SteroidPotion"},{"floor":23,"key":"Energy Potion"},{"floor":28,"key":"Fire Potion"},{"floor":31,"key":"Energy Potion"},{"floor":33,"key":"FearPotion"},{"floor":38,"key":"LiquidBronze"},{"floor":40,"key":"AttackPotion"},{"floor":44,"key":"Block Potion"},{"floor":46,"key":"EssenceOfSteel"}],"is_trial":false,"path_per_floor":["M","?","?","?","?","R","E","R","T","$","E","M","E","M","R","B",null,"M","M","M","?","$","E","R","?","T","E","M","M","M","M","R","B",null,"M","M","$","M","M","E","M","M","T","E","R","E","?","M","R","B",null],"character_chosen":"IRONCLAD","items_purchased":["Feed","Red Skull","Pen Nib","PreservedInsect","Brimstone","Pommel Strike","Heavy Blade"],"campfire_rested":1,"item_purchase_floors":[10,10,22,22,37,37,37],"current_hp_per_floor":[78,71,71,51,39,39,57,57,57,57,63,61,50,59,59,55,78,88,75,81,81,81,87,87,87,87,75,57,63,65,75,75,56,93,89,99,99,76,80,86,79,85,85,74,74,80,80,68,103,49],"gold":575,"neow_bonus":"THREE_ENEMY_KILL","is_prod":false,"is_daily":false,"chose_seed":false,"campfire_upgraded":6,"win_rate":0,"timestamp":1568142377,"path_taken":["M","?","?","?","?","R","E","R","T","$","E","?","E","M","R","BOSS","M","M","M","?","$","E","R","?","T","E","M","M","M","M","R","BOSS","M","M","$","M","M","E","M","M","T","E","R","E","?","M","R","BOSS"],"build_version":"2019-07-17","purchased_purges":0,"victory":true,"max_hp_per_floor":[80,80,80,80,80,80,80,80,80,80,80,80,83,86,86,86,86,90,94,94,94,94,94,94,94,94,101,101,101,101,105,105,105,105,109,113,113,113,113,117,117,117,117,117,117,117,117,117,117,117],"card_choices":[{"not_picked":["Iron Wave","Clothesline"],"picked":"Perfected Strike","floor":1},{"not_picked":["Blood for Blood","Heavy Blade"],"picked":"Spot Weakness","floor":7},{"not_picked":["Sword Boomerang","Juggernaut"],"picked":"Perfected Strike","floor":11},{"not_picked":["Body Slam","Havoc"],"picked":"Twin Strike","floor":12},{"not_picked":["Armaments","Clothesline"],"picked":"Twin Strike","floor":13},{"not_picked":["Flex","Havoc"],"picked":"Bludgeon","floor":14},{"not_picked":["Bludgeon","Reaper"],"picked":"Immolate","floor":16},{"not_picked":["Anger","Shrug It Off+1"],"picked":"Heavy Blade","floor":18},{"not_picked":["Headbutt","Rupture"],"picked":"Flex","floor":19},{"not_picked":["Shrug It Off","Clash"],"picked":"Pummel","floor":20},{"not_picked":["Shrug It Off","Brutality"],"picked":"Flame Barrier","floor":23},{"not_picked":["Warcry","Burning Pact"],"picked":"Cleave","floor":27},{"not_picked":["Pommel Strike","Headbutt"],"picked":"Twin Strike+1","floor":28},{"not_picked":["Reckless Charge","Warcry+1"],"picked":"Spot Weakness","floor":29},{"not_picked":["Thunderclap","Cleave"],"picked":"Pommel Strike+1","floor":30},{"not_picked":["Thunderclap","Impervious"],"picked":"Dropkick+1","floor":31},{"not_picked":["Brutality","Dark Embrace"],"picked":"Bludgeon","floor":33},{"not_picked":["Thunderclap+1","Rampage+1"],"picked":"Infernal Blade","floor":35},{"not_picked":["Body Slam","Entrench"],"picked":"Flex","floor":36},{"not_picked":["Shrug It Off","Metallicize"],"picked":"Ghostly Armor+1","floor":38},{"not_picked":["Havoc","Cleave"],"picked":"Pommel Strike+1","floor":39},{"not_picked":["Clothesline","Thunderclap"],"picked":"Inflame+1","floor":40},{"not_picked":["Armaments+1","Rampage"],"picked":"Twin Strike","floor":41},{"not_picked":["Hemokinesis+1","Impervious"],"picked":"Flex+1","floor":42},{"not_picked":["Reckless Charge+1","Hemokinesis"],"picked":"Spot Weakness+1","floor":44},{"not_picked":["Body Slam+1","Sword Boomerang"],"picked":"Wild Strike+1","floor":46},{"not_picked":["Body Slam+1","Shrug It Off+1"],"picked":"Twin Strike","floor":48}],"player_experience":539092,"relics_obtained":[{"floor":7,"key":"Incense Burner"},{"floor":9,"key":"Mercury Hourglass"},{"floor":11,"key":"Turnip"},{"floor":13,"key":"Anchor"},{"floor":23,"key":"Juzu Bracelet"},{"floor":27,"key":"Strawberry"},{"floor":40,"key":"Ancient Tea Set"},{"floor":43,"key":"Oddly Smooth Stone"},{"floor":44,"key":"Orichalcum"},{"floor":46,"key":"Champion Belt"}],"event_choices":[{"cards_removed":["Defend_R"],"damage_healed":0,"gold_gain":0,"player_choice":"Card Removal","damage_taken":7,"max_hp_gain":0,"max_hp_loss":0,"event_name":"Golden Wing","floor":2,"gold_loss":0},{"damage_healed":0,"gold_gain":175,"player_choice":"AGREE","damage_taken":0,"max_hp_gain":0,"max_hp_loss":0,"event_name":"Liars Game","floor":3,"gold_loss":0,"cards_obtained":["Doubt"]},{"damage_healed":0,"gold_gain":0,"player_choice":"Take Damage","damage_taken":20,"relics_obtained":["Golden Idol"],"max_hp_gain":0,"max_hp_loss":0,"event_name":"Golden Idol","floor":4,"gold_loss":0},{"damage_healed":0,"gold_gain":0,"player_choice":"Success","damage_taken":12,"relics_obtained":["Meat on the Bone"],"max_hp_gain":0,"max_hp_loss":0,"event_name":"Scrap Ooze","floor":5,"gold_loss":0},{"damage_healed":0,"gold_gain":0,"player_choice":"Read","damage_taken":0,"max_hp_gain":0,"max_hp_loss":0,"event_name":"The Library","floor":21,"gold_loss":0,"cards_obtained":["Perfected Strike"]},{"damage_healed":0,"gold_gain":0,"player_choice":"Rummage","damage_taken":0,"relics_obtained":["WarpedTongs"],"max_hp_gain":0,"max_hp_loss":0,"event_name":"Accursed Blacksmith","floor":25,"gold_loss":0,"cards_obtained":["Pain"]},{"damage_healed":0,"gold_gain":333,"player_choice":"Gave Idol","damage_taken":0,"max_hp_gain":0,"max_hp_loss":0,"event_name":"The Moai Head","floor":47,"relics_lost":["Golden Idol"],"gold_loss":0}],"is_beta":false,"boss_relics":[{"not_picked":["Coffee Dripper","Pandora\u0027s Box"],"picked":"Mark of Pain"},{"not_picked":["Orrery","Runic Cube"],"picked":"Empty Cage"}],"items_purged_floors":[],"is_endless":false,"potions_floor_spawned":[11,14,16,23,28,31,33,38,40,44,46],"ascension_level":8}