{"gold_per_floor":[110,30,46,146,166,166,198,209,209,209,223,223,250,268,268,371,371,389,440,459,459,165,165,165,228,228,228,244,40,60,79,79,174,174,191,191,191,191,201,201,228,228],"floor_reached":42,"playtime":1497,"items_purged":[],"score":506,"play_id":"b679f239-7cec-4a9a-acc4-09f1d93e7627","local_time":"20181230140843","is_ascension_mode":false,"campfire_choices":[{"data":"Infernal Blade","floor":6,"key":"SMITH"},{"data":"Flame Barrier","floor":10,"key":"SMITH"},{"data":"Metallicize","floor":12,"key":"SMITH"},{"data":"Headbutt","floor":15,"key":"SMITH"},{"data":"Flame Barrier","floor":23,"key":"SMITH"},{"floor":32,"key":"REST"},{"floor":40,"key":"REST"}],"neow_cost":"NONE","seed_source_timestamp":74613170038110,"circlet_count":0,"master_deck":["Bash","Infernal Blade+1","Flame Barrier+1","Dropkick","Inflame","Metallicize+1","Uppercut","Intimidate","Headbutt+1","Warcry","Demon Form","Flame Barrier+1","Metallicize","Sentinel","Feel No Pain","Exhume","Rampage","Fiend Fire","Feel No Pain","Cleave","Thunderclap+1","Bite","Bite","Bite","Bite","Bite","RitualDagger","Cleave","Pommel Strike+1","Double Tap","Power Through+1","Bludgeon","Burning Pact","The Bomb","The Bomb","Dramatic Entrance","True Grit+1","Armaments"],"relics":["Burning Blood","Centennial Puzzle","Question Card","Mercury Hourglass","Dodecahedron","Pandora\u0027s Box","Boot","Bronze Scales","Oddly Smooth Stone","Tiny Chest","Paper Frog","Toy Ornithopter","Lizard Tail","Orichalcum"],"potions_floor_usage":[7,18,25,30,33,33,33],"damage_taken":[{"damage":0,"enemies":"2 Louse","floor":1,"turns":3},{"damage":1,"enemies":"Cultist","floor":3,"turns":4},{"damage":4,"enemies":"Small Slimes","floor":5,"turns":4},{"damage":8,"enemies":"3 Sentries","floor":7,"turns":7},{"damage":2,"enemies":"Looter","floor":8,"turns":2},{"damage":12,"enemies":"2 Fungi Beasts","floor":11,"turns":3},{"damage":9,"enemies":"Lagavulin","floor":13,"turns":6},{"damage":7,"enemies":"Blue Slaver","floor":14,"turns":2},{"damage":7,"enemies":"Slime Boss","floor":16,"turns":6},{"damage":0,"enemies":"Spheric Guardian","floor":18,"turns":2},{"damage":29,"enemies":"2 Thieves","floor":20,"turns":4},{"damage":17,"enemies":"Slavers","floor":25,"turns":4},{"damage":0,"enemies":"Snake Plant","floor":28,"turns":3},{"damage":29,"enemies":"Snecko","floor":30,"turns":5},{"damage":7,"enemies":"3 Cultists","floor":31,"turns":4},{"damage":37,"enemies":"Automaton","floor":33,"turns":9},{"damage":32,"enemies":"3 Darklings","floor":35,"turns":4},{"damage":17,"enemies":"Orb Walker","floor":39,"turns":5},{"damage":68,"enemies":"Nemesis","floor":41,"turns":9},{"damage":27,"enemies":"Maw","floor":42,"turns":8}],"seed_played":"7098134392162337543","potions_obtained":[{"floor":3,"key":"Fire Potion"},{"floor":7,"key":"Swift Potion"},{"floor":13,"key":"Fire Potion"},{"floor":14,"key":"Explosive Potion"},{"floor":20,"key":"Ancient Potion"},{"floor":25,"key":"Strength Potion"},{"floor":28,"key":"PowerPotion"},{"floor":30,"key":"Energy Potion"},{"floor":41,"key":"GamblersBrew"}],"is_trial":false,"path_per_floor":["M","$","M","?","M","R","E","M","T","R","M","R","E","M","R","B",null,"M","T","M","?","$","R","?","E","T","?","M","$","M","M","R","B",null,"M","?","?","?","M","R","E","M"],"character_chosen":"IRONCLAD","items_purchased":["Flame Barrier","Bronze Scales","Oddly Smooth Stone","Toy Ornithopter"],"campfire_rested":2,"item_purchase_floors":[2,22,22,29],"current_hp_per_floor":[80,80,80,80,80,80,78,80,80,80,74,74,71,70,70,69,80,80,80,57,56,56,56,50,43,43,27,33,33,21,24,40,38,56,32,32,32,22,15,30,7,0],"gold":228,"neow_bonus":"RANDOM_COMMON_RELIC","is_prod":false,"is_daily":false,"chose_seed":false,"campfire_upgraded":5,"win_rate":0,"timestamp":1546196923,"path_taken":["M","$","M","?","M","R","E","M","T","R","?","R","E","M","R","BOSS","M","?","M","?","$","R","?","E","T","?","?","$","M","M","R","BOSS","M","?","?","?","M","R","E","M"],"build_version":"2018-12-20","purchased_purges":0,"victory":false,"max_hp_per_floor":[80,80,80,80,80,80,80,80,80,80,80,80,80,80,80,80,80,80,80,80,56,56,56,56,56,56,56,56,56,56,56,56,56,56,56,53,53,53,53,53,53,53],"card_choices":[{"not_picked":["True Grit","Blood for Blood"],"picked":"Infernal Blade","floor":1},{"not_picked":["Warcry","Heavy Blade"],"picked":"Dropkick","floor":3},{"not_picked":["Perfected Strike","Iron Wave"],"picked":"Inflame","floor":5},{"not_picked":["Corruption","Berserk"],"picked":"Metallicize","floor":7},{"not_picked":["Body Slam","Thunderclap","Pommel Strike"],"picked":"Uppercut","floor":8},{"not_picked":["Perfected Strike","Rupture","Whirlwind"],"picked":"Intimidate","floor":11},{"not_picked":["Thunderclap","Cleave","Havoc"],"picked":"Headbutt","floor":13},{"not_picked":["Rupture","Flex","Second Wind"],"picked":"Warcry","floor":14},{"not_picked":["Exhume","Impervious","Bludgeon"],"picked":"Demon Form","floor":16},{"not_picked":["Perfected Strike","Burning Pact","Carnage"],"picked":"Cleave","floor":18},{"not_picked":["Sentinel","Warcry","Corruption"],"picked":"Thunderclap+1","floor":20},{"not_picked":["Evolve","Searing Blow","Flex"],"picked":"Cleave","floor":25},{"not_picked":["Seeing Red","Sever Soul","Flex+1"],"picked":"Pommel Strike+1","floor":28},{"not_picked":["Twin Strike","Heavy Blade","Anger"],"picked":"Double Tap","floor":30},{"not_picked":["Twin Strike","Flex","Rupture"],"picked":"Power Through+1","floor":31},{"not_picked":["Brutality","Exhume","Dark Embrace"],"picked":"Bludgeon","floor":33},{"not_picked":["Entrench+1","Havoc+1","Hemokinesis"],"picked":"Burning Pact","floor":35},{"not_picked":["Secret Weapon","Violence","Jack Of All Trades"],"picked":"The Bomb","floor":38},{"not_picked":["Impatience","Panacea","Good Instincts"],"picked":"The Bomb","floor":38},{"not_picked":["Swift Strike","Finesse","Sadistic Nature"],"picked":"Dramatic Entrance","floor":38},{"not_picked":["Clash","Pummel+1","Dual Wield"],"picked":"True Grit+1","floor":39},{"not_picked":["Body Slam","Combust+1","Evolve"],"picked":"Armaments","floor":41}],"player_experience":278325,"relics_obtained":[{"floor":7,"key":"Question Card"},{"floor":9,"key":"Mercury Hourglass"},{"floor":13,"key":"Dodecahedron"},{"floor":19,"key":"Boot"},{"floor":25,"key":"Tiny Chest"},{"floor":26,"key":"Paper Frog"},{"floor":41,"key":"Orichalcum"}],"event_choices":[{"damage_healed":0,"gold_gain":100,"player_choice":"Pray","damage_taken":0,"max_hp_gain":0,"max_hp_loss":0,"event_name":"Golden Shrine","floor":4,"gold_loss":0},{"damage_healed":0,"gold_gain":0,"player_choice":"Became a vampire","damage_taken":0,"max_hp_gain":0,"max_hp_loss":24,"event_name":"Vampires","floor":21,"gold_loss":0,"cards_obtained":["Bite","Bite","Bite","Bite","Bite"]},{"damage_healed":0,"gold_gain":0,"player_choice":"Joined the Cult","damage_taken":6,"max_hp_gain":0,"max_hp_loss":0,"event_name":"Nest","floor":24,"gold_loss":0,"cards_obtained":["RitualDagger"]},{"damage_healed":0,"gold_gain":0,"player_choice":"Obtained Book","damage_taken":16,"max_hp_gain":0,"max_hp_loss":0,"event_name":"Cursed Tome","floor":27,"gold_loss":0},{"damage_healed":0,"gold_gain":0,"player_choice":"Max HP","damage_taken":0,"max_hp_gain":0,"max_hp_loss":3,"event_name":"Winding Halls","floor":36,"gold_loss":0},{"cards_removed":["Berserk"],"damage_healed":0,"gold_gain":0,"player_choice":"Removed Power","damage_taken":0,"max_hp_gain":0,"max_hp_loss":0,"event_name":"Falling","floor":37,"gold_loss":0},{"damage_healed":0,"gold_gain":0,"player_choice":"Memory 3","damage_taken":10,"max_hp_gain":0,"max_hp_loss":0,"event_name":"SensoryStone","floor":38,"gold_loss":0}],"is_beta":false,"boss_relics":[{"not_picked":["Runic Dome","Eternal Feather"],"picked":"Pandora\u0027s Box"},{"not_picked":["Runic Cube","White Beast Statue"],"picked":"Lizard Tail"}],"items_purged_floors":[],"is_endless":false,"potions_floor_spawned":[3,7,13,14,20,25,28,30,41],"killed_by":"Maw","ascension_level":0}