{"gold_per_floor":[110,129,129,229,249,282,282,300,300,328,348,348],"floor_reached":12,"playtime":1106,"items_purged":[],"score":126,"play_id":"0ae0ba09-2ae6-457d-8cd4-e2e0208503d0","local_time":"20190220194036","is_ascension_mode":true,"campfire_choices":[{"floor":7,"key":"REST"}],"neow_cost":"NONE","seed_source_timestamp":630351136601837,"circlet_count":0,"master_deck":["Strike_B","Strike_B","Strike_B","Strike_B","Defend_B","Defend_B","Defend_B","Defend_B","Zap","Dualcast","Coolheaded","Gash","Regret","Buffer","White Noise","Glacier","Reboot","Loop"],"relics":["Cracked Core","Unceasing Top","Bird Faced Urn","Dream Catcher"],"potions_floor_usage":[6,9,12],"damage_taken":[{"damage":3,"enemies":"2 Louse","floor":1,"turns":3},{"damage":1,"enemies":"Cultist","floor":2,"turns":4},{"damage":10,"enemies":"Jaw Worm","floor":5,"turns":4},{"damage":32,"enemies":"Lagavulin","floor":6,"turns":7},{"damage":17,"enemies":"Large Slime","floor":8,"turns":8},{"damage":35,"enemies":"3 Sentries","floor":10,"turns":19},{"damage":5,"enemies":"2 Fungi Beasts","floor":11,"turns":5},{"damage":19,"enemies":"Gremlin Gang","floor":12,"turns":4}],"seed_played":"5340208166473483209","potions_obtained":[{"floor":5,"key":"AttackPotion"},{"floor":8,"key":"Fruit Juice"},{"floor":10,"key":"SkillPotion"}],"is_trial":false,"path_per_floor":["M","M","?","?","M","E","R","M","T","E","M","M"],"character_chosen":"DEFECT","items_purchased":[],"campfire_rested":1,"item_purchase_floors":[],"current_hp_per_floor":[72,71,71,71,61,29,53,40,45,14,11,0],"gold":348,"neow_bonus":"TEN_PERCENT_HP_BONUS","is_prod":false,"is_daily":false,"chose_seed":false,"campfire_upgraded":0,"win_rate":0,"timestamp":1550709636,"path_taken":["M","M","?","?","M","E","R","M","T","E","?","M"],"build_version":"2019-01-23","purchased_purges":0,"victory":false,"max_hp_per_floor":[82,82,82,82,82,82,82,82,87,87,87,87],"card_choices":[{"not_picked":["Compile Driver","Rebound"],"picked":"Coolheaded","floor":1},{"not_picked":["Scrape","Fusion"],"picked":"Gash","floor":2},{"not_picked":["Gash","Cold Snap"],"picked":"Buffer","floor":5},{"not_picked":["Sweeping Beam","Genetic Algorithm"],"picked":"White Noise","floor":6},{"not_picked":["Rebound","Aggregate"],"picked":"Glacier","floor":8},{"not_picked":["Reinforced Body","Ball Lightning"],"picked":"Reboot","floor":10},{"not_picked":["Barrage","Aggregate"],"picked":"Loop","floor":11}],"player_experience":470505,"relics_obtained":[{"floor":6,"key":"Bird Faced Urn"},{"floor":10,"key":"Dream Catcher"}],"event_choices":[{"damage_healed":0,"gold_gain":0,"player_choice":"Box","damage_taken":0,"relics_obtained":["Unceasing Top"],"max_hp_gain":0,"max_hp_loss":0,"event_name":"Big Fish","floor":3,"gold_loss":0,"cards_obtained":["Regret"]},{"damage_healed":0,"gold_gain":100,"player_choice":"Pray","damage_taken":0,"max_hp_gain":0,"max_hp_loss":0,"event_name":"Golden Shrine","floor":4,"gold_loss":0}],"is_beta":false,"boss_relics":[],"items_purged_floors":[],"is_endless":false,"potions_floor_spawned":[5,8,10],"killed_by":"Gremlin Gang","ascension_level":8}