{"gold_per_floor":[218,230,230,240,255,255,287,287,287,320,320,331,363,381,381,486,486,466,480,480,480],"floor_reached":21,"playtime":776,"items_purged":[],"score":291,"play_id":"4b117b44-e14c-46eb-adfc-da42e825c3c7","local_time":"20190919200630","is_ascension_mode":true,"campfire_choices":[{"floor":6,"key":"REST"},{"floor":8,"key":"REST"},{"floor":11,"key":"REST"},{"floor":15,"key":"REST"}],"neow_cost":"NONE","seed_source_timestamp":179879406925000,"circlet_count":0,"master_deck":["Strike_B","Strike_B+1","Strike_B","Strike_B","Defend_B","Defend_B","Defend_B","Defend_B","Zap","Dualcast","Cold Snap","Lockon+1","Leap","Rebound","Ball Lightning","Loop","Ball Lightning","Ball Lightning","Steam","Creative AI","Conserve Battery+1","FTL","Writhe"],"relics":["Cracked Core","Anchor","Torii","Orichalcum","Inserter","Shovel"],"potions_floor_usage":[7,13,19,21],"damage_taken":[{"damage":1,"enemies":"Cultist","floor":1,"turns":4},{"damage":0,"enemies":"Jaw Worm","floor":2,"turns":4},{"damage":2,"enemies":"Small Slimes","floor":4,"turns":2},{"damage":2,"enemies":"Looter","floor":5,"turns":2},{"damage":23,"enemies":"Lagavulin","floor":7,"turns":4},{"damage":18,"enemies":"3 Sentries","floor":10,"turns":6},{"damage":15,"enemies":"2 Fungi Beasts","floor":12,"turns":3},{"damage":14,"enemies":"Gremlin Nob","floor":13,"turns":3},{"damage":0,"enemies":"Exordium Thugs","floor":14,"turns":3},{"damage":12,"enemies":"Slime Boss","floor":16,"turns":5},{"damage":32,"enemies":"2 Thieves","floor":18,"turns":5},{"damage":23,"enemies":"3 Byrds","floor":19,"turns":6},{"damage":21,"enemies":"Masked Bandits","floor":21,"turns":2}],"seed_played":"-8571678224699717495","potions_obtained":[{"floor":1,"key":"Swift Potion"},{"floor":5,"key":"FocusPotion"},{"floor":7,"key":"Poison Potion"},{"floor":10,"key":"GamblersBrew"},{"floor":13,"key":"Dexterity Potion"},{"floor":14,"key":"Ancient Potion"}],"is_trial":false,"path_per_floor":["M","M","?","M","M","R","E","R","T","E","R","M","E","M","R","B",null,"M","M","?","?"],"character_chosen":"DEFECT","items_purchased":[],"campfire_rested":4,"item_purchase_floors":[],"current_hp_per_floor":[67,67,52,50,48,70,47,69,69,51,73,58,44,44,66,54,70,38,15,15,0],"gold":480,"neow_bonus":"HUNDRED_GOLD","is_prod":false,"is_daily":false,"chose_seed":false,"campfire_upgraded":0,"win_rate":0,"timestamp":1568937990,"path_taken":["M","M","?","M","M","R","E","R","T","E","R","M","E","M","R","BOSS","M","M","?","?"],"build_version":"2019-07-17","purchased_purges":0,"victory":false,"max_hp_per_floor":[75,75,75,75,75,75,75,75,75,75,75,75,75,75,75,75,75,75,75,75,75],"card_choices":[{"not_picked":["Blizzard","Steam"],"picked":"Cold Snap","floor":1},{"not_picked":["Chill","Steam Power"],"picked":"Lockon","floor":2},{"not_picked":["Barrage","Gash"],"picked":"Leap","floor":4},{"not_picked":["Chaos","Gash"],"picked":"Rebound","floor":5},{"not_picked":["Go for the Eyes","Redo"],"picked":"Ball Lightning","floor":7},{"not_picked":["Undo","Aggregate"],"picked":"Loop","floor":10},{"not_picked":["Rebound","Blizzard"],"picked":"Ball Lightning","floor":12},{"not_picked":["Scrape","Rainbow"],"picked":"Ball Lightning","floor":13},{"not_picked":["Beam Cell","Turbo"],"picked":"Steam","floor":14},{"not_picked":["Hyperbeam","Fission"],"picked":"Creative AI","floor":16},{"not_picked":["Double Energy","Beam Cell"],"picked":"Conserve Battery+1","floor":18},{"not_picked":["Hologram","Streamline"],"picked":"FTL","floor":19}],"player_experience":677507,"relics_obtained":[{"floor":7,"key":"Anchor"},{"floor":10,"key":"Torii"},{"floor":13,"key":"Orichalcum"}],"event_choices":[{"damage_healed":0,"gold_gain":0,"player_choice":"Entered Light","damage_taken":15,"max_hp_gain":0,"max_hp_loss":0,"event_name":"Shining Light","floor":3,"gold_loss":0,"cards_upgraded":["Lockon","Strike_B"]},{"damage_healed":0,"gold_gain":0,"player_choice":"Opened","damage_taken":0,"relics_obtained":["Shovel"],"max_hp_gain":0,"max_hp_loss":0,"event_name":"The Mausoleum","floor":20,"gold_loss":0,"cards_obtained":["Writhe"]},{"damage_healed":0,"gold_gain":0,"player_choice":"Fought Bandits","damage_taken":0,"max_hp_gain":0,"max_hp_loss":0,"event_name":"Masked Bandits","floor":21,"gold_loss":0}],"is_beta":false,"boss_relics":[{"not_picked":["Ectoplasm","Runic Pyramid"],"picked":"Inserter"}],"items_purged_floors":[],"is_endless":false,"potions_floor_spawned":[1,5,7,10,13,14],"killed_by":"Masked Bandits","ascension_level":9}