{"gold_per_floor":[119,130,201,201,215,249,261,298,310,322,351,23,198,211,211,311,361,372,297,297,317,329,329,362,374,374,409,509,536,67,85,85,180,180,191,191,244,257,273,303,321,335,335,335,43,43,4,18,18,18,18,18,18,49,49],"floor_reached":55,"playtime":4243,"items_purged":["Strike_R"],"score":905,"play_id":"5153a6b6-7ce2-4c34-8c9d-72cfcf647532","local_time":"20190112013631","is_ascension_mode":true,"campfire_choices":[{"data":"Iron Wave","floor":7,"key":"SMITH"},{"data":"Inflame","floor":10,"key":"SMITH"},{"data":"Cleave","floor":15,"key":"SMITH"},{"floor":23,"key":"REST"},{"data":"Shrug It Off","floor":32,"key":"SMITH"},{"data":"Barricade","floor":44,"key":"SMITH"},{"floor":49,"key":"RECALL"},{"data":"Flame Barrier","floor":52,"key":"SMITH"}],"neow_cost":"PERCENT_DAMAGE","seed_source_timestamp":282007346697125,"circlet_count":0,"master_deck":["Strike_R","Strike_R","Strike_R","Defend_R","Defend_R","Defend_R","Bash","Rampage","Cleave+1","Barricade+1","Flex","Iron Wave+1","Inflame+1","Pommel Strike+1","Shrug It Off+1","Headbutt","Feed","Spot Weakness","Armaments","Havoc","Clothesline+1","Power Through","Bludgeon","Bloodletting+1","Entrench","Metallicize","Shockwave","Shrug It Off","Reaper","Shrug It Off","Heavy Blade","Inflame+1","Flame Barrier+1","Metallicize","Intimidate","Immolate","Shrug It Off","True Grit","Shockwave","Wild Strike+1","Disarm+1"],"relics":["Burning Blood","Champion Belt","Mercury Hourglass","MawBank","Self Forming Clay","StoneCalendar","Tiny House","Du-Vu Doll","Happy Flower","Unceasing Top","Shuriken","Ice Cream","Vajra","Eternal Feather","Turnip","Bottled Flame","Art of War","Bag of Marbles","Pear"],"potions_floor_usage":[2,14,21,22,22,22,27,27,29,30,31,37,39,41,41,50,50],"damage_taken":[{"damage":1,"enemies":"Cultist","floor":1,"turns":4},{"damage":3,"enemies":"2 Louse","floor":2,"turns":3},{"damage":3,"enemies":"Jaw Worm","floor":5,"turns":4},{"damage":26,"enemies":"Lagavulin","floor":6,"turns":6},{"damage":21,"enemies":"3 Sentries","floor":8,"turns":6},{"damage":0,"enemies":"Exordium Wildlife","floor":11,"turns":2},{"damage":11,"enemies":"Exordium Thugs","floor":14,"turns":4},{"damage":11,"enemies":"Slime Boss","floor":16,"turns":7},{"damage":17,"enemies":"Spheric Guardian","floor":18,"turns":4},{"damage":24,"enemies":"2 Thieves","floor":21,"turns":4},{"damage":2,"enemies":"Snecko","floor":22,"turns":6},{"damage":0,"enemies":"Gremlin Leader","floor":24,"turns":7},{"damage":15,"enemies":"Snake Plant","floor":25,"turns":5},{"damage":16,"enemies":"Book of Stabbing","floor":27,"turns":7},{"damage":3,"enemies":"Gremlin Leader","floor":29,"turns":7},{"damage":11,"enemies":"3 Cultists","floor":31,"turns":4},{"damage":27,"enemies":"Champ","floor":33,"turns":13},{"damage":41,"enemies":"3 Darklings","floor":35,"turns":5},{"damage":72,"enemies":"2 Orb Walkers","floor":37,"turns":7},{"damage":7,"enemies":"3 Shapes","floor":38,"turns":7},{"damage":19,"enemies":"Sphere and 2 Shapes","floor":39,"turns":7},{"damage":57,"enemies":"Reptomancer","floor":40,"turns":9},{"damage":19,"enemies":"Writhing Mass","floor":41,"turns":8},{"damage":21,"enemies":"4 Shapes","floor":42,"turns":7},{"damage":0,"enemies":"Maw","floor":48,"turns":13},{"damage":29,"enemies":"Time Eater","floor":50,"turns":14},{"damage":86,"enemies":"Shield and Spear","floor":54,"turns":11},{"damage":43,"enemies":"The Heart","floor":55,"turns":5}],"seed_played":"-2411746149501974842","potions_obtained":[{"floor":2,"key":"Fruit Juice"},{"floor":8,"key":"AttackPotion"},{"floor":16,"key":"EntropicBrew"},{"floor":17,"key":"EssenceOfSteel"},{"floor":18,"key":"SneckoOil"},{"floor":22,"key":"AttackPotion"},{"floor":27,"key":"SteroidPotion"},{"floor":29,"key":"Block Potion"},{"floor":33,"key":"Dexterity Potion"},{"floor":37,"key":"AttackPotion"},{"floor":40,"key":"Poison Potion"},{"floor":41,"key":"Dexterity Potion"}],"is_trial":false,"path_per_floor":["M","M","T","?","M","E","R","E","T","R","M","$","?","M","R","B",null,"M","?","T","M","M","R","E","M","T","E","?","E","$","M","R","B",null,"M","?","?","M","M","E","M","M","T","R","$","?","$","M","R","B",null,"R","$","E","B"],"character_chosen":"IRONCLAD","items_purchased":["StoneCalendar","Shrug It Off","Fruit Juice","Metallicize","Vajra","Shockwave","Shrug It Off","True Grit","Bag of Marbles","EssenceOfSteel","Shockwave"],"campfire_rested":1,"item_purchase_floors":[12,12,30,30,30,30,45,45,45,45,47],"current_hp_per_floor":[61,69,69,69,72,52,52,37,37,37,43,43,43,38,38,33,90,79,79,79,61,65,90,90,84,84,74,74,77,82,77,77,56,98,73,73,47,70,67,28,18,58,58,79,79,79,79,98,98,75,98,98,98,28,0],"gold":49,"neow_bonus":"ONE_RARE_RELIC","is_prod":false,"is_daily":false,"chose_seed":false,"campfire_upgraded":6,"win_rate":0,"timestamp":1547274991,"path_taken":["M","M","?","?","M","E","R","E","T","R","M","$","?","?","R","BOSS","M","?","?","M","?","R","E","?","T","E","?","E","?","M","R","BOSS","M","?","?","M","M","E","M","M","T","R","$","?","$","?","R","BOSS","R","$","E","BOSS"],"build_version":"2019-01-10","purchased_purges":1,"victory":false,"max_hp_per_floor":[80,85,85,85,85,85,85,85,85,85,85,85,85,85,85,85,90,90,90,90,90,90,90,90,93,93,93,93,93,98,98,98,98,98,98,98,98,98,98,98,98,101,101,101,101,98,98,98,98,98,98,98,98,108,108],"card_choices":[{"not_picked":["Perfected Strike","Wild Strike"],"picked":"Rampage","floor":1},{"not_picked":["Warcry","Sword Boomerang"],"picked":"Cleave","floor":2},{"not_picked":["Perfected Strike","Dark Embrace"],"picked":"Flex","floor":5},{"not_picked":["Intimidate","Clothesline"],"picked":"Iron Wave","floor":6},{"not_picked":["Iron Wave","Armaments"],"picked":"Inflame","floor":8},{"not_picked":["Anger","Fire Breathing"],"picked":"Pommel Strike","floor":11},{"not_picked":["Dropkick","Heavy Blade"],"picked":"Headbutt","floor":14},{"not_picked":["Berserk","Juggernaut"],"picked":"Feed","floor":16},{"not_picked":["Clothesline","Twin Strike"],"picked":"Spot Weakness","floor":17},{"not_picked":["Anger","Pommel Strike+1"],"picked":"Armaments","floor":18},{"not_picked":["Twin Strike+1","Corruption"],"picked":"Havoc","floor":21},{"not_picked":["Pommel Strike+1","Wild Strike"],"picked":"Clothesline+1","floor":22},{"not_picked":["Perfected Strike","Armaments"],"picked":"Power Through","floor":24},{"not_picked":["Flex","Perfected Strike"],"picked":"Bludgeon","floor":25},{"not_picked":["Hemokinesis+1","Clash"],"picked":"Bloodletting+1","floor":27},{"not_picked":["Corruption","Cleave+1"],"picked":"Entrench","floor":29},{"not_picked":["Power Through","Wild Strike"],"picked":"Shrug It Off","floor":31},{"not_picked":["Double Tap","Juggernaut"],"picked":"Reaper","floor":33},{"not_picked":["Entrench","Sword Boomerang"],"picked":"Shrug It Off","floor":35},{"not_picked":["Perfected Strike+1","Evolve+1"],"picked":"Heavy Blade","floor":37},{"not_picked":["Clothesline+1","Hemokinesis"],"picked":"Inflame+1","floor":38},{"not_picked":["Flex","Dual Wield+1"],"picked":"Flame Barrier","floor":39},{"not_picked":["Intimidate","Combust"],"picked":"Metallicize","floor":40},{"not_picked":["Dropkick","Thunderclap"],"picked":"Intimidate","floor":41},{"not_picked":["Body Slam","Perfected Strike"],"picked":"Immolate","floor":42},{"not_picked":["Searing Blow+1","Iron Wave"],"picked":"Wild Strike+1","floor":48},{"not_picked":["Thunderclap","Sever Soul"],"picked":"Disarm+1","floor":54}],"player_experience":349820,"relics_obtained":[{"floor":3,"key":"Mercury Hourglass"},{"floor":6,"key":"MawBank"},{"floor":8,"key":"Self Forming Clay"},{"floor":20,"key":"Du-Vu Doll"},{"floor":24,"key":"Happy Flower"},{"floor":26,"key":"Unceasing Top"},{"floor":27,"key":"Shuriken"},{"floor":29,"key":"Ice Cream"},{"floor":37,"key":"Turnip"},{"floor":40,"key":"Bottled Flame"},{"floor":43,"key":"Art of War"},{"floor":54,"key":"Pear"}],"event_choices":[{"damage_healed":0,"gold_gain":0,"cards_transformed":["Strike_R"],"player_choice":"Change","damage_taken":0,"max_hp_gain":0,"max_hp_loss":0,"event_name":"Living Wall","floor":4,"gold_loss":0,"cards_obtained":["Barricade"]},{"damage_healed":0,"gold_gain":175,"player_choice":"AGREE","damage_taken":0,"max_hp_gain":0,"max_hp_loss":0,"event_name":"Liars Game","floor":13,"gold_loss":0,"cards_obtained":["Doubt"]},{"cards_removed":["Doubt"],"damage_healed":0,"gold_gain":0,"player_choice":"Gave Gold","damage_taken":0,"max_hp_gain":0,"max_hp_loss":0,"event_name":"Beggar","floor":19,"gold_loss":75},{"damage_healed":0,"gold_gain":100,"player_choice":"Pray","damage_taken":0,"max_hp_gain":0,"max_hp_loss":0,"event_name":"Golden Shrine","floor":28,"gold_loss":0},{"cards_removed":["Defend_R"],"damage_healed":0,"gold_gain":0,"player_choice":"Removed Skill","damage_taken":0,"max_hp_gain":0,"max_hp_loss":0,"event_name":"Falling","floor":36,"gold_loss":0},{"damage_healed":0,"gold_gain":0,"player_choice":"Fight","damage_taken":0,"max_hp_gain":0,"max_hp_loss":0,"event_name":"Mysterious Sphere","floor":37,"gold_loss":0},{"cards_removed":["Parasite"],"damage_healed":0,"gold_gain":0,"player_choice":"Purged","damage_taken":0,"max_hp_gain":0,"max_hp_loss":0,"event_name":"Purifier","floor":46,"gold_loss":0}],"is_beta":false,"boss_relics":[{"not_picked":["Coffee Dripper","Black Blood"],"picked":"Tiny House"},{"not_picked":["Cursed Key","White Beast Statue"],"picked":"Eternal Feather"}],"items_purged_floors":[30],"is_endless":false,"potions_floor_spawned":[2,8,16,18,22,27,29,33,37,40,41],"killed_by":"The Heart","ascension_level":1}