{"gold_per_floor":[119,119,138,138,149,180,180,280,331,359,373,76,95,113,113,216,216,232,244,258,98,98,130,144,179,179,204,216,8,8,71,71,166,166,182,182,84,97,9,40,40,75,100,135,153,179,179,191,191,191,191,191,4,33,33],"floor_reached":55,"playtime":4321,"items_purged":["Strike_R","Defend_R"],"score":1044,"play_id":"57d031eb-077f-4f62-9f41-155f1da425ff","local_time":"20190112140607","is_ascension_mode":true,"campfire_choices":[{"floor":7,"key":"REST"},{"floor":15,"key":"REST"},{"floor":32,"key":"RECALL"},{"floor":41,"key":"REST"},{"data":"Mind Blast","floor":47,"key":"SMITH"},{"data":"Metallicize","floor":49,"key":"SMITH"},{"data":"Double Tap","floor":52,"key":"SMITH"}],"neow_cost":"PERCENT_DAMAGE","seed_source_timestamp":326999176544883,"circlet_count":0,"master_deck":["Strike_R+1","Strike_R","Strike_R","Strike_R","Defend_R+1","Defend_R","Defend_R","Bash","Feed","Headbutt","Anger","Demon Form","Double Tap+1","Anger","Iron Wave","Shrug It Off+1","Shrug It Off+1","Impervious+1","Reaper","Heavy Blade","Metallicize+1","Headbutt","Bandage Up+1","Demon Form","Heavy Blade","Wild Strike+1","Bloodletting+1","Sentinel+1","Shrug It Off+1","Finesse+1","True Grit+1","Demon Form","Twin Strike+1","Discovery+1","Metallicize+1","Mind Blast+1","Exhume+1","Shrug It Off+1","Shrug It Off+1","Cleave+1","Double Tap+1","Feed","Seeing Red+1","Havoc+1"],"relics":["Burning Blood","Gambling Chip","Toxic Egg 2","Mark of Pain","Nloth\u0027s Gift","PreservedInsect","Centennial Puzzle","Blood Vial","Pantograph","Tiny Chest","Sozu","Anchor","Kunai","Peace Pipe","Vajra","Lantern","Omamori","Bronze Scales","Boot"],"potions_floor_usage":[6,23,23,25,40],"damage_taken":[{"damage":9,"enemies":"2 Louse","floor":1,"turns":3},{"damage":1,"enemies":"Cultist","floor":3,"turns":3},{"damage":8,"enemies":"Small Slimes","floor":5,"turns":2},{"damage":14,"enemies":"Gremlin Nob","floor":6,"turns":3},{"damage":42,"enemies":"3 Sentries","floor":10,"turns":6},{"damage":13,"enemies":"Red Slaver","floor":11,"turns":2},{"damage":0,"enemies":"Gremlin Gang","floor":13,"turns":5},{"damage":5,"enemies":"Looter","floor":14,"turns":3},{"damage":44,"enemies":"Hexaghost","floor":16,"turns":12},{"damage":10,"enemies":"3 Byrds","floor":18,"turns":6},{"damage":22,"enemies":"Spheric Guardian","floor":19,"turns":5},{"damage":0,"enemies":"Snecko","floor":20,"turns":4},{"damage":35,"enemies":"Slavers","floor":23,"turns":8},{"damage":21,"enemies":"Sentry and Sphere","floor":24,"turns":5},{"damage":32,"enemies":"Book of Stabbing","floor":25,"turns":4},{"damage":14,"enemies":"Slavers","floor":27,"turns":6},{"damage":16,"enemies":"Centurion and Healer","floor":28,"turns":8},{"damage":24,"enemies":"Book of Stabbing","floor":31,"turns":4},{"damage":38,"enemies":"Champ","floor":33,"turns":11},{"damage":20,"enemies":"3 Shapes","floor":35,"turns":5},{"damage":30,"enemies":"3 Darklings","floor":38,"turns":5},{"damage":79,"enemies":"Reptomancer","floor":40,"turns":6},{"damage":61,"enemies":"Giant Head","floor":42,"turns":9},{"damage":20,"enemies":"Reptomancer","floor":44,"turns":7},{"damage":0,"enemies":"4 Shapes","floor":45,"turns":6},{"damage":0,"enemies":"Nemesis","floor":46,"turns":5},{"damage":21,"enemies":"Maw","floor":48,"turns":5},{"damage":86,"enemies":"Donu and Deca","floor":50,"turns":7},{"damage":104,"enemies":"Shield and Spear","floor":54,"turns":6},{"damage":71,"enemies":"The Heart","floor":55,"turns":3}],"seed_played":"6672821770645551547","potions_obtained":[{"floor":3,"key":"Ancient Potion"},{"floor":5,"key":"SneckoOil"},{"floor":11,"key":"Poison Potion"},{"floor":13,"key":"EssenceOfSteel"},{"floor":16,"key":"Swift Potion"},{"floor":24,"key":"Energy Potion"},{"floor":31,"key":"LiquidBronze"}],"is_trial":false,"path_per_floor":["M","?","M","?","M","E","R","?","T","E","M","$","M","M","R","B",null,"M","M","M","$","?","E","M","E","T","E","M","$","?","E","R","B",null,"M","?","$","M","$","E","R","E","T","E","M","E","R","M","R","B",null,"R","$","E","B"],"character_chosen":"IRONCLAD","items_purchased":["Toxic Egg 2","Shrug It Off+1","Bandage Up+1","Shrug It Off+1","Finesse+1","Discovery+1","Mind Blast","Bronze Scales","Seeing Red+1"],"campfire_rested":3,"item_purchase_floors":[12,12,21,29,29,37,39,53,53],"current_hp_per_floor":[56,56,64,47,48,40,66,66,66,33,26,26,35,39,68,33,101,100,84,90,90,90,78,78,58,58,69,74,74,112,110,110,104,119,114,114,114,104,104,51,87,57,57,51,79,106,106,105,105,54,128,128,128,36,0],"gold":33,"neow_bonus":"THREE_RARE_CARDS","is_prod":false,"is_daily":false,"chose_seed":false,"campfire_upgraded":3,"win_rate":0,"timestamp":1547319967,"path_taken":["M","?","?","?","M","E","R","?","T","E","M","$","?","?","R","BOSS","M","M","M","$","?","E","M","E","T","E","M","$","?","E","R","BOSS","M","?","?","M","?","E","R","E","T","E","M","E","R","M","R","BOSS","R","$","E","BOSS"],"build_version":"2019-01-10","purchased_purges":2,"victory":false,"max_hp_per_floor":[83,83,86,86,89,89,89,89,89,92,92,92,95,98,98,101,101,104,104,104,104,104,107,110,110,110,113,116,116,116,116,116,119,119,119,119,119,122,122,122,122,125,125,125,128,128,128,128,128,128,128,128,128,128,128],"card_choices":[{"not_picked":["Immolate","Barricade"],"picked":"Feed","floor":0},{"not_picked":["Twin Strike","Body Slam"],"picked":"Headbutt","floor":1},{"not_picked":["Perfected Strike","Flex"],"picked":"Anger","floor":3},{"not_picked":["Sword Boomerang","Perfected Strike"],"picked":"Demon Form","floor":5},{"not_picked":["Burning Pact","Carnage"],"picked":"Double Tap","floor":6},{"not_picked":["Hemokinesis","Fire Breathing"],"picked":"Anger","floor":10},{"not_picked":["Twin Strike","Corruption"],"picked":"Iron Wave","floor":11},{"not_picked":["Combust","Wild Strike"],"picked":"Shrug It Off+1","floor":13},{"not_picked":["True Grit+1","Heavy Blade"],"picked":"Impervious+1","floor":14},{"not_picked":["Bludgeon","Brutality"],"picked":"Reaper","floor":16},{"not_picked":["Second Wind+1","Flex+1"],"picked":"Heavy Blade","floor":18},{"not_picked":["Carnage","Heavy Blade"],"picked":"Metallicize","floor":19},{"not_picked":["Reckless Charge","Corruption"],"picked":"Headbutt","floor":20},{"not_picked":["Whirlwind","Fire Breathing"],"picked":"Demon Form","floor":23},{"not_picked":["Sever Soul","Flex+1"],"picked":"Heavy Blade","floor":24},{"not_picked":["Dark Embrace","Flex+1"],"picked":"Wild Strike+1","floor":25},{"not_picked":["Anger","Twin Strike"],"picked":"Bloodletting+1","floor":27},{"not_picked":["Anger+1","Cleave"],"picked":"Sentinel+1","floor":28},{"not_picked":["Thunderclap+1","Warcry+1"],"picked":"True Grit+1","floor":31},{"not_picked":["Brutality","Fiend Fire"],"picked":"Demon Form","floor":33},{"not_picked":["Clash","Entrench+1"],"picked":"Twin Strike+1","floor":35},{"not_picked":["Uppercut","Twin Strike+1"],"picked":"Metallicize+1","floor":38},{"not_picked":["Demon Form","Feel No Pain"],"picked":"Exhume+1","floor":40},{"not_picked":["Rage+1","Whirlwind+1"],"picked":"Shrug It Off+1","floor":42},{"not_picked":["Demon Form","Fiend Fire"],"picked":"Shrug It Off+1","floor":44},{"not_picked":["Spot Weakness+1","Second Wind+1"],"picked":"Cleave+1","floor":45},{"not_picked":["Barricade","Metallicize"],"picked":"Double Tap+1","floor":46},{"not_picked":["Combust","Sword Boomerang"],"picked":"Feed","floor":48},{"not_picked":["True Grit+1","Headbutt"],"picked":"Havoc+1","floor":54}],"player_experience":360036,"relics_obtained":[{"floor":6,"key":"Ancient Tea Set"},{"floor":10,"key":"Gambling Chip"},{"floor":23,"key":"PreservedInsect"},{"floor":25,"key":"Centennial Puzzle"},{"floor":26,"key":"Blood Vial"},{"floor":27,"key":"Pantograph"},{"floor":31,"key":"Tiny Chest"},{"floor":40,"key":"Kunai"},{"floor":42,"key":"Peace Pipe"},{"floor":43,"key":"Vajra"},{"floor":44,"key":"Lantern"},{"floor":46,"key":"Omamori"},{"floor":54,"key":"Boot"}],"event_choices":[{"damage_healed":0,"gold_gain":0,"player_choice":"Ignored","damage_taken":0,"max_hp_gain":0,"max_hp_loss":0,"event_name":"NoteForYourself","floor":2,"gold_loss":0},{"damage_healed":0,"gold_gain":0,"player_choice":"Entered Light","damage_taken":17,"max_hp_gain":0,"max_hp_loss":0,"event_name":"Shining Light","floor":4,"gold_loss":0,"cards_upgraded":["Strike_R","Defend_R"]},{"damage_healed":0,"gold_gain":100,"player_choice":"Pray","damage_taken":0,"max_hp_gain":0,"max_hp_loss":0,"event_name":"Golden Shrine","floor":8,"gold_loss":0},{"damage_healed":0,"gold_gain":0,"player_choice":"Traded Relic","damage_taken":0,"relics_obtained":["Nloth\u0027s Gift"],"max_hp_gain":0,"max_hp_loss":0,"event_name":"N\u0027loth","floor":22,"relics_lost":["Ancient Tea Set"],"gold_loss":0},{"damage_healed":38,"gold_gain":0,"player_choice":"Heal","damage_taken":0,"max_hp_gain":0,"max_hp_loss":0,"event_name":"The Library","floor":30,"gold_loss":0},{"damage_healed":0,"gold_gain":0,"player_choice":"Gave Potion","damage_taken":0,"relics_obtained":["Anchor"],"max_hp_gain":0,"max_hp_loss":0,"event_name":"WeMeetAgain","floor":36,"gold_loss":0}],"is_beta":false,"boss_relics":[{"not_picked":["Tiny House","Philosopher\u0027s Stone"],"picked":"Mark of Pain"},{"not_picked":["Snecko Eye","White Beast Statue"],"picked":"Sozu"}],"items_purged_floors":[21,29],"is_endless":false,"potions_floor_spawned":[3,5,11,13,16,18,24,31,35,40,42,45,48],"killed_by":"The Heart","ascension_level":1}