{"gold_per_floor":[112,62,62,62,62,62,77,77,101,121,148,164,164,181,181,282,282,294,310,310,342,353,353,373,373],"floor_reached":25,"playtime":1476,"items_purged":[],"score":329,"play_id":"18a1a2a0-59a6-4dc0-92e9-f3911711c213","local_time":"20190921155745","is_ascension_mode":true,"campfire_choices":[{"data":"Dualcast","floor":6,"key":"SMITH"},{"data":"Conserve Battery","floor":8,"key":"SMITH"},{"data":"Darkness","floor":13,"key":"SMITH"},{"data":"Leap","floor":15,"key":"SMITH"},{"data":"RitualDagger","floor":23,"key":"SMITH"}],"neow_cost":"PERCENT_DAMAGE","seed_source_timestamp":186211138125400,"circlet_count":0,"master_deck":["Strike_B+1","Strike_B","Strike_B","Defend_B","Defend_B","Zap+1","Dualcast+1","Leap+1","Conserve Battery+1","Darkness+1","Gash","Skim","Auto Shields","Multi-Cast","Auto Shields","RitualDagger+1","Scrape","Leap","Gash"],"relics":["Cracked Core","Dream Catcher","Pear","theSenshi:MoonKaleidoScopeRelic","Red Mask"],"potions_floor_usage":[16,19,21,21,21],"damage_taken":[{"damage":6,"enemies":"Cultist","floor":1,"turns":3},{"damage":7,"enemies":"Jaw Worm","floor":7,"turns":2},{"damage":0,"enemies":"2 Louse","floor":10,"turns":2},{"damage":11,"enemies":"3 Sentries","floor":11,"turns":9},{"damage":6,"enemies":"Exordium Wildlife","floor":12,"turns":3},{"damage":8,"enemies":"Red Slaver","floor":14,"turns":3},{"damage":0,"enemies":"The Guardian","floor":16,"turns":8},{"damage":0,"enemies":"Shell Parasite","floor":18,"turns":6},{"damage":6,"enemies":"2 Thieves","floor":19,"turns":3},{"damage":14,"enemies":"Masked Bandits","floor":21,"turns":4},{"damage":8,"enemies":"Snake Plant","floor":22,"turns":3},{"damage":4,"enemies":"Centurion and Healer","floor":24,"turns":9},{"damage":44,"enemies":"Gremlin Leader","floor":25,"turns":5}],"seed_played":"-8118440957718180534","potions_obtained":[{"floor":10,"key":"Poison Potion"},{"floor":12,"key":"Strength Potion"},{"floor":14,"key":"Fire Potion"},{"floor":16,"key":"SkillPotion"},{"floor":18,"key":"SkillPotion"},{"floor":19,"key":"Regen Potion"}],"is_trial":false,"path_per_floor":["M","?","?","$","?","R","M","R","T","M","E","M","R","M","R","B",null,"M","M","?","?","M","R","M","E"],"character_chosen":"DEFECT","items_purchased":[],"campfire_rested":0,"item_purchase_floors":[],"current_hp_per_floor":[44,44,29,29,29,29,22,22,22,22,21,15,15,7,7,7,66,66,60,54,52,44,44,40,0],"gold":373,"neow_bonus":"REMOVE_TWO","is_prod":false,"is_daily":false,"chose_seed":false,"campfire_upgraded":5,"win_rate":0,"timestamp":1569077865,"path_taken":["M","?","?","?","?","R","M","R","T","?","E","M","R","M","R","BOSS","M","M","?","?","?","R","M","E"],"build_version":"2019-07-17","purchased_purges":0,"victory":false,"max_hp_per_floor":[75,75,75,75,75,75,75,75,75,75,85,85,85,85,85,85,85,85,85,85,85,85,85,85,85],"card_choices":[{"not_picked":["Stack","Aggregate"],"picked":"Leap","floor":1},{"not_picked":["Barrage","Steam Power"],"picked":"Conserve Battery","floor":7},{"not_picked":["Go for the Eyes","Barrage"],"picked":"Darkness","floor":10},{"not_picked":["Steam","Force Field"],"picked":"Gash","floor":11},{"not_picked":["Redo","Streamline"],"picked":"Skim","floor":12},{"not_picked":["Steam","Chill"],"picked":"Auto Shields","floor":14},{"not_picked":["Rainbow","Seek"],"picked":"Multi-Cast","floor":16},{"not_picked":["Steam+1","Barrage"],"picked":"Auto Shields","floor":18},{"not_picked":["Rebound","Streamline","Glacier"],"picked":"SKIP","floor":19},{"not_picked":["Compile Driver","Streamline"],"picked":"Scrape","floor":21},{"not_picked":["Scrape","Storm"],"picked":"Leap","floor":22},{"not_picked":["Barrage","Compile Driver+1"],"picked":"Gash","floor":24}],"player_experience":368019,"relics_obtained":[{"floor":9,"key":"Dream Catcher"},{"floor":11,"key":"Pear"},{"floor":21,"key":"Red Mask"}],"event_choices":[{"cards_removed":["Defend_B"],"damage_healed":0,"gold_gain":0,"player_choice":"Card Removal","damage_taken":0,"max_hp_gain":0,"max_hp_loss":0,"event_name":"The Cleric","floor":2,"gold_loss":50},{"damage_healed":0,"gold_gain":0,"player_choice":"Entered Light","damage_taken":15,"max_hp_gain":0,"max_hp_loss":0,"event_name":"Shining Light","floor":3,"gold_loss":0,"cards_upgraded":["Strike_B","Zap"]},{"damage_healed":0,"gold_gain":0,"player_choice":"Ignored","damage_taken":0,"max_hp_gain":0,"max_hp_loss":0,"event_name":"Liars Game","floor":5,"gold_loss":0},{"damage_healed":0,"gold_gain":0,"player_choice":"Joined the Cult","damage_taken":6,"max_hp_gain":0,"max_hp_loss":0,"event_name":"Nest","floor":20,"gold_loss":0,"cards_obtained":["RitualDagger"]},{"damage_healed":0,"gold_gain":0,"player_choice":"Fought Bandits","damage_taken":0,"max_hp_gain":0,"max_hp_loss":0,"event_name":"Masked Bandits","floor":21,"gold_loss":0}],"is_beta":false,"boss_relics":[{"not_picked":["Sozu","Pandora\u0027s Box"],"picked":"theSenshi:MoonKaleidoScopeRelic"}],"items_purged_floors":[],"is_endless":false,"potions_floor_spawned":[10,12,14,16,18,19],"killed_by":"Gremlin Leader","ascension_level":6}