{"gold_per_floor":[118,68,87,13,25,56,70,96,171,171,171,210,226,265,265,395,395,409,324,249,249,270,314,314,347,347,347,347,371,153,176,176,295,295,318,341,65,90,109,109,148,148,194,194,217,217,248,285,297,309],"floor_reached":50,"playtime":3227,"items_purged":[],"score":727,"play_id":"42f28625-e1fd-4515-9312-4d7205193b26","local_time":"20190112223952","is_ascension_mode":true,"campfire_choices":[{"floor":10,"key":"REST"},{"floor":15,"key":"REST"},{"data":"Envenom","floor":24,"key":"SMITH"},{"data":"Accuracy","floor":27,"key":"SMITH"},{"floor":32,"key":"REST"},{"floor":40,"key":"REST"},{"floor":42,"key":"RECALL"},{"data":"Adrenaline","floor":44,"key":"SMITH"},{"data":"Noxious Fumes","floor":46,"key":"SMITH"},{"floor":49,"key":"REST"}],"neow_cost":"NONE","seed_source_timestamp":358919801241880,"circlet_count":0,"master_deck":["Defend_G","Defend_G","Defend_G","Defend_G","Strike_G","Strike_G","Survivor","Neutralize","Cloak And Dagger","Blade Dance","Accuracy","Tools of the Trade","Accuracy","Envenom+1","Blade Dance","Injury","Dodge and Roll+1","Accuracy+1","Terror","Adrenaline+1","Cloak And Dagger+1","Crippling Poison","Endless Agony","PiercingWail","Infinite Blades","Backstab","PiercingWail+1","Prepared","Corpse Explosion","Blade Dance+1","Noxious Fumes+1","Bouncing Flask","Dash","Calculated Gamble+1","Catalyst+1","Dash+1","Cloak And Dagger+1","Footwork+1"],"relics":["White Beast Statue","The Courier","Du-Vu Doll","Matryoshka","Golden Idol","PreservedInsect","Meat on the Bone","Runic Pyramid","War Paint","Oddly Smooth Stone","Question Card","Anchor","Gremlin Horn","Paper Crane","Singing Bowl","Black Star","TwistedFunnel","Thread and Needle","Blue Candle","Blood Vial","Nunchaku","MawBank"],"potions_floor_usage":[6,6,8,8,8,8,14,16,16,18,23,23,25,33,35,38,41,45,45,45,50,50],"damage_taken":[{"damage":5,"enemies":"Jaw Worm","floor":1,"turns":5},{"damage":0,"enemies":"Small Slimes","floor":3,"turns":4},{"damage":5,"enemies":"2 Louse","floor":5,"turns":3},{"damage":20,"enemies":"3 Sentries","floor":6,"turns":10},{"damage":2,"enemies":"Blue Slaver","floor":7,"turns":5},{"damage":17,"enemies":"Gremlin Nob","floor":8,"turns":5},{"damage":31,"enemies":"3 Sentries","floor":12,"turns":10},{"damage":2,"enemies":"Looter","floor":13,"turns":3},{"damage":16,"enemies":"Gremlin Nob","floor":14,"turns":3},{"damage":17,"enemies":"Hexaghost","floor":16,"turns":9},{"damage":8,"enemies":"3 Byrds","floor":18,"turns":5},{"damage":10,"enemies":"Chosen","floor":22,"turns":4},{"damage":4,"enemies":"Gremlin Leader","floor":23,"turns":5},{"damage":23,"enemies":"Book of Stabbing","floor":25,"turns":5},{"damage":2,"enemies":"Snecko","floor":29,"turns":3},{"damage":0,"enemies":"Snake Plant","floor":31,"turns":5},{"damage":0,"enemies":"Champ","floor":33,"turns":10},{"damage":0,"enemies":"3 Darklings","floor":35,"turns":4},{"damage":0,"enemies":"3 Shapes","floor":36,"turns":3},{"damage":1,"enemies":"3 Darklings","floor":38,"turns":5},{"damage":30,"enemies":"Transient","floor":39,"turns":5},{"damage":0,"enemies":"Nemesis","floor":41,"turns":5},{"damage":16,"enemies":"Writhing Mass","floor":45,"turns":7},{"damage":12,"enemies":"Reptomancer","floor":47,"turns":4},{"damage":17,"enemies":"Sphere and 2 Shapes","floor":48,"turns":4},{"damage":78,"enemies":"Awakened One","floor":50,"turns":10}],"seed_played":"-5184864013792856200","potions_obtained":[{"floor":1,"key":"Regen Potion"},{"floor":3,"key":"Swift Potion"},{"floor":5,"key":"Strength Potion"},{"floor":6,"key":"PowerPotion"},{"floor":7,"key":"Swift Potion"},{"floor":8,"key":"Fruit Juice"},{"floor":12,"key":"FearPotion"},{"floor":13,"key":"FearPotion"},{"floor":14,"key":"GamblersBrew"},{"floor":16,"key":"AttackPotion"},{"floor":18,"key":"Regen Potion"},{"floor":22,"key":"GhostInAJar"},{"floor":23,"key":"SkillPotion"},{"floor":25,"key":"EssenceOfSteel"},{"floor":29,"key":"EssenceOfSteel"},{"floor":31,"key":"SpeedPotion"},{"floor":33,"key":"GamblersBrew"},{"floor":35,"key":"GhostInAJar"},{"floor":36,"key":"Energy Potion"},{"floor":38,"key":"Swift Potion"},{"floor":41,"key":"FearPotion"},{"floor":45,"key":"SmokeBomb"},{"floor":47,"key":"GhostInAJar"},{"floor":48,"key":"AttackPotion"}],"is_trial":false,"path_per_floor":["M","?","M","$","M","E","M","E","T","R","?","E","M","E","R","B",null,"M","?","?","?","M","E","R","E","T","R","?","M","$","M","R","B",null,"M","M","$","M","M","R","E","R","T","R","M","R","E","M","R","B"],"character_chosen":"THE_SILENT","items_purchased":["Accuracy","Singing Bowl","Prepared","Noxious Fumes","TwistedFunnel","Bouncing Flask"],"campfire_rested":5,"item_purchase_floors":[4,30,30,37,37,37],"current_hp_per_floor":[65,65,65,65,60,55,53,41,41,63,63,32,30,14,36,31,75,67,67,67,67,57,67,67,44,44,44,44,42,42,44,67,67,77,77,79,79,78,48,71,71,71,71,71,57,57,47,44,67,0],"gold":309,"neow_bonus":"BOSS_RELIC","is_prod":false,"is_daily":false,"chose_seed":false,"campfire_upgraded":4,"win_rate":0,"timestamp":1547350792,"path_taken":["M","?","M","$","M","E","M","E","T","R","?","E","M","E","R","BOSS","M","?","?","?","M","E","R","E","T","R","?","M","$","?","R","BOSS","M","M","$","M","M","R","E","R","T","R","M","R","E","M","R","BOSS"],"build_version":"2019-01-10","purchased_purges":0,"victory":false,"max_hp_per_floor":[70,70,70,70,70,70,70,75,75,75,75,75,75,75,75,75,75,75,75,75,75,75,75,75,75,75,75,75,75,75,77,77,77,77,77,79,79,79,79,79,79,79,79,79,79,79,79,79,79,79],"card_choices":[{"not_picked":["Acrobatics","Quick Slash"],"picked":"Cloak And Dagger","floor":1},{"not_picked":["Concentrate","Deflect"],"picked":"Blade Dance","floor":3},{"not_picked":["Outmaneuver","Dagger Throw"],"picked":"Tools of the Trade","floor":5},{"not_picked":["Deflect","Prepared"],"picked":"Accuracy","floor":6},{"not_picked":["Dodge and Roll","Tactician"],"picked":"Envenom","floor":7},{"not_picked":["Quick Slash","Sucker Punch"],"picked":"Blade Dance","floor":8},{"not_picked":["Acrobatics","Prepared"],"picked":"Dodge and Roll","floor":12},{"not_picked":["Dagger Throw","Catalyst"],"picked":"Accuracy","floor":13},{"not_picked":["Prepared","Masterful Stab"],"picked":"Terror","floor":14},{"not_picked":["Wraith Form v2","Malaise"],"picked":"Adrenaline","floor":16},{"not_picked":["Tactician","Prepared"],"picked":"Cloak And Dagger","floor":18},{"not_picked":["PiercingWail","Dagger Throw"],"picked":"Crippling Poison","floor":22},{"not_picked":["Terror+1","Acrobatics+1"],"picked":"Endless Agony","floor":23},{"not_picked":["Underhanded Strike+1","Flying Knee+1","Blur"],"picked":"PiercingWail","floor":25},{"not_picked":["Sucker Punch","Well Laid Plans","Blur"],"picked":"PiercingWail+1","floor":29},{"not_picked":["Expertise","Sucker Punch","Dagger Spray","Slice"],"picked":"Singing Bowl","floor":31},{"not_picked":["Unload","Envenom","Tools of the Trade"],"picked":"Corpse Explosion","floor":33},{"not_picked":["Setup","Outmaneuver","Deflect+1"],"picked":"Blade Dance+1","floor":35},{"not_picked":["Acrobatics","Dagger Throw","Sucker Punch","Backflip"],"picked":"Singing Bowl","floor":36},{"not_picked":["Masterful Stab","Skewer+1","Quick Slash"],"picked":"Dash","floor":38},{"not_picked":["Quick Slash","Setup+1","Poisoned Stab+1"],"picked":"Calculated Gamble+1","floor":39},{"not_picked":["Prepared","Bane","Sucker Punch"],"picked":"Catalyst+1","floor":41},{"not_picked":["Dagger Spray+1","Deflect","Dagger Throw"],"picked":"Dash+1","floor":45},{"not_picked":["Dodge and Roll","Skewer+1","Acrobatics"],"picked":"Cloak And Dagger+1","floor":47},{"not_picked":["Calculated Gamble","Acrobatics","Poisoned Stab"],"picked":"Footwork+1","floor":48}],"player_experience":385848,"relics_obtained":[{"floor":6,"key":"The Courier"},{"floor":8,"key":"Du-Vu Doll"},{"floor":9,"key":"Matryoshka"},{"floor":12,"key":"PreservedInsect"},{"floor":14,"key":"Meat on the Bone"},{"floor":23,"key":"Question Card"},{"floor":25,"key":"Anchor"},{"floor":26,"key":"Gremlin Horn"},{"floor":26,"key":"Paper Crane"},{"floor":41,"key":"Thread and Needle"},{"floor":41,"key":"Blue Candle"},{"floor":43,"key":"Blood Vial"},{"floor":47,"key":"Nunchaku"},{"floor":47,"key":"MawBank"}],"event_choices":[{"cards_removed":["Strike_G"],"damage_healed":0,"gold_gain":0,"player_choice":"Card Removal","damage_taken":0,"max_hp_gain":0,"max_hp_loss":0,"event_name":"The Cleric","floor":2,"gold_loss":50},{"damage_healed":0,"gold_gain":0,"player_choice":"Take Wound","damage_taken":0,"relics_obtained":["Golden Idol"],"max_hp_gain":0,"max_hp_loss":0,"event_name":"Golden Idol","floor":11,"gold_loss":0,"cards_obtained":["Injury"]},{"damage_healed":0,"gold_gain":0,"player_choice":"Obtained Relic","damage_taken":0,"relics_obtained":["War Paint"],"max_hp_gain":0,"max_hp_loss":0,"event_name":"Addict","floor":19,"gold_loss":85},{"cards_removed":["Strike_G"],"damage_healed":0,"gold_gain":0,"player_choice":"Gave Gold","damage_taken":0,"max_hp_gain":0,"max_hp_loss":0,"event_name":"Beggar","floor":20,"gold_loss":75},{"damage_healed":0,"gold_gain":0,"player_choice":"Opened","damage_taken":0,"relics_obtained":["Oddly Smooth Stone"],"max_hp_gain":0,"max_hp_loss":0,"event_name":"The Mausoleum","floor":21,"gold_loss":0},{"damage_healed":0,"gold_gain":0,"cards_transformed":["Strike_G","Defend_G"],"player_choice":"Became Test Subject","damage_taken":0,"max_hp_gain":0,"max_hp_loss":0,"event_name":"Drug Dealer","floor":28,"gold_loss":0,"cards_obtained":["Infinite Blades","Backstab"]}],"is_beta":false,"boss_relics":[{"not_picked":["Snecko Eye","Velvet Choker"],"picked":"Runic Pyramid"},{"not_picked":["Sozu","Eternal Feather"],"picked":"Black Star"}],"items_purged_floors":[],"is_endless":false,"potions_floor_spawned":[1,3,5,6,7,8,12,13,14,16,18,22,23,25,29,31,33,35,36,38,39,41,45,47,48],"killed_by":"Awakened One","ascension_level":1}