{"gold_per_floor":[110,110,110,125,145,172,172,172,245,245,257,257,292,311,311,414,414,425,186,186,197,197,209,209,227,227,262,262],"floor_reached":28,"playtime":2075,"items_purged":["Strike_R"],"score":248,"play_id":"6b26f5ed-dc0f-4326-b348-47221bbb9117","local_time":"20181124221815","is_ascension_mode":false,"campfire_choices":[{"floor":7,"key":"RECALL"},{"data":"Spot Weakness","floor":10,"key":"SMITH"},{"data":"Armaments","floor":15,"key":"SMITH"},{"data":"Searing Blow","floor":24,"key":"SMITH"}],"neow_cost":"PERCENT_DAMAGE","seed_source_timestamp":269462662947363,"circlet_count":0,"master_deck":["Strike_R","Defend_R","Defend_R","Bash","Headbutt","Disarm","Armaments+1","Spot Weakness+1","Seeing Red","Twin Strike","Thunderclap","Sword Boomerang","Exhume","Pommel Strike+1","Metamorphosis","Purity","Dual Wield","Searing Blow+1","Rampage+1"],"relics":["Burning Blood","Red Skull","Pantograph","Turnip","Philosopher\u0027s Stone","Mummified Hand","Orichalcum"],"potions_floor_usage":[13,13,21,27,27,28],"damage_taken":[{"damage":5,"enemies":"2 Louse","floor":1,"turns":4},{"damage":0,"enemies":"Small Slimes","floor":4,"turns":3},{"damage":3,"enemies":"Cultist","floor":5,"turns":4},{"damage":40,"enemies":"3 Sentries","floor":6,"turns":10},{"damage":6,"enemies":"Exordium Thugs","floor":11,"turns":4},{"damage":11,"enemies":"Lagavulin","floor":13,"turns":5},{"damage":14,"enemies":"Large Slime","floor":14,"turns":3},{"damage":8,"enemies":"Hexaghost","floor":16,"turns":7},{"damage":3,"enemies":"Shell Parasite","floor":18,"turns":5},{"damage":33,"enemies":"2 Thieves","floor":21,"turns":3},{"damage":43,"enemies":"Sentry and Sphere","floor":23,"turns":4},{"damage":12,"enemies":"Cultist and Chosen","floor":25,"turns":4},{"damage":16,"enemies":"Gremlin Leader","floor":27,"turns":3},{"damage":8,"enemies":"3 Cultists","floor":28,"turns":2}],"seed_played":"-6980053110806390714","potions_obtained":[{"floor":6,"key":"Poison Potion"},{"floor":11,"key":"SkillPotion"},{"floor":13,"key":"BloodPotion"},{"floor":16,"key":"Swift Potion"},{"floor":21,"key":"SteroidPotion"},{"floor":23,"key":"Dexterity Potion"},{"floor":25,"key":"PowerPotion"}],"is_trial":false,"path_per_floor":["M","?","?","M","M","E","R","T","T","R","M","?","E","M","R","B",null,"M","$","?","M","?","M","R","M","T","E","M"],"character_chosen":"IRONCLAD","items_purchased":["Metamorphosis"],"campfire_rested":0,"item_purchase_floors":[19],"current_hp_per_floor":[57,50,50,56,59,25,25,25,25,25,25,25,20,12,12,35,80,80,80,80,53,53,16,16,10,10,8,0],"gold":262,"neow_bonus":"REMOVE_TWO","is_prod":false,"is_daily":false,"chose_seed":false,"campfire_upgraded":3,"win_rate":0,"timestamp":1543097895,"path_taken":["M","?","?","?","M","E","R","?","T","R","M","?","E","M","R","BOSS","M","$","?","?","?","M","R","M","T","E","M"],"build_version":"2018-11-15","purchased_purges":1,"victory":false,"max_hp_per_floor":[80,80,80,80,80,80,80,80,80,80,80,80,80,80,80,80,80,80,80,80,80,80,80,80,80,80,80,80],"card_choices":[{"not_picked":["Heavy Blade","Clash"],"picked":"Headbutt","floor":1},{"not_picked":["Shrug It Off","Uppercut"],"picked":"Armaments","floor":4},{"not_picked":["Dark Embrace","Infernal Blade"],"picked":"Spot Weakness","floor":5},{"not_picked":["Whirlwind","Rupture"],"picked":"Seeing Red","floor":6},{"not_picked":["Wild Strike","Blood for Blood"],"picked":"Twin Strike","floor":11},{"not_picked":["Clothesline","Shrug It Off"],"picked":"Thunderclap","floor":13},{"not_picked":["True Grit","Warcry"],"picked":"Sword Boomerang","floor":14},{"not_picked":["Bludgeon","Immolate"],"picked":"Exhume","floor":16},{"not_picked":["Body Slam","Shrug It Off"],"picked":"Pommel Strike+1","floor":18},{"not_picked":["Anger+1","Wild Strike"],"picked":"Dual Wield","floor":21},{"not_picked":["Pommel Strike","Clothesline+1"],"picked":"Searing Blow","floor":23},{"not_picked":["Whirlwind","Thunderclap"],"picked":"Rampage+1","floor":25},{"not_picked":["Twin Strike","Evolve","Anger"],"picked":"SKIP","floor":27}],"player_experience":97915,"relics_obtained":[{"floor":6,"key":"Red Skull"},{"floor":9,"key":"Pantograph"},{"floor":13,"key":"Turnip"},{"floor":26,"key":"Mummified Hand"},{"floor":27,"key":"Orichalcum"}],"event_choices":[{"cards_removed":["Defend_R"],"damage_healed":0,"gold_gain":0,"player_choice":"Card Removal","damage_taken":7,"max_hp_gain":0,"max_hp_loss":0,"event_name":"Golden Wing","floor":2,"gold_loss":0},{"damage_healed":0,"gold_gain":0,"player_choice":"1 cards matched","damage_taken":0,"max_hp_gain":0,"max_hp_loss":0,"event_name":"Match and Keep!","floor":3,"gold_loss":0,"cards_obtained":["Disarm"]},{"cards_removed":["Strike_R"],"damage_healed":0,"gold_gain":0,"player_choice":"Forget","damage_taken":0,"max_hp_gain":0,"max_hp_loss":0,"event_name":"Living Wall","floor":12,"gold_loss":0},{"damage_healed":0,"gold_gain":0,"player_choice":"1 cards matched","damage_taken":0,"max_hp_gain":0,"max_hp_loss":0,"event_name":"Match and Keep!","floor":20,"gold_loss":0,"cards_obtained":["Purity"]},{"damage_healed":0,"gold_gain":0,"player_choice":"1 cards matched","damage_taken":0,"max_hp_gain":0,"max_hp_loss":0,"event_name":"Match and Keep!","floor":20,"gold_loss":0,"cards_obtained":["Purity"]},{"cards_removed":["Defend_R"],"damage_healed":0,"gold_gain":0,"player_choice":"Elegance","damage_taken":0,"max_hp_gain":0,"max_hp_loss":0,"event_name":"Back to Basics","floor":22,"gold_loss":0}],"is_beta":true,"boss_relics":[{"not_picked":["Snecko Eye","Black Blood"],"picked":"Philosopher\u0027s Stone"}],"items_purged_floors":[19],"is_endless":false,"potions_floor_spawned":[6,11,13,16,21,23,25],"killed_by":"3 Cultists","ascension_level":0}