{"gold_per_floor":[113,130,146,146,158,177,177,147,147,182,195,195,195,230,230,330,330,349,264,189,202,220,233,233,233],"floor_reached":25,"playtime":1512,"items_purged":[],"score":323,"play_id":"6f6e4ba7-bc63-4016-8802-d9318412b259","local_time":"20190930053344","is_ascension_mode":true,"campfire_choices":[{"data":"True Grit","floor":7,"key":"SMITH"},{"data":"True Grit","floor":12,"key":"SMITH"},{"data":"Cleave","floor":15,"key":"SMITH"}],"neow_cost":"PERCENT_DAMAGE","seed_source_timestamp":66202957792748,"circlet_count":0,"master_deck":["AscendersBane","Strike_R+1","Strike_R","Strike_R+1","Defend_R","Defend_R","Defend_R","Defend_R","Bash","Cleave+1","True Grit+1","Shrug It Off","Reckless Charge","Metallicize","True Grit+1","Dark Embrace","Wild Strike","Impervious","Warcry","RitualDagger"],"relics":["Burning Blood","Calipers","Pen Nib","Juzu Bracelet","Singing Bowl","Busted Crown","Regal Pillow"],"potions_floor_usage":[16,16,16,16,21,25,25,25],"damage_taken":[{"damage":4,"enemies":"Small Slimes","floor":1,"turns":4},{"damage":4,"enemies":"Jaw Worm","floor":2,"turns":6},{"damage":1,"enemies":"Cultist","floor":3,"turns":3},{"damage":1,"enemies":"2 Fungi Beasts","floor":5,"turns":3},{"damage":4,"enemies":"Exordium Wildlife","floor":6,"turns":4},{"damage":2,"enemies":"Looter","floor":8,"turns":4},{"damage":7,"enemies":"3 Sentries","floor":10,"turns":9},{"damage":3,"enemies":"2 Fungi Beasts","floor":11,"turns":4},{"damage":26,"enemies":"Gremlin Nob","floor":14,"turns":5},{"damage":46,"enemies":"Slime Boss","floor":16,"turns":10},{"damage":19,"enemies":"3 Byrds","floor":18,"turns":8},{"damage":10,"enemies":"Chosen","floor":21,"turns":6},{"damage":22,"enemies":"Snake Plant","floor":22,"turns":6},{"damage":16,"enemies":"Centurion and Healer","floor":23,"turns":9},{"damage":30,"enemies":"Slavers","floor":25,"turns":3}],"seed_played":"-3828013667029756509","potions_obtained":[{"floor":1,"key":"PowerPotion"},{"floor":5,"key":"SkillPotion"},{"floor":11,"key":"GamblersBrew"},{"floor":14,"key":"EntropicBrew"},{"floor":16,"key":"Explosive Potion"},{"floor":21,"key":"Fire Potion"},{"floor":22,"key":"SkillPotion"}],"is_trial":false,"path_per_floor":["M","M","M","?","M","M","R","M","T","E","M","R","?","E","R","B",null,"M","?","?","M","M","M","?","E"],"character_chosen":"IRONCLAD","items_purchased":[],"campfire_rested":0,"item_purchase_floors":[],"current_hp_per_floor":[53,55,60,44,49,51,51,55,55,54,57,57,57,39,39,14,65,54,54,54,52,38,28,22,0],"gold":233,"neow_bonus":"ONE_RARE_RELIC","is_prod":false,"is_daily":false,"chose_seed":false,"campfire_upgraded":3,"win_rate":0,"timestamp":1569814424,"path_taken":["M","M","M","?","M","M","R","M","T","E","M","R","?","E","R","BOSS","M","?","?","M","M","M","?","E"],"build_version":"2019-07-17","purchased_purges":0,"victory":false,"max_hp_per_floor":[80,80,80,80,80,80,80,80,80,80,80,80,80,82,82,82,82,84,84,84,86,88,88,88,88],"card_choices":[{"not_picked":["Intimidate","Perfected Strike"],"picked":"Cleave","floor":1},{"not_picked":["Whirlwind","Cleave"],"picked":"True Grit","floor":2},{"not_picked":["Heavy Blade","Wild Strike"],"picked":"Shrug It Off","floor":3},{"not_picked":["Havoc","Rupture"],"picked":"Reckless Charge","floor":5},{"not_picked":["Havoc","Anger"],"picked":"Metallicize","floor":6},{"not_picked":["Bloodletting","Infernal Blade","Reckless Charge"],"picked":"SKIP","floor":8},{"not_picked":["Headbutt","Sever Soul"],"picked":"True Grit","floor":10},{"not_picked":["Wild Strike","Clothesline"],"picked":"Dark Embrace","floor":11},{"not_picked":["Dropkick","Cleave","Clothesline"],"picked":"Singing Bowl","floor":14},{"not_picked":["Dark Embrace","Exhume"],"picked":"Impervious","floor":16},{"not_picked":["Pommel Strike"],"picked":"Singing Bowl","floor":18},{"not_picked":["Reckless Charge"],"picked":"Singing Bowl","floor":21},{"not_picked":["Entrench"],"picked":"Singing Bowl","floor":22},{"not_picked":[],"picked":"Warcry","floor":23}],"player_experience":312552,"relics_obtained":[{"floor":9,"key":"Pen Nib"},{"floor":10,"key":"Juzu Bracelet"},{"floor":14,"key":"Singing Bowl"}],"event_choices":[{"damage_healed":0,"gold_gain":0,"player_choice":"Entered Light","damage_taken":16,"max_hp_gain":0,"max_hp_loss":0,"event_name":"Shining Light","floor":4,"gold_loss":0,"cards_upgraded":["Strike_R","Strike_R"]},{"damage_healed":0,"gold_gain":0,"cards_transformed":["Strike_R"],"player_choice":"Transformed","damage_taken":0,"max_hp_gain":0,"max_hp_loss":0,"event_name":"Transmorgrifier","floor":13,"gold_loss":0,"cards_obtained":["Wild Strike"]},{"damage_healed":0,"gold_gain":0,"player_choice":"Obtained Relic","damage_taken":0,"relics_obtained":["Regal Pillow"],"max_hp_gain":0,"max_hp_loss":0,"event_name":"Addict","floor":19,"gold_loss":85},{"cards_removed":["Strike_R"],"damage_healed":0,"gold_gain":0,"player_choice":"Gave Gold","damage_taken":0,"max_hp_gain":0,"max_hp_loss":0,"event_name":"Beggar","floor":20,"gold_loss":75},{"damage_healed":0,"gold_gain":0,"player_choice":"Joined the Cult","damage_taken":6,"max_hp_gain":0,"max_hp_loss":0,"event_name":"Nest","floor":24,"gold_loss":0,"cards_obtained":["RitualDagger"]}],"is_beta":false,"boss_relics":[{"not_picked":["Runic Dome","Lizard Tail"],"picked":"Busted Crown"}],"items_purged_floors":[],"is_endless":false,"potions_floor_spawned":[1,5,11,14,16,21,22],"killed_by":"Slavers","ascension_level":10}