{"gold_per_floor":[214,229,304,269,269,269,302,318,318,343,33,33,67,86,86,214,214,214,139,139,67,67,67,67,67,67,67,67,67,67,67,67,67,67,67,67,67,67,67,67,67,67,67,67,67,18,18,18,18,18],"floor_reached":50,"playtime":4101,"items_purged":["Strike_G"],"score":808,"play_id":"a1ed7b55-31be-4e8f-81b9-9d101b344cd0","local_time":"20190929184058","is_ascension_mode":true,"campfire_choices":[{"data":"Neutralize","floor":6,"key":"SMITH"},{"data":"Poisoned Stab","floor":12,"key":"SMITH"},{"data":"Backflip","floor":15,"key":"SMITH"},{"data":"Footwork","floor":24,"key":"SMITH"},{"data":"Backflip","floor":29,"key":"SMITH"},{"floor":32,"key":"REST"},{"data":"Catalyst","floor":40,"key":"SMITH"},{"data":"Concentrate","floor":42,"key":"SMITH"},{"data":"Bouncing Flask","floor":49,"key":"SMITH"}],"neow_cost":"NONE","seed_source_timestamp":24457946759067,"circlet_count":0,"master_deck":["AscendersBane","Strike_G","Strike_G","Strike_G","Defend_G","Defend_G","Defend_G","Defend_G","Defend_G","Survivor","Neutralize+1","Quick Slash","Backflip+1","Predator","Dagger Throw","Well Laid Plans","Infinite Blades","Dagger Spray","Venomology","Well Laid Plans","Deadly Poison","Footwork+1","Backflip+1","Deflect+1","Skewer+1","Deflect+1","After Image","Prepared+1","Catalyst+1","Trip","Swift Strike+1","Sadistic Nature","Slice+1","Concentrate+1","PiercingWail","Expertise+1","Finisher+1","Bouncing Flask+1"],"relics":["Ring of the Snake","Bloody Idol","Meat on the Bone","Ninja Scroll","Anchor","Mummified Hand","Ectoplasm","Red Mask","Unceasing Top","Molten Egg 2","Bag of Preparation","Eternal Feather","Orichalcum","Regal Pillow"],"potions_floor_usage":[7,16,23,25,25,27,27,30,33,35,36,39,41,44,45,45,47,50,50,50,50],"damage_taken":[{"damage":1,"enemies":"2 Louse","floor":1,"turns":4},{"damage":0,"enemies":"Small Slimes","floor":2,"turns":3},{"damage":22,"enemies":"Gremlin Nob","floor":7,"turns":5},{"damage":3,"enemies":"Jaw Worm","floor":8,"turns":4},{"damage":6,"enemies":"Large Slime","floor":10,"turns":8},{"damage":19,"enemies":"Lagavulin","floor":13,"turns":8},{"damage":0,"enemies":"2 Fungi Beasts","floor":14,"turns":3},{"damage":17,"enemies":"Hexaghost","floor":16,"turns":11},{"damage":0,"enemies":"3 Byrds","floor":18,"turns":4},{"damage":4,"enemies":"Spheric Guardian","floor":20,"turns":5},{"damage":7,"enemies":"Masked Bandits","floor":23,"turns":7},{"damage":24,"enemies":"Slavers","floor":25,"turns":7},{"damage":8,"enemies":"Gremlin Leader","floor":27,"turns":8},{"damage":0,"enemies":"Shelled Parasite and Fungi","floor":28,"turns":6},{"damage":12,"enemies":"Snake Plant","floor":30,"turns":4},{"damage":28,"enemies":"Collector","floor":33,"turns":12},{"damage":0,"enemies":"Orb Walker","floor":35,"turns":3},{"damage":0,"enemies":"3 Darklings","floor":36,"turns":8},{"damage":10,"enemies":"Jaw Worm Horde","floor":39,"turns":5},{"damage":3,"enemies":"Maw","floor":41,"turns":8},{"damage":31,"enemies":"Writhing Mass","floor":44,"turns":8},{"damage":12,"enemies":"Reptomancer","floor":45,"turns":8},{"damage":0,"enemies":"4 Shapes","floor":47,"turns":6},{"damage":5,"enemies":"Transient","floor":48,"turns":5},{"damage":82,"enemies":"Time Eater","floor":50,"turns":12}],"seed_played":"-3999072584093097889","potions_obtained":[{"floor":2,"key":"Block Potion"},{"floor":13,"key":"Weak Potion"},{"floor":14,"key":"Block Potion"},{"floor":16,"key":"Weak Potion"},{"floor":25,"key":"Fire Potion"},{"floor":27,"key":"Explosive Potion"},{"floor":33,"key":"EssenceOfSteel"},{"floor":41,"key":"Weak Potion"},{"floor":44,"key":"AttackPotion"}],"is_trial":false,"path_per_floor":["M","M","?","?","?","R","E","M","T","M","$","R","E","M","R","B",null,"M","?","M","$","?","?","R","E","T","E","M","R","M","?","R","B",null,"M","M","?","?","M","R","M","R","T","M","E","$","M","M","R","B"],"character_chosen":"THE_SILENT","items_purchased":["Anchor","Well Laid Plans","Footwork","SkillPotion"],"campfire_rested":1,"item_purchase_floors":[11,11,21,46],"current_hp_per_floor":[62,62,51,68,65,65,43,40,40,34,34,34,27,39,39,34,57,57,57,53,53,53,46,46,34,34,38,38,38,38,38,57,41,59,59,59,49,49,39,57,54,65,65,34,34,34,34,41,62,0],"gold":18,"neow_bonus":"HUNDRED_GOLD","is_prod":false,"is_daily":false,"chose_seed":false,"campfire_upgraded":8,"win_rate":0,"timestamp":1569775258,"path_taken":["M","M","?","?","?","R","E","M","T","M","$","R","E","M","R","BOSS","M","?","M","$","?","?","R","E","T","E","M","R","M","?","R","BOSS","M","M","?","?","M","R","M","R","T","M","E","$","M","M","R","BOSS"],"build_version":"2019-07-17","purchased_purges":1,"victory":false,"max_hp_per_floor":[70,70,70,70,65,65,65,65,65,65,65,65,65,65,65,65,65,65,65,65,65,65,65,65,65,65,65,65,65,65,65,65,65,65,65,65,65,65,65,65,65,65,65,65,65,65,65,65,65,65],"card_choices":[{"not_picked":["Dodge and Roll","Acrobatics"],"picked":"Quick Slash","floor":1},{"not_picked":["Endless Agony","Dagger Throw"],"picked":"Poisoned Stab","floor":2},{"not_picked":["Choke","Reflex"],"picked":"Backflip","floor":7},{"not_picked":["Dagger Throw","Dodge and Roll"],"picked":"Predator","floor":8},{"not_picked":["Riddle With Holes","Escape Plan"],"picked":"Dagger Throw","floor":10},{"not_picked":["Leg Sweep","Riddle With Holes"],"picked":"Infinite Blades","floor":13},{"not_picked":["Glass Knife","Backflip"],"picked":"Dagger Spray","floor":14},{"not_picked":["Grand Finale","Doppelganger"],"picked":"Venomology","floor":16},{"not_picked":["Flying Knee+1","Accuracy"],"picked":"Well Laid Plans","floor":18},{"not_picked":["Tactician","Setup+1"],"picked":"Deadly Poison","floor":20},{"not_picked":["Dagger Spray","Reflex+1"],"picked":"Backflip","floor":25},{"not_picked":["Outmaneuver","Setup+1"],"picked":"Deflect+1","floor":27},{"not_picked":["Sucker Punch+1","Bane+1"],"picked":"Skewer+1","floor":28},{"not_picked":["PiercingWail+1","Reflex"],"picked":"Deflect+1","floor":30},{"not_picked":["A Thousand Cuts","Venomology"],"picked":"After Image","floor":33},{"not_picked":["Skewer+1","Dagger Spray+1"],"picked":"Prepared+1","floor":35},{"not_picked":["Deadly Poison","Poisoned Stab+1"],"picked":"Catalyst","floor":36},{"not_picked":["Forethought","Good Instincts"],"picked":"Trip","floor":37},{"not_picked":["Dramatic Entrance+1","Impatience"],"picked":"Swift Strike+1","floor":37},{"not_picked":["Deep Breath","Transmutation"],"picked":"Sadistic Nature","floor":37},{"not_picked":["Bane+1","Dodge and Roll+1"],"picked":"Slice+1","floor":39},{"not_picked":["PiercingWail","Poisoned Stab+1"],"picked":"Concentrate","floor":41},{"not_picked":["Dagger Throw+1","Eviscerate+1"],"picked":"PiercingWail","floor":44},{"not_picked":["Choke+1","Sucker Punch+1"],"picked":"Expertise+1","floor":45},{"not_picked":["Calculated Gamble","Corpse Explosion"],"picked":"Finisher+1","floor":47},{"not_picked":["Dodge and Roll","Slice+1"],"picked":"Bouncing Flask","floor":48}],"player_experience":299062,"relics_obtained":[{"floor":7,"key":"Meat on the Bone"},{"floor":9,"key":"Ninja Scroll"},{"floor":13,"key":"Mummified Hand"},{"floor":23,"key":"Red Mask"},{"floor":25,"key":"Unceasing Top"},{"floor":26,"key":"Molten Egg 2"},{"floor":27,"key":"Bag of Preparation"},{"floor":43,"key":"Orichalcum"},{"floor":45,"key":"Regal Pillow"}],"event_choices":[{"damage_healed":0,"gold_gain":75,"player_choice":"Gather Gold","damage_taken":11,"max_hp_gain":0,"max_hp_loss":0,"event_name":"World of Goop","floor":3,"gold_loss":0},{"damage_healed":17,"gold_gain":0,"player_choice":"Healed","damage_taken":0,"max_hp_gain":0,"max_hp_loss":0,"event_name":"The Cleric","floor":4,"gold_loss":35},{"damage_healed":0,"gold_gain":0,"player_choice":"Lose Max HP","damage_taken":0,"relics_obtained":["Golden Idol"],"max_hp_gain":0,"max_hp_loss":5,"event_name":"Golden Idol","floor":5,"gold_loss":0},{"cards_removed":["Strike_G"],"damage_healed":0,"gold_gain":0,"player_choice":"Gave Gold","damage_taken":0,"max_hp_gain":0,"max_hp_loss":0,"event_name":"Beggar","floor":19,"gold_loss":75},{"damage_healed":0,"gold_gain":0,"player_choice":"Ignored","damage_taken":0,"max_hp_gain":0,"max_hp_loss":0,"event_name":"Vampires","floor":22,"gold_loss":0},{"damage_healed":0,"gold_gain":0,"player_choice":"Fought Bandits","damage_taken":0,"max_hp_gain":0,"max_hp_loss":0,"event_name":"Masked Bandits","floor":23,"gold_loss":0},{"damage_healed":0,"gold_gain":0,"player_choice":"Gave Idol","damage_taken":0,"relics_obtained":["Bloody Idol"],"max_hp_gain":0,"max_hp_loss":0,"event_name":"Forgotten Altar","floor":31,"relics_lost":["Golden Idol"],"gold_loss":0},{"damage_healed":0,"gold_gain":0,"player_choice":"Memory 3","damage_taken":10,"max_hp_gain":0,"max_hp_loss":0,"event_name":"SensoryStone","floor":37,"gold_loss":0},{"cards_removed":["Poisoned Stab"],"damage_healed":0,"gold_gain":0,"player_choice":"Removed Attack","damage_taken":0,"max_hp_gain":0,"max_hp_loss":0,"event_name":"Falling","floor":38,"gold_loss":0}],"is_beta":false,"boss_relics":[{"not_picked":["WristBlade","Runic Pyramid"],"picked":"Ectoplasm"},{"not_picked":["Astrolabe","Velvet Choker"],"picked":"Eternal Feather"}],"items_purged_floors":[11],"is_endless":false,"potions_floor_spawned":[2,13,14,16,25,27,28,30,33,35,41,44,48],"killed_by":"Time Eater","ascension_level":10}