{"gold_per_floor":[112,126,126,45,62,62,62,91,115,115,128,141,60,73,73,171,171,186,236,251,268,41,41,60,60],"floor_reached":25,"playtime":2591,"items_purged":[],"score":205,"play_id":"522f2a36-e97e-4293-ab5c-ef0cf85ad1a4","local_time":"20181221011219","is_ascension_mode":false,"campfire_choices":[{"data":"Bash","floor":6,"key":"SMITH"},{"floor":10,"key":"REST"},{"floor":15,"key":"REST"},{"floor":23,"key":"REST"}],"neow_cost":"CURSE","seed_source_timestamp":28076389428828,"circlet_count":0,"master_deck":["Strike_R","Strike_R+1","Strike_R","Strike_R","Strike_R","Defend_R","Defend_R","Defend_R","Defend_R","Bash+1","Shame","Carnage","Perfected Strike+1","Bandage Up","Battle Trance","Pummel","Perfected Strike","Bludgeon","Madness","Armaments","Feed","Shrug It Off+1","Bloodletting+1","Iron Wave+1","Juggernaut","Flex+1"],"relics":["Burning Blood","Ice Cream","Oddly Smooth Stone","Regal Pillow","Mark of Pain","Whetstone"],"potions_floor_usage":[25,25],"damage_taken":[{"damage":6,"enemies":"Jaw Worm","floor":1,"turns":4},{"damage":1,"enemies":"Cultist","floor":2,"turns":3},{"damage":5,"enemies":"Small Slimes","floor":5,"turns":2},{"damage":42,"enemies":"3 Sentries","floor":8,"turns":9},{"damage":9,"enemies":"Red Slaver","floor":11,"turns":3},{"damage":15,"enemies":"Gremlin Gang","floor":12,"turns":5},{"damage":12,"enemies":"Exordium Wildlife","floor":14,"turns":3},{"damage":79,"enemies":"Hexaghost","floor":16,"turns":11},{"damage":16,"enemies":"Shell Parasite","floor":18,"turns":4},{"damage":38,"enemies":"3 Byrds","floor":20,"turns":7},{"damage":45,"enemies":"Snecko","floor":21,"turns":6},{"damage":42,"enemies":"Shelled Parasite and Fungi","floor":24,"turns":4},{"damage":31,"enemies":"Slavers","floor":25,"turns":3}],"seed_played":"4266709766955096487","potions_obtained":[{"floor":1,"key":"FearPotion"},{"floor":7,"key":"Strength Potion"},{"floor":7,"key":"FairyPotion"},{"floor":7,"key":"LiquidBronze"}],"is_trial":false,"path_per_floor":["M","M","?","$","M","R","?","E","T","R","M","M","$","M","R","B",null,"M","?","M","M","$","R","M","E"],"character_chosen":"IRONCLAD","items_purchased":["Bandage Up","Madness","Juggernaut","Whetstone"],"campfire_rested":3,"item_purchase_floors":[4,13,22,22],"current_hp_per_floor":[80,80,80,80,80,80,80,48,48,80,77,72,72,66,80,11,80,74,74,46,11,11,50,14,0],"gold":60,"neow_bonus":"ONE_RARE_RELIC","is_prod":false,"is_daily":false,"chose_seed":false,"campfire_upgraded":1,"win_rate":0.0,"timestamp":1545372739,"path_taken":["M","M","?","$","M","R","?","E","T","R","?","M","$","M","R","BOSS","M","?","?","M","$","R","?","E"],"build_version":"2018-12-20","purchased_purges":0,"victory":false,"max_hp_per_floor":[80,80,80,80,80,80,80,80,80,80,80,80,80,80,80,80,80,80,80,80,80,80,80,80,80],"card_choices":[{"not_picked":["Anger","Clash"],"picked":"Carnage","floor":1},{"not_picked":["Cleave","Anger"],"picked":"Perfected Strike","floor":2},{"not_picked":["Ghostly Armor","Cleave"],"picked":"Battle Trance","floor":5},{"not_picked":["Hemokinesis","Ghostly Armor"],"picked":"Pummel","floor":8},{"not_picked":["Clothesline","Body Slam"],"picked":"Perfected Strike","floor":11},{"not_picked":["Searing Blow","Anger"],"picked":"Bludgeon","floor":12},{"not_picked":["Iron Wave","Pommel Strike"],"picked":"Armaments","floor":14},{"not_picked":["Demon Form","Juggernaut"],"picked":"Feed","floor":16},{"not_picked":["Anger","Flex+1"],"picked":"Shrug It Off+1","floor":18},{"not_picked":["Shockwave","Entrench+1"],"picked":"Bloodletting+1","floor":20},{"not_picked":["Twin Strike+1","Clash"],"picked":"Iron Wave","floor":21},{"not_picked":["Rupture","Body Slam"],"picked":"Flex+1","floor":24}],"player_experience":1791,"relics_obtained":[{"floor":8,"key":"Oddly Smooth Stone"},{"floor":9,"key":"Regal Pillow"}],"event_choices":[{"damage_healed":0,"gold_gain":0,"player_choice":"Grow","damage_taken":0,"max_hp_gain":0,"max_hp_loss":0,"event_name":"Living Wall","floor":3,"gold_loss":0,"cards_upgraded":["Perfected Strike"]},{"damage_healed":0,"gold_gain":0,"player_choice":"Got Potions","damage_taken":0,"max_hp_gain":0,"max_hp_loss":0,"event_name":"Lab","floor":7,"gold_loss":0},{"damage_healed":0,"gold_gain":100,"player_choice":"Bet on Murderer","damage_taken":0,"max_hp_gain":0,"max_hp_loss":0,"event_name":"The Joust","floor":19,"gold_loss":50}],"is_beta":false,"boss_relics":[{"not_picked":["Cursed Key","Runic Cube"],"picked":"Mark of Pain"}],"items_purged_floors":[],"is_endless":false,"potions_floor_spawned":[1,8,12,14,18,20,24],"killed_by":"Slavers","ascension_level":0}