{"gold_per_floor":[112,129,148,168,182,217,234,261,261,275,29,29,49,49,49,144,144,164,184,184],"floor_reached":20,"playtime":765,"items_purged":[],"score":276,"play_id":"1009569f-c911-4bf3-8850-935c87c48020","local_time":"20190910151921","is_ascension_mode":true,"campfire_choices":[{"floor":12,"key":"REST"},{"floor":15,"key":"REST"}],"neow_cost":"NONE","seed_source_timestamp":338862898380500,"circlet_count":0,"master_deck":["Strike_R","Strike_R","Strike_R","Strike_R","Strike_R","Defend_R","Defend_R","Defend_R","Defend_R","Bash","Perfected Strike+1","Flex","Clothesline","Havoc","Battle Trance","Headbutt","Uppercut","Combust","Thunderclap","Perfected Strike","Demon Form","Shrug It Off+1","Perfected Strike"],"relics":["Black Blood","PreservedInsect","Pantograph","Blue Candle","Paper Frog"],"potions_floor_usage":[13,16,18,20,20],"damage_taken":[{"damage":6,"enemies":"Cultist","floor":1,"turns":3},{"damage":0,"enemies":"Small Slimes","floor":2,"turns":3},{"damage":0,"enemies":"2 Louse","floor":3,"turns":2},{"damage":24,"enemies":"Exordium Wildlife","floor":4,"turns":4},{"damage":37,"enemies":"Exordium Thugs","floor":5,"turns":5},{"damage":16,"enemies":"Gremlin Nob","floor":6,"turns":3},{"damage":0,"enemies":"3 Louse","floor":7,"turns":3},{"damage":20,"enemies":"3 Sentries","floor":8,"turns":7},{"damage":1,"enemies":"2 Fungi Beasts","floor":10,"turns":3},{"damage":17,"enemies":"Exordium Wildlife","floor":13,"turns":3},{"damage":56,"enemies":"The Guardian","floor":16,"turns":9},{"damage":21,"enemies":"3 Byrds","floor":18,"turns":3},{"damage":36,"enemies":"2 Thieves","floor":19,"turns":3},{"damage":32,"enemies":"Snake Plant","floor":20,"turns":2}],"seed_played":"-8060058425761391897","potions_obtained":[{"floor":1,"key":"Swift Potion"},{"floor":8,"key":"Fire Potion"},{"floor":10,"key":"LiquidBronze"},{"floor":13,"key":"Regen Potion"},{"floor":16,"key":"AttackPotion"}],"is_trial":false,"path_per_floor":["M","M","M","M","M","E","M","E","T","M","$","R","M","?","R","B",null,"M","M","M"],"character_chosen":"IRONCLAD","items_purchased":["Paper Frog"],"campfire_rested":2,"item_purchase_floors":[11],"current_hp_per_floor":[72,78,80,62,31,21,27,13,13,18,18,42,31,31,55,37,69,58,32,0],"gold":184,"neow_bonus":"RANDOM_COMMON_RELIC","is_prod":false,"is_daily":false,"chose_seed":false,"campfire_upgraded":0,"win_rate":0,"timestamp":1568143161,"path_taken":["M","M","M","M","M","E","M","E","T","M","?","R","?","?","R","BOSS","M","M","M"],"build_version":"2019-07-17","purchased_purges":0,"victory":false,"max_hp_per_floor":[80,80,80,80,80,80,80,80,80,80,80,80,80,80,80,80,80,80,80,80],"card_choices":[{"not_picked":["Cleave","Pommel Strike"],"picked":"Perfected Strike","floor":1},{"not_picked":["Clothesline","Clash"],"picked":"Flex","floor":2},{"not_picked":["Bloodletting","Cleave"],"picked":"Clothesline","floor":3},{"not_picked":["Second Wind","Sword Boomerang"],"picked":"Havoc","floor":4},{"not_picked":["Sword Boomerang","Iron Wave"],"picked":"Battle Trance","floor":5},{"not_picked":["Burning Pact","Intimidate"],"picked":"Headbutt","floor":6},{"not_picked":["Iron Wave","Cleave"],"picked":"Uppercut","floor":7},{"not_picked":["Disarm","Body Slam"],"picked":"Combust","floor":8},{"not_picked":["Juggernaut","Hemokinesis"],"picked":"Thunderclap","floor":10},{"not_picked":["Flex","Sever Soul"],"picked":"Perfected Strike","floor":13},{"not_picked":["Bludgeon","Immolate"],"picked":"Demon Form","floor":16},{"not_picked":["Sword Boomerang","Carnage"],"picked":"Shrug It Off+1","floor":18},{"not_picked":["Shrug It Off+1","Corruption+1"],"picked":"Perfected Strike","floor":19}],"player_experience":540807,"relics_obtained":[{"floor":6,"key":"Pantograph"},{"floor":8,"key":"Blue Candle"}],"event_choices":[{"damage_healed":0,"gold_gain":0,"player_choice":"Upgraded","damage_taken":0,"max_hp_gain":0,"max_hp_loss":0,"event_name":"Upgrade Shrine","floor":14,"gold_loss":0,"cards_upgraded":["Perfected Strike"]}],"is_beta":false,"boss_relics":[{"not_picked":["Fusion Hammer","Runic Dome"],"picked":"Black Blood"}],"items_purged_floors":[],"is_endless":false,"potions_floor_spawned":[1,8,10,13,16],"killed_by":"Snake Plant","ascension_level":9}