{"gold_per_floor":[111,111,111,127,142,142,175,190,236,255,270,287,299,326,326,422,422,432,443,10,24,36,36,48,48,48,48,64,64,92,92,92,192,192,203,214,229,229,78,111,126,126],"floor_reached":42,"playtime":1687,"items_purged":[],"score":633,"play_id":"1d89c9ff-8faa-41ca-a34b-beab86d7dfd9","local_time":"20181228220230","is_ascension_mode":true,"campfire_choices":[{"data":"Uppercut","floor":6,"key":"SMITH"},{"data":"Perfected Strike","floor":15,"key":"SMITH"},{"floor":23,"key":"REST"},{"floor":25,"key":"REST"},{"data":"Twin Strike","floor":29,"key":"SMITH"},{"floor":32,"key":"REST"}],"neow_cost":"NONE","seed_source_timestamp":708806572445864,"circlet_count":0,"master_deck":["Strike_R","Strike_R","Strike_R","Strike_R","Strike_R","Defend_R","Bash","Offering","Infernal Blade+1","Uppercut+1","Rampage","Cleave","Twin Strike+1","Pommel Strike","Uppercut","Sword Boomerang","Perfected Strike+1","Pommel Strike","Demon Form+1","Heavy Blade+1","Inflame+1","Flame Barrier+1","Headbutt+1","Sword Boomerang","Twin Strike","Fire Breathing+1","True Grit","Pommel Strike","Spot Weakness+1","Ghostly","Ghostly","Ghostly","Ghostly","Ghostly","Flex+1","Blood for Blood+1","Immolate+1","Twin Strike+1","Heavy Blade+1","Parasite","Hemokinesis+1","Chrysalis","Bandage Up","Jack Of All Trades","Pummel+1","Metamorphosis","Inflame+1","Wild Strike+1"],"relics":["Burning Blood","Frozen Egg 2","Bronze Scales","Astrolabe","Membership Card","Bottled Tornado","Incense Burner","Molten Egg 2","MutagenicStrength","Velvet Choker","Girya"],"potions_floor_usage":[7,14,19,22,30,40,40],"damage_taken":[{"damage":1,"enemies":"2 Louse","floor":1,"turns":3},{"damage":6,"enemies":"Jaw Worm","floor":4,"turns":2},{"damage":4,"enemies":"Cultist","floor":5,"turns":3},{"damage":18,"enemies":"Gremlin Nob","floor":7,"turns":3},{"damage":5,"enemies":"Exordium Thugs","floor":8,"turns":3},{"damage":4,"enemies":"Blue Slaver","floor":10,"turns":2},{"damage":9,"enemies":"2 Fungi Beasts","floor":11,"turns":2},{"damage":3,"enemies":"Looter","floor":12,"turns":2},{"damage":6,"enemies":"Large Slime","floor":13,"turns":4},{"damage":21,"enemies":"Lagavulin","floor":14,"turns":3},{"damage":29,"enemies":"Hexaghost","floor":16,"turns":7},{"damage":13,"enemies":"3 Byrds","floor":18,"turns":2},{"damage":39,"enemies":"2 Thieves","floor":19,"turns":3},{"damage":18,"enemies":"Cultist and Chosen","floor":21,"turns":4},{"damage":8,"enemies":"Snake Plant","floor":22,"turns":2},{"damage":30,"enemies":"Shelled Parasite and Fungi","floor":24,"turns":4},{"damage":1,"enemies":"Cultist and Chosen","floor":28,"turns":4},{"damage":25,"enemies":"Gremlin Leader","floor":30,"turns":5},{"damage":4,"enemies":"Champ","floor":33,"turns":8},{"damage":4,"enemies":"3 Darklings","floor":35,"turns":2},{"damage":16,"enemies":"Orb Walker","floor":36,"turns":2},{"damage":2,"enemies":"Writhing Mass","floor":37,"turns":3},{"damage":29,"enemies":"Giant Head","floor":40,"turns":6},{"damage":7,"enemies":"4 Shapes","floor":41,"turns":3},{"damage":10,"enemies":"Nemesis","floor":42,"turns":1}],"seed_played":"4068602270105231978","potions_obtained":[{"floor":1,"key":"Swift Potion"},{"floor":4,"key":"Energy Potion"},{"floor":8,"key":"Energy Potion"},{"floor":11,"key":"Poison Potion"},{"floor":13,"key":"FairyPotion"},{"floor":16,"key":"Swift Potion"},{"floor":21,"key":"AttackPotion"},{"floor":24,"key":"FearPotion"},{"floor":28,"key":"Fire Potion"},{"floor":30,"key":"SneckoOil"},{"floor":35,"key":"SteroidPotion"},{"floor":36,"key":"AttackPotion"},{"floor":40,"key":"Ancient Potion"}],"is_trial":false,"path_per_floor":["M","?","?","M","M","R","E","M","T","M","M","M","M","E","R","B",null,"M","M","$","M","M","R","M","R","T","?","M","R","E","?","R","B",null,"M","M","M","?","$","E","M","E"],"character_chosen":"IRONCLAD","items_purchased":["Twin Strike","Fire Breathing+1","Membership Card","Bottled Tornado","Pummel+1","Metamorphosis","Block Potion"],"campfire_rested":3,"item_purchase_floors":[20,20,20,20,39,39,39],"current_hp_per_floor":[80,80,80,80,80,80,68,69,69,71,68,71,71,56,56,33,68,61,28,28,16,14,38,14,38,38,38,40,40,21,21,33,35,39,40,30,34,24,24,10,9,0],"gold":126,"neow_bonus":"ONE_RANDOM_RARE_CARD","is_prod":false,"is_daily":false,"chose_seed":false,"campfire_upgraded":3,"win_rate":0,"timestamp":1546052550,"path_taken":["M","?","?","M","M","R","E","M","T","M","M","M","M","E","R","BOSS","M","M","$","M","M","R","M","R","T","?","M","R","E","?","R","BOSS","M","M","M","?","$","E","M","E"],"build_version":"2018-12-20","purchased_purges":0,"victory":false,"max_hp_per_floor":[80,80,80,80,80,80,80,80,80,80,80,80,80,80,80,80,80,80,80,80,80,80,80,80,80,80,40,40,40,40,40,40,40,40,40,40,40,40,40,40,40,40],"card_choices":[{"not_picked":["Cleave","Heavy Blade"],"picked":"Infernal Blade","floor":1},{"not_picked":["Second Wind","Evolve"],"picked":"Uppercut","floor":4},{"not_picked":["Thunderclap","Bloodletting"],"picked":"Rampage","floor":5},{"not_picked":["Armaments","Thunderclap"],"picked":"Cleave","floor":7},{"not_picked":["Berserk+1","Thunderclap"],"picked":"Twin Strike","floor":8},{"not_picked":["Second Wind","Entrench"],"picked":"Pommel Strike","floor":10},{"not_picked":["Second Wind","Armaments"],"picked":"Uppercut","floor":11},{"not_picked":["Uppercut","True Grit"],"picked":"Sword Boomerang","floor":12},{"not_picked":["Burning Pact","Power Through"],"picked":"Perfected Strike","floor":13},{"not_picked":["Hemokinesis","Offering"],"picked":"Pommel Strike","floor":14},{"not_picked":["Dark Embrace+1","Fiend Fire"],"picked":"Demon Form+1","floor":16},{"not_picked":["Reckless Charge","Warcry"],"picked":"Headbutt+1","floor":18},{"not_picked":["Second Wind+1","Headbutt"],"picked":"Sword Boomerang","floor":19},{"not_picked":["Warcry","Anger+1"],"picked":"True Grit","floor":21},{"not_picked":["Anger","Dropkick"],"picked":"Pommel Strike","floor":22},{"not_picked":["Flex","Cleave"],"picked":"Spot Weakness+1","floor":24},{"not_picked":["Headbutt","True Grit"],"picked":"Flex+1","floor":28},{"not_picked":["Searing Blow","Hemokinesis"],"picked":"Blood for Blood","floor":30},{"not_picked":["Offering","Reaper+1"],"picked":"Immolate+1","floor":33},{"not_picked":["Bloodletting","True Grit"],"picked":"Twin Strike+1","floor":35},{"not_picked":["Clash+1","Armaments+1"],"picked":"Heavy Blade+1","floor":36},{"not_picked":["Carnage+1","Iron Wave+1"],"picked":"Hemokinesis+1","floor":37},{"not_picked":["Madness","PanicButton"],"picked":"Chrysalis","floor":38},{"not_picked":["Forethought","Enlightenment"],"picked":"Bandage Up","floor":38},{"not_picked":["Trip","Madness"],"picked":"Jack Of All Trades","floor":38},{"not_picked":["Uppercut+1","Body Slam+1"],"picked":"Inflame+1","floor":40},{"not_picked":["Anger+1","Clash+1"],"picked":"Wild Strike+1","floor":41}],"player_experience":258037,"relics_obtained":[{"floor":7,"key":"Frozen Egg 2"},{"floor":14,"key":"Bronze Scales"},{"floor":26,"key":"Incense Burner"},{"floor":30,"key":"Molten Egg 2"},{"floor":40,"key":"Girya"}],"event_choices":[{"damage_healed":0,"gold_gain":0,"player_choice":"Grow","damage_taken":0,"max_hp_gain":0,"max_hp_loss":0,"event_name":"Living Wall","floor":2,"gold_loss":0,"cards_upgraded":["Infernal Blade"]},{"damage_healed":0,"gold_gain":0,"player_choice":"Ignored","damage_taken":0,"max_hp_gain":0,"max_hp_loss":0,"event_name":"Liars Game","floor":3,"gold_loss":0},{"damage_healed":0,"gold_gain":0,"player_choice":"Became a Ghost","damage_taken":0,"max_hp_gain":0,"max_hp_loss":40,"event_name":"Ghosts","floor":27,"gold_loss":0,"cards_obtained":["Ghostly","Ghostly","Ghostly","Ghostly","Ghostly"]},{"damage_healed":0,"gold_gain":0,"player_choice":"Inject Mutagens","damage_taken":0,"relics_obtained":["MutagenicStrength"],"max_hp_gain":0,"max_hp_loss":0,"event_name":"Drug Dealer","floor":31,"gold_loss":0},{"damage_healed":0,"gold_gain":0,"player_choice":"Memory 3","damage_taken":10,"max_hp_gain":0,"max_hp_loss":0,"event_name":"SensoryStone","floor":38,"gold_loss":0}],"is_beta":false,"boss_relics":[{"not_picked":["Mark of Pain","Runic Dome"],"picked":"Astrolabe"},{"not_picked":["Orrery","Coffee Dripper"],"picked":"Velvet Choker"}],"items_purged_floors":[],"is_endless":false,"potions_floor_spawned":[1,4,8,11,13,16,21,24,28,30,35,36,40],"killed_by":"Nemesis","ascension_level":5}