{"gold_per_floor":[109,109,124,139,204,239,255,274,274,274,76,93,123,90,90,90],"floor_reached":16,"playtime":1106,"items_purged":[],"score":154,"play_id":"d9d555e3-4685-473b-af3f-3d333027b3b0","local_time":"20190222213757","is_ascension_mode":true,"campfire_choices":[{"floor":10,"key":"REST"},{"floor":15,"key":"REST"}],"neow_cost":"NONE","seed_source_timestamp":810193550827613,"circlet_count":0,"master_deck":["Strike_R","Strike_R","Strike_R","Strike_R","Strike_R","Defend_R","Defend_R","Defend_R","Defend_R","Bash","Heavy Blade","Twin Strike","Sword Boomerang","Whirlwind","Power Through","Cleave","Bandage Up","Reaper","True Grit","Clothesline","Headbutt"],"relics":["Burning Blood","Gambling Chip","Blood Vial","Dream Catcher"],"potions_floor_usage":[8,8,13],"damage_taken":[{"damage":13,"enemies":"2 Louse","floor":1,"turns":3},{"damage":1,"enemies":"Cultist","floor":3,"turns":3},{"damage":11,"enemies":"Small Slimes","floor":4,"turns":4},{"damage":44,"enemies":"Lagavulin","floor":6,"turns":7},{"damage":12,"enemies":"Looter","floor":7,"turns":3},{"damage":18,"enemies":"Large Slime","floor":8,"turns":5},{"damage":18,"enemies":"3 Louse","floor":12,"turns":2},{"damage":25,"enemies":"3 Sentries","floor":13,"turns":7},{"damage":13,"enemies":"Exordium Thugs","floor":14,"turns":5},{"damage":82,"enemies":"Slime Boss","floor":16,"turns":12}],"seed_played":"-2417673796108334755","potions_obtained":[{"floor":4,"key":"Explosive Potion"},{"floor":7,"key":"SpeedPotion"},{"floor":12,"key":"Swift Potion"}],"is_trial":false,"path_per_floor":["M","?","M","M","?","E","M","M","T","R","$","M","E","M","R","B"],"character_chosen":"IRONCLAD","items_purchased":["FairyPotion","Bandage Up"],"campfire_rested":2,"item_purchase_floors":[11,11],"current_hp_per_floor":[73,65,70,65,65,27,21,9,9,35,35,29,28,35,61,0],"gold":90,"neow_bonus":"TEN_PERCENT_HP_BONUS","is_prod":false,"is_daily":false,"chose_seed":false,"campfire_upgraded":0,"win_rate":0,"timestamp":1550889477,"path_taken":["M","?","M","?","?","E","M","M","T","R","$","M","E","M","R","BOSS"],"build_version":"2019-01-23","purchased_purges":0,"victory":false,"max_hp_per_floor":[88,88,88,88,88,88,88,88,88,88,88,88,88,88,88,88],"card_choices":[{"not_picked":["Perfected Strike","Clash"],"picked":"Heavy Blade","floor":1},{"not_picked":["Perfected Strike","Spot Weakness"],"picked":"Twin Strike","floor":3},{"not_picked":["Wild Strike","Hemokinesis"],"picked":"Sword Boomerang","floor":4},{"not_picked":["Brutality","Feel No Pain"],"picked":"Whirlwind","floor":6},{"not_picked":["Shockwave","Armaments"],"picked":"Power Through","floor":7},{"not_picked":["Heavy Blade","Pommel Strike"],"picked":"Cleave","floor":8},{"not_picked":["Metallicize","Havoc"],"picked":"Reaper","floor":12},{"not_picked":["Rampage","Thunderclap"],"picked":"True Grit","floor":13},{"not_picked":["Perfected Strike","Iron Wave"],"picked":"Clothesline","floor":14},{"not_picked":["Limit Break","Pommel Strike"],"picked":"Headbutt","floor":15}],"player_experience":471611,"relics_obtained":[{"floor":6,"key":"Gambling Chip"},{"floor":9,"key":"Blood Vial"},{"floor":13,"key":"Dream Catcher"}],"event_choices":[{"damage_healed":0,"gold_gain":0,"player_choice":"Damaged","damage_taken":8,"max_hp_gain":0,"max_hp_loss":0,"event_name":"Wheel of Change","floor":2,"gold_loss":0},{"damage_healed":0,"gold_gain":65,"player_choice":"Gained Gold","damage_taken":0,"max_hp_gain":0,"max_hp_loss":0,"event_name":"Golden Wing","floor":5,"gold_loss":0}],"is_beta":false,"boss_relics":[],"items_purged_floors":[],"is_endless":false,"potions_floor_spawned":[4,7,12],"killed_by":"Slime Boss","ascension_level":7}