{"gold_per_floor":[119,119,136,42,56,81,81,95,95,95,158,170,201,218,218,323,323,338,17,17,30,30,30,40,40,90,90],"floor_reached":27,"playtime":2393,"items_purged":[],"score":234,"play_id":"e5efdf79-0e55-43a5-889e-5f8e10c397ef","local_time":"20181227004151","is_ascension_mode":true,"campfire_choices":[{"data":"Predator","floor":7,"key":"SMITH"},{"data":"Predator","floor":10,"key":"SMITH"},{"floor":15,"key":"DIG"},{"floor":23,"key":"DIG"},{"floor":25,"key":"REST"}],"neow_cost":"NONE","seed_source_timestamp":544863794029923,"circlet_count":0,"master_deck":["Defend_G","Defend_G","Defend_G","Defend_G","Defend_G","Strike_G","Strike_G","Strike_G","Strike_G","Strike_G","Survivor","Neutralize","Deep Breath","Sucker Punch","Predator+1","Madness","Predator+1","Predator","Die Die Die","Prepared","Outmaneuver","Reflex","Blur","Glass Knife","Underhanded Strike","Apotheosis","Dagger Throw","Noxious Fumes","RitualDagger","Distraction+1","Backstab"],"relics":["Ring of the Snake","Turnip","Tough Bandages","Shovel","Orichalcum","Happy Flower","Black Star","Frozen Egg 2"],"potions_floor_usage":[6,6,11,13,13,13,13,16,16,16],"damage_taken":[{"damage":1,"enemies":"Jaw Worm","floor":1,"turns":7},{"damage":1,"enemies":"Cultist","floor":3,"turns":4},{"damage":1,"enemies":"2 Louse","floor":5,"turns":2},{"damage":14,"enemies":"Gremlin Nob","floor":6,"turns":4},{"damage":0,"enemies":"Large Slime","floor":8,"turns":4},{"damage":16,"enemies":"Lagavulin Event","floor":11,"turns":4},{"damage":1,"enemies":"Red Slaver","floor":12,"turns":2},{"damage":16,"enemies":"Lagavulin","floor":13,"turns":4},{"damage":8,"enemies":"Lots of Slimes","floor":14,"turns":3},{"damage":7,"enemies":"Slime Boss","floor":16,"turns":12},{"damage":8,"enemies":"Chosen","floor":18,"turns":6},{"damage":25,"enemies":"2 Thieves","floor":21,"turns":4},{"damage":16,"enemies":"Centurion and Healer","floor":24,"turns":6},{"damage":34,"enemies":"3 Cultists","floor":27,"turns":6}],"seed_played":"-5897875061392726945","potions_obtained":[{"floor":2,"key":"SkillPotion"},{"floor":2,"key":"PowerPotion"},{"floor":2,"key":"FearPotion"},{"floor":6,"key":"LiquidBronze"},{"floor":11,"key":"EntropicBrew"},{"floor":12,"key":"Ancient Potion"},{"floor":14,"key":"Explosive Potion"}],"is_trial":false,"path_per_floor":["M","?","M","$","M","E","R","M","T","R","?","M","E","M","R","B",null,"M","$","?","M","?","R","M","R","T","M"],"character_chosen":"THE_SILENT","items_purchased":["Madness","Apotheosis","Dagger Throw","Noxious Fumes"],"campfire_rested":1,"item_purchase_floors":[4,19,19,19],"current_hp_per_floor":[69,69,68,68,67,53,53,53,53,53,37,36,20,12,12,5,70,62,62,56,31,24,24,8,29,29,0],"gold":90,"neow_bonus":"RANDOM_COLORLESS","is_prod":false,"is_daily":false,"chose_seed":false,"campfire_upgraded":2,"win_rate":0,"timestamp":1545889311,"path_taken":["M","?","M","?","?","E","R","M","T","R","?","M","E","M","R","BOSS","M","$","?","M","?","R","M","R","T","M"],"build_version":"2018-12-20","purchased_purges":0,"victory":false,"max_hp_per_floor":[70,70,70,70,70,70,70,70,70,70,70,70,70,70,70,70,70,70,70,70,70,70,70,70,70,70,70],"card_choices":[{"not_picked":["Poisoned Stab","Dagger Spray"],"picked":"Sucker Punch","floor":1},{"not_picked":["Deflect","A Thousand Cuts"],"picked":"Predator","floor":3},{"not_picked":["Dagger Spray","Dodge and Roll"],"picked":"Predator","floor":5},{"not_picked":["Skewer","Blade Dance"],"picked":"Predator","floor":6},{"not_picked":["Endless Agony","Cloak And Dagger"],"picked":"Die Die Die","floor":8},{"not_picked":["Predator","Poisoned Stab"],"picked":"Prepared","floor":11},{"not_picked":["Poisoned Stab","Quick Slash"],"picked":"Outmaneuver","floor":12},{"not_picked":["Setup","Dodge and Roll"],"picked":"Reflex","floor":13},{"not_picked":["Bane","Acrobatics"],"picked":"Blur","floor":14},{"not_picked":["Grand Finale","A Thousand Cuts"],"picked":"Glass Knife","floor":16},{"not_picked":["Slice","Outmaneuver+1"],"picked":"Underhanded Strike","floor":18},{"not_picked":["All Out Attack+1","Underhanded Strike"],"picked":"Distraction+1","floor":21},{"not_picked":["Bane+1","Slice"],"picked":"Backstab","floor":24}],"player_experience":195244,"relics_obtained":[{"floor":6,"key":"Turnip"},{"floor":9,"key":"Tough Bandages"},{"floor":13,"key":"Orichalcum"},{"floor":15,"key":"Happy Flower"},{"floor":23,"key":"Frozen Egg 2"}],"event_choices":[{"damage_healed":0,"gold_gain":0,"player_choice":"Got Potions","damage_taken":0,"max_hp_gain":0,"max_hp_loss":0,"event_name":"Lab","floor":2,"gold_loss":0},{"damage_healed":0,"gold_gain":0,"player_choice":"Searched \u00272\u0027 times","damage_taken":0,"relics_obtained":["Shovel"],"max_hp_gain":0,"max_hp_loss":0,"event_name":"Dead Adventurer","floor":11,"gold_loss":0},{"damage_healed":0,"gold_gain":0,"player_choice":"Joined the Cult","damage_taken":6,"max_hp_gain":0,"max_hp_loss":0,"event_name":"Nest","floor":20,"gold_loss":0,"cards_obtained":["RitualDagger"]},{"damage_healed":0,"gold_gain":0,"player_choice":"Damaged","damage_taken":7,"max_hp_gain":0,"max_hp_loss":0,"event_name":"Wheel of Change","floor":22,"gold_loss":0}],"is_beta":false,"boss_relics":[{"not_picked":["Ring of the Serpent","Busted Crown"],"picked":"Black Star"}],"items_purged_floors":[],"is_endless":false,"potions_floor_spawned":[6,11,12,14],"killed_by":"3 Cultists","ascension_level":1}