{"gold_per_floor":[146,146,146,161,161,161,177,189,189,214,214,214,214,231,231,231],"floor_reached":16,"playtime":1008,"items_purged":[],"score":115,"play_id":"2014f694-e367-4b82-af16-e10d42f30ab0","local_time":"20190101170422","is_ascension_mode":true,"campfire_choices":[{"floor":6,"key":"REST"},{"floor":11,"key":"REST"},{"floor":13,"key":"REST"},{"data":"Footwork","floor":15,"key":"SMITH"}],"neow_cost":"NONE","seed_source_timestamp":258444860214401,"circlet_count":0,"master_deck":["Defend_G","Defend_G","Defend_G","Defend_G","Defend_G+1","Strike_G","Strike_G","Strike_G","Strike_G","Strike_G+1","Survivor","Neutralize","Sucker Punch","Footwork+1","Infinite Blades","Deflect","Corpse Explosion","Discovery","Neutralize","Bouncing Flask"],"relics":["Ring of the Snake","Tiny Chest","Blood Vial","Omamori","PreservedInsect"],"potions_floor_usage":[10,16],"damage_taken":[{"damage":3,"enemies":"Cultist","floor":1,"turns":4},{"damage":0,"enemies":"2 Louse","floor":4,"turns":3},{"damage":0,"enemies":"Small Slimes","floor":7,"turns":3},{"damage":0,"enemies":"2 Fungi Beasts","floor":8,"turns":5},{"damage":57,"enemies":"3 Sentries","floor":10,"turns":10},{"damage":2,"enemies":"Lots of Slimes","floor":14,"turns":3},{"damage":54,"enemies":"Slime Boss","floor":16,"turns":8}],"seed_played":"7290263617596193414","potions_obtained":[{"floor":1,"key":"Weak Potion"},{"floor":8,"key":"Energy Potion"},{"floor":10,"key":"Ancient Potion"}],"is_trial":false,"path_per_floor":["M","T","?","M","?","R","M","M","T","E","R","?","R","M","R","B"],"character_chosen":"THE_SILENT","items_purchased":[],"campfire_rested":3,"item_purchase_floors":[],"current_hp_per_floor":[67,67,53,55,37,58,60,62,62,7,28,28,49,49,49,0],"gold":231,"neow_bonus":"RANDOM_COMMON_RELIC","is_prod":false,"is_daily":false,"chose_seed":false,"campfire_upgraded":1,"win_rate":0,"timestamp":1546380262,"path_taken":["M","?","?","M","?","R","M","M","T","E","R","?","R","M","R","BOSS"],"build_version":"2018-12-20","purchased_purges":0,"victory":false,"max_hp_per_floor":[70,70,70,70,70,70,70,70,70,70,70,70,70,70,70,70],"card_choices":[{"not_picked":["Flying Knee","Underhanded Strike"],"picked":"Sucker Punch","floor":1},{"not_picked":["Quick Slash","PiercingWail"],"picked":"Footwork","floor":4},{"not_picked":["PiercingWail","Sucker Punch"],"picked":"Infinite Blades","floor":7},{"not_picked":["Deadly Poison","Underhanded Strike"],"picked":"Deflect","floor":8},{"not_picked":["Choke","Backflip"],"picked":"Corpse Explosion","floor":10},{"not_picked":["Outmaneuver","Dagger Spray"],"picked":"Bouncing Flask","floor":14}],"player_experience":316014,"relics_obtained":[{"floor":2,"key":"Blood Vial"},{"floor":10,"key":"PreservedInsect"}],"event_choices":[{"damage_healed":0,"gold_gain":0,"player_choice":"Entered Light","damage_taken":14,"max_hp_gain":0,"max_hp_loss":0,"event_name":"Shining Light","floor":3,"gold_loss":0,"cards_upgraded":["Defend_G","Strike_G"]},{"damage_healed":0,"gold_gain":0,"player_choice":"Success","damage_taken":18,"relics_obtained":["Omamori"],"max_hp_gain":0,"max_hp_loss":0,"event_name":"Scrap Ooze","floor":5,"gold_loss":0},{"damage_healed":0,"gold_gain":0,"player_choice":"2 cards matched","damage_taken":0,"max_hp_gain":0,"max_hp_loss":0,"event_name":"Match and Keep!","floor":12,"gold_loss":0,"cards_obtained":["Discovery","Neutralize"]}],"is_beta":false,"boss_relics":[],"items_purged_floors":[],"is_endless":false,"potions_floor_spawned":[1,8,10],"killed_by":"Slime Boss","ascension_level":3}