{"gold_per_floor":[118,118,138,313,313,313,327,355,436,447,332,232,232,246,246,343,343,354,354,364,364,364,364],"floor_reached":23,"playtime":1193,"items_purged":["Doubt","Strike_B"],"score":242,"play_id":"c5dbbf19-793f-4ccd-a4fc-22574019a22a","local_time":"20190419171341","is_ascension_mode":true,"campfire_choices":[{"data":"Zap","floor":6,"key":"SMITH"},{"data":"Sunder","floor":13,"key":"SMITH"},{"data":"Dualcast","floor":15,"key":"SMITH"}],"neow_cost":"TEN_PERCENT_HP_LOSS","seed_source_timestamp":12607966269954,"circlet_count":0,"master_deck":["Strike_B","Strike_B","Defend_B","Defend_B","Defend_B","Zap+1","Dualcast+1","Storm","BootSequence","Sunder+1","Self Repair+1","Creative AI+1","Capacitor+1","Ghostly","Ghostly","Ghostly","Ghostly","Ghostly"],"relics":["Cracked Core","Blood Vial","Frozen Egg 2","Bottled Flame","Philosopher\u0027s Stone","Nilry\u0027s Codex"],"potions_floor_usage":[8,10,20,20,23],"damage_taken":[{"damage":0,"enemies":"Jaw Worm","floor":1,"turns":4},{"damage":2,"enemies":"Small Slimes","floor":3,"turns":3},{"damage":0,"enemies":"Cultist","floor":7,"turns":3},{"damage":30,"enemies":"Lagavulin","floor":8,"turns":7},{"damage":4,"enemies":"Exordium Thugs","floor":10,"turns":4},{"damage":0,"enemies":"2 Fungi Beasts","floor":14,"turns":2},{"damage":36,"enemies":"Hexaghost","floor":16,"turns":9},{"damage":0,"enemies":"Chosen","floor":18,"turns":3},{"damage":45,"enemies":"3 Byrds","floor":20,"turns":5},{"damage":29,"enemies":"Gremlin Leader","floor":23,"turns":6}],"seed_played":"2251476346907903795","potions_obtained":[{"floor":7,"key":"Energy Potion"},{"floor":8,"key":"Fire Potion"},{"floor":16,"key":"Block Potion"},{"floor":18,"key":"Block Potion"},{"floor":20,"key":"Strength Potion"}],"is_trial":false,"path_per_floor":["M","?","M","?","?","R","M","E","T","M","$","$","R","M","R","B",null,"M","?","M","?","?","E"],"character_chosen":"DEFECT","items_purchased":["Self Repair+1"],"campfire_rested":0,"item_purchase_floors":[11],"current_hp_per_floor":[68,68,66,66,59,59,61,33,33,31,31,31,31,43,43,19,68,68,68,33,33,17,0],"gold":364,"neow_bonus":"REMOVE_TWO","is_prod":false,"is_daily":false,"chose_seed":false,"campfire_upgraded":3,"win_rate":0,"timestamp":1555690421,"path_taken":["M","?","M","?","?","R","M","E","T","M","?","$","R","M","R","BOSS","M","?","M","?","?","E"],"build_version":"2019-01-23","purchased_purges":2,"victory":false,"max_hp_per_floor":[68,68,68,68,68,68,68,68,68,68,68,68,68,68,68,68,68,68,68,68,34,34,34],"card_choices":[{"not_picked":["Beam Cell","Leap"],"picked":"Storm","floor":1},{"not_picked":["Scrape","Recycle"],"picked":"BootSequence","floor":3},{"not_picked":["Compile Driver","Chill"],"picked":"Sunder","floor":7},{"not_picked":["Streamline","Beam Cell","Hologram"],"picked":"SKIP","floor":8},{"not_picked":["Streamline","Aggregate","Lockon"],"picked":"SKIP","floor":10},{"not_picked":["Turbo","Beam Cell","Gash"],"picked":"SKIP","floor":14},{"not_picked":["Thunder Strike","Machine Learning+1"],"picked":"Creative AI+1","floor":16},{"not_picked":["Reinforced Body","Sweeping Beam+1"],"picked":"Capacitor+1","floor":18},{"not_picked":["Ball Lightning+1","Darkness+1","Turbo"],"picked":"SKIP","floor":20}],"player_experience":184747,"relics_obtained":[{"floor":8,"key":"Frozen Egg 2"},{"floor":9,"key":"Bottled Flame"},{"floor":22,"key":"Nilry\u0027s Codex"}],"event_choices":[{"damage_healed":0,"gold_gain":0,"player_choice":"Box","damage_taken":0,"relics_obtained":["Blood Vial"],"max_hp_gain":0,"max_hp_loss":0,"event_name":"Big Fish","floor":2,"gold_loss":0,"cards_obtained":["Regret"]},{"damage_healed":0,"gold_gain":175,"player_choice":"AGREE","damage_taken":0,"max_hp_gain":0,"max_hp_loss":0,"event_name":"Liars Game","floor":4,"gold_loss":0,"cards_obtained":["Doubt"]},{"cards_removed":["Regret"],"damage_healed":0,"gold_gain":0,"player_choice":"Card Removal","damage_taken":7,"max_hp_gain":0,"max_hp_loss":0,"event_name":"Golden Wing","floor":5,"gold_loss":0},{"damage_healed":0,"gold_gain":0,"player_choice":"Ignored","damage_taken":0,"max_hp_gain":0,"max_hp_loss":0,"event_name":"Vampires","floor":19,"gold_loss":0},{"damage_healed":0,"gold_gain":0,"player_choice":"Became a Ghost","damage_taken":0,"max_hp_gain":0,"max_hp_loss":34,"event_name":"Ghosts","floor":21,"gold_loss":0,"cards_obtained":["Ghostly","Ghostly","Ghostly","Ghostly","Ghostly"]},{"damage_healed":0,"gold_gain":0,"player_choice":"Obtained Book","damage_taken":16,"max_hp_gain":0,"max_hp_loss":0,"event_name":"Cursed Tome","floor":22,"gold_loss":0}],"is_beta":false,"boss_relics":[{"not_picked":["Snecko Eye","Empty Cage"],"picked":"Philosopher\u0027s Stone"}],"items_purged_floors":[11,12],"is_endless":false,"potions_floor_spawned":[7,8,16,18,20],"killed_by":"Gremlin Leader","ascension_level":3}