{"gold_per_floor":[117,133,152,152,175,175,205,62,62,72,90,103,103,116,116,220,220,230,250,264,264,280,310,310,336,359,389,405,35,69,86,86,185,185,200,218,264,364,364,364,396,406,406,406,421,452,185,196,196,196],"floor_reached":50,"playtime":2569,"items_purged":["Pain","Writhe"],"score":1013,"play_id":"23350f34-767e-4484-ba85-eb3819e7cd85","local_time":"20190921175546","is_ascension_mode":true,"campfire_choices":[{"data":"Corruption","floor":6,"key":"SMITH"},{"data":"Reaper","floor":13,"key":"SMITH"},{"data":"Dropkick","floor":15,"key":"SMITH"},{"floor":24,"key":"REST"},{"data":"Bludgeon","floor":32,"key":"SMITH"},{"floor":40,"key":"REST"},{"floor":44,"key":"REST"},{"floor":49,"key":"RECALL"}],"neow_cost":"NONE","seed_source_timestamp":343040504301600,"circlet_count":0,"master_deck":["AscendersBane","Strike_R","Strike_R","Strike_R","Strike_R","Strike_R","Defend_R","Defend_R","Defend_R","Defend_R","Bash","Inflame","Metallicize","Inflame","Corruption+1","Flex","Reaper+1","Clothesline","Flex","Sword Boomerang","Dropkick+1","Bludgeon+1","Carnage","Sword Boomerang","Heavy Blade","Inflame+1","Heavy Blade","Thunderclap","Clothesline","Heavy Blade","Immolate","Immolate","Heavy Blade+1","Demon Form","Carnage","Metallicize","Inflame","Rage","Perfected Strike","Clothesline","Armaments","Pommel Strike+1","Dropkick","HandOfGreed","Heavy Blade"],"relics":["Burning Blood","Bag of Marbles","Gremlin Horn","Strawberry","Snecko Eye","WarpedTongs","Bottled Tornado","Blood Vial","Question Card","Happy Flower","Smiling Mask","Lizard Tail","Du-Vu Doll","StoneCalendar","Bronze Scales","Kunai","Darkstone Periapt"],"potions_floor_usage":[16,16,20,23,33,33,50],"damage_taken":[{"damage":0,"enemies":"2 Louse","floor":1,"turns":3},{"damage":2,"enemies":"Jaw Worm","floor":2,"turns":5},{"damage":11,"enemies":"Cultist","floor":3,"turns":4},{"damage":30,"enemies":"Gremlin Nob","floor":7,"turns":4},{"damage":36,"enemies":"Exordium Wildlife","floor":10,"turns":6},{"damage":0,"enemies":"Gremlin Gang","floor":11,"turns":3},{"damage":12,"enemies":"2 Fungi Beasts","floor":12,"turns":4},{"damage":17,"enemies":"Large Slime","floor":14,"turns":6},{"damage":54,"enemies":"Hexaghost","floor":16,"turns":9},{"damage":7,"enemies":"2 Thieves","floor":18,"turns":3},{"damage":0,"enemies":"Shell Parasite","floor":19,"turns":1},{"damage":18,"enemies":"Centurion and Healer","floor":20,"turns":4},{"damage":0,"enemies":"Snecko","floor":22,"turns":2},{"damage":27,"enemies":"Gremlin Leader","floor":23,"turns":5},{"damage":35,"enemies":"Slavers","floor":25,"turns":4},{"damage":34,"enemies":"Gremlin Leader","floor":27,"turns":4},{"damage":4,"enemies":"Sentry and Sphere","floor":28,"turns":2},{"damage":31,"enemies":"Slavers","floor":30,"turns":4},{"damage":14,"enemies":"Centurion and Healer","floor":31,"turns":2},{"damage":64,"enemies":"Champ","floor":33,"turns":6},{"damage":16,"enemies":"3 Shapes","floor":35,"turns":2},{"damage":41,"enemies":"Orb Walker","floor":36,"turns":4},{"damage":11,"enemies":"2 Orb Walkers","floor":37,"turns":2},{"damage":11,"enemies":"Mind Bloom Boss Battle","floor":38,"turns":3},{"damage":42,"enemies":"Giant Head","floor":41,"turns":6},{"damage":24,"enemies":"Writhing Mass","floor":42,"turns":3},{"damage":36,"enemies":"Spire Growth","floor":45,"turns":4},{"damage":5,"enemies":"Reptomancer","floor":46,"turns":5},{"damage":2,"enemies":"Transient","floor":48,"turns":5},{"damage":122,"enemies":"Awakened One","floor":50,"turns":6}],"seed_played":"-927740469258455937","potions_obtained":[{"floor":2,"key":"Poison Potion"},{"floor":7,"key":"Strength Potion"},{"floor":18,"key":"Fire Potion"},{"floor":22,"key":"Swift Potion"},{"floor":28,"key":"Poison Potion"},{"floor":30,"key":"EssenceOfSteel"},{"floor":37,"key":"Fire Potion"},{"floor":41,"key":"Explosive Potion"}],"is_trial":false,"path_per_floor":["M","M","M","?","T","R","E","$","T","M","M","M","R","M","R","B",null,"M","M","M","?","M","E","R","E","T","E","M","$","E","M","R","B",null,"M","M","?","?","?","R","E","M","T","R","M","E","$","M","R","B"],"character_chosen":"IRONCLAD","items_purchased":["Reaper","Happy Flower","Immolate","Dropkick","HandOfGreed"],"campfire_rested":3,"item_purchase_floors":[8,29,29,47,47],"current_hp_per_floor":[78,80,75,75,75,75,51,51,58,32,85,82,82,76,76,41,76,87,87,75,75,81,60,86,69,69,61,65,65,62,65,65,20,70,62,29,26,23,45,71,37,21,21,47,29,60,60,66,66,0],"gold":196,"neow_bonus":"THREE_CARDS","is_prod":false,"is_daily":false,"chose_seed":false,"campfire_upgraded":4,"win_rate":0,"timestamp":1569102946,"path_taken":["M","M","M","?","?","R","E","$","T","M","?","M","R","M","R","BOSS","M","M","M","?","?","E","R","E","T","E","M","$","E","M","R","BOSS","M","?","?","?","?","R","E","M","T","R","M","E","$","M","R","BOSS"],"build_version":"2019-07-17","purchased_purges":2,"victory":false,"max_hp_per_floor":[80,80,80,80,80,80,80,80,87,87,87,87,87,87,87,87,87,87,87,87,87,87,87,87,87,87,87,87,87,87,87,87,87,87,87,87,87,87,87,87,87,87,87,87,87,87,87,87,87,87],"card_choices":[{"not_picked":["Searing Blow","Armaments"],"picked":"Inflame","floor":0},{"not_picked":["Anger","Power Through"],"picked":"Metallicize","floor":1},{"not_picked":["Havoc","Flex"],"picked":"Inflame","floor":2},{"not_picked":["Whirlwind","True Grit"],"picked":"Corruption","floor":3},{"not_picked":["Warcry","Body Slam"],"picked":"Flex","floor":7},{"not_picked":["Havoc","Juggernaut"],"picked":"Clothesline","floor":10},{"not_picked":["Wild Strike","Fire Breathing"],"picked":"Flex","floor":11},{"not_picked":["Anger","Havoc"],"picked":"Sword Boomerang","floor":12},{"not_picked":["Battle Trance","Armaments"],"picked":"Dropkick","floor":14},{"not_picked":["Dark Embrace","Fiend Fire"],"picked":"Bludgeon","floor":16},{"not_picked":["Armaments","Second Wind"],"picked":"Carnage","floor":18},{"not_picked":["Intimidate","Rupture"],"picked":"Sword Boomerang","floor":19},{"not_picked":["Twin Strike","Rupture"],"picked":"Heavy Blade","floor":20},{"not_picked":["Power Through","Battle Trance"],"picked":"Inflame+1","floor":22},{"not_picked":["Iron Wave","Power Through"],"picked":"Heavy Blade","floor":23},{"not_picked":["Cleave","Havoc"],"picked":"Thunderclap","floor":25},{"not_picked":["Clash","Ghostly Armor"],"picked":"Clothesline","floor":27},{"not_picked":["Exhume","Headbutt","Clash"],"picked":"Heavy Blade","floor":28},{"not_picked":["Blood for Blood","Cleave","Flex"],"picked":"Immolate","floor":30},{"not_picked":["Flex","Anger","Battle Trance"],"picked":"Heavy Blade+1","floor":31},{"not_picked":["Feed","Fiend Fire","Exhume"],"picked":"Demon Form","floor":33},{"not_picked":["Power Through+1","True Grit","Wild Strike"],"picked":"Carnage","floor":35},{"not_picked":["Armaments","Shrug It Off","Wild Strike+1"],"picked":"Metallicize","floor":36},{"not_picked":["Havoc","Feel No Pain","Cleave"],"picked":"Inflame","floor":37},{"not_picked":["Anger","Whirlwind","Flex+1"],"picked":"Rage","floor":38},{"not_picked":["Cleave","Anger","Juggernaut"],"picked":"Perfected Strike","floor":41},{"not_picked":["Sentinel","Clash+1","Thunderclap"],"picked":"Clothesline","floor":42},{"not_picked":["Iron Wave","Hemokinesis","Seeing Red+1"],"picked":"Armaments","floor":45},{"not_picked":["Body Slam","Rupture","Evolve"],"picked":"Pommel Strike+1","floor":46},{"not_picked":["Perfected Strike","Warcry+1","True Grit"],"picked":"Heavy Blade","floor":48}],"player_experience":690903,"relics_obtained":[{"floor":5,"key":"Bag of Marbles"},{"floor":7,"key":"Gremlin Horn"},{"floor":9,"key":"Strawberry"},{"floor":23,"key":"Bottled Tornado"},{"floor":25,"key":"Blood Vial"},{"floor":27,"key":"Question Card"},{"floor":30,"key":"Smiling Mask"},{"floor":37,"key":"Du-Vu Doll"},{"floor":38,"key":"StoneCalendar"},{"floor":41,"key":"Bronze Scales"},{"floor":43,"key":"Kunai"},{"floor":46,"key":"Darkstone Periapt"}],"event_choices":[{"damage_healed":0,"gold_gain":0,"player_choice":"Leave","damage_taken":0,"max_hp_gain":0,"max_hp_loss":0,"event_name":"The Cleric","floor":4,"gold_loss":0},{"damage_healed":0,"gold_gain":0,"player_choice":"Rummage","damage_taken":0,"relics_obtained":["WarpedTongs"],"max_hp_gain":0,"max_hp_loss":0,"event_name":"Accursed Blacksmith","floor":21,"gold_loss":0,"cards_obtained":["Pain"]},{"damage_healed":0,"gold_gain":0,"player_choice":"Fight","damage_taken":0,"max_hp_gain":0,"max_hp_loss":0,"event_name":"Mysterious Sphere","floor":37,"gold_loss":0},{"damage_healed":0,"gold_gain":0,"player_choice":"Fight","damage_taken":0,"max_hp_gain":0,"max_hp_loss":0,"event_name":"MindBloom","floor":38,"gold_loss":0},{"damage_healed":22,"gold_gain":0,"player_choice":"Writhe","damage_taken":0,"max_hp_gain":0,"max_hp_loss":0,"event_name":"Winding Halls","floor":39,"gold_loss":0,"cards_obtained":["Writhe"]}],"is_beta":false,"boss_relics":[{"not_picked":["Tiny House","Busted Crown"],"picked":"Snecko Eye"},{"not_picked":["Black Star","Pandora\u0027s Box"],"picked":"Lizard Tail"}],"items_purged_floors":[29,47],"is_endless":false,"potions_floor_spawned":[2,7,10,18,22,28,30,31,37,41,45],"killed_by":"Awakened One","ascension_level":12}