{"gold_per_floor":[114,133,133,144,161,191,191,209,209,209,24,34,45,74,74,174,174,184,200,214,12,12,12,38,12,84,97,97,112,112,122,122,122],"floor_reached":33,"playtime":1931,"items_purged":[],"score":461,"play_id":"e9233d1c-7a62-4e97-a32a-5540de83a4e9","local_time":"20190930193451","is_ascension_mode":true,"campfire_choices":[{"floor":7,"key":"REST"},{"floor":10,"key":"REST"},{"floor":15,"key":"REST"},{"floor":23,"key":"REST"},{"floor":28,"key":"REST"},{"floor":30,"key":"REST"},{"floor":32,"key":"REST"}],"neow_cost":"NONE","seed_source_timestamp":1127232518582200,"circlet_count":0,"master_deck":["AscendersBane","Strike_B","Strike_B","Strike_B","Strike_B","Defend_B","Defend_B","Defend_B","Defend_B","Zap","Dualcast","Barrage","Cold Snap","Barrage","Heatsinks","Coolheaded","Hello World","Gash","Glacier","Stack","Conserve Battery","Reboot","Hello World","Compile Driver+1","Capacitor","Gash","Capacitor","Ball Lightning","Lockon","Skim+1"],"relics":["Cracked Core","NlothsMask","Bronze Scales","Strawberry","Emotion Chip","Eternal Feather","Blood Vial","Question Card","Pear"],"potions_floor_usage":[6,6,14,16,19,27,33],"damage_taken":[{"damage":3,"enemies":"2 Louse","floor":1,"turns":2},{"damage":4,"enemies":"Cultist","floor":2,"turns":4},{"damage":7,"enemies":"Jaw Worm","floor":4,"turns":3},{"damage":16,"enemies":"Large Slime","floor":5,"turns":6},{"damage":31,"enemies":"Lagavulin","floor":6,"turns":6},{"damage":9,"enemies":"Looter","floor":8,"turns":3},{"damage":7,"enemies":"Red Slaver","floor":12,"turns":4},{"damage":20,"enemies":"Exordium Thugs","floor":13,"turns":5},{"damage":20,"enemies":"3 Sentries","floor":14,"turns":10},{"damage":15,"enemies":"Slime Boss","floor":16,"turns":14},{"damage":1,"enemies":"3 Byrds","floor":18,"turns":3},{"damage":18,"enemies":"Chosen","floor":19,"turns":7},{"damage":22,"enemies":"Centurion and Healer","floor":20,"turns":6},{"damage":48,"enemies":"Book of Stabbing","floor":24,"turns":7},{"damage":25,"enemies":"Cultist and Chosen","floor":27,"turns":6},{"damage":47,"enemies":"Shelled Parasite and Fungi","floor":29,"turns":7},{"damage":26,"enemies":"Snake Plant","floor":31,"turns":4},{"damage":79,"enemies":"Automaton","floor":33,"turns":6}],"seed_played":"931866808780926953","potions_obtained":[{"floor":1,"key":"EssenceOfSteel"},{"floor":2,"key":"Dexterity Potion"},{"floor":5,"key":"Regen Potion"},{"floor":8,"key":"Swift Potion"},{"floor":13,"key":"Weak Potion"},{"floor":16,"key":"EssenceOfSteel"},{"floor":18,"key":"Ancient Potion"},{"floor":29,"key":"Poison Potion"}],"is_trial":false,"path_per_floor":["M","M","?","M","M","E","R","M","T","R","$","M","M","E","R","B",null,"M","M","M","$","?","R","E","$","T","M","R","M","R","M","R","B"],"character_chosen":"DEFECT","items_purchased":["Glacier","Strawberry","Blood Vial","Gash","Ball Lightning"],"campfire_rested":7,"item_purchase_floors":[11,11,21,21,25],"current_hp_per_floor":[65,61,61,54,38,22,44,35,35,57,64,57,37,17,41,26,68,67,49,27,27,27,66,20,20,30,7,49,4,49,25,70,0],"gold":122,"neow_bonus":"THREE_CARDS","is_prod":false,"is_daily":false,"chose_seed":false,"campfire_upgraded":0,"win_rate":0,"timestamp":1569886491,"path_taken":["M","M","?","M","M","E","R","M","T","R","$","M","M","E","R","BOSS","M","M","M","$","?","R","E","$","T","?","R","M","R","M","R","BOSS"],"build_version":"2019-07-17","purchased_purges":0,"victory":false,"max_hp_per_floor":[75,75,75,75,75,75,75,75,75,75,82,82,82,82,82,82,82,82,82,82,82,82,82,82,82,92,92,92,92,92,92,92,92],"card_choices":[{"not_picked":["Leap","Sweeping Beam"],"picked":"Barrage","floor":0},{"not_picked":["Loop","Storm"],"picked":"Cold Snap","floor":1},{"not_picked":["Streamline","Stack"],"picked":"Barrage","floor":2},{"not_picked":["Auto Shields","Tempest"],"picked":"Heatsinks","floor":4},{"not_picked":["Static Discharge","Core Surge"],"picked":"Coolheaded","floor":5},{"not_picked":["Rebound","Beam Cell"],"picked":"Hello World","floor":6},{"not_picked":["Melter","Leap"],"picked":"Gash","floor":8},{"not_picked":["Reinforced Body","Turbo"],"picked":"Stack","floor":12},{"not_picked":["Force Field","Ball Lightning"],"picked":"Conserve Battery","floor":13},{"not_picked":["Redo","Turbo","Stack"],"picked":"SKIP","floor":14},{"not_picked":["Thunder Strike","Amplify"],"picked":"Reboot","floor":16},{"not_picked":["Beam Cell","Redo"],"picked":"Hello World","floor":18},{"not_picked":["Turbo","Rebound"],"picked":"Compile Driver+1","floor":19},{"not_picked":["Streamline","Lockon"],"picked":"Capacitor","floor":20},{"not_picked":["Double Energy","Sunder"],"picked":"Capacitor","floor":24},{"not_picked":["Multi-Cast","Genetic Algorithm","Compile Driver"],"picked":"Lockon","floor":27},{"not_picked":["Doom and Gloom+1","Compile Driver","Stack"],"picked":"Skim+1","floor":29},{"not_picked":["Tempest","Skim","Sweeping Beam","Streamline"],"picked":"SKIP","floor":31}],"player_experience":741587,"relics_obtained":[{"floor":6,"key":"Bronze Scales"},{"floor":14,"key":"Emotion Chip"},{"floor":24,"key":"Question Card"},{"floor":26,"key":"Pear"}],"event_choices":[{"damage_healed":0,"gold_gain":0,"player_choice":"Trade","damage_taken":0,"relics_obtained":["NlothsMask"],"max_hp_gain":0,"max_hp_loss":0,"event_name":"FaceTrader","floor":3,"gold_loss":0},{"damage_healed":0,"gold_gain":0,"player_choice":"0 cards matched","damage_taken":0,"max_hp_gain":0,"max_hp_loss":0,"event_name":"Match and Keep!","floor":22,"gold_loss":0,"cards_obtained":[]}],"is_beta":false,"boss_relics":[{"not_picked":["Astrolabe","Cursed Key"],"picked":"Eternal Feather"}],"items_purged_floors":[],"is_endless":false,"potions_floor_spawned":[1,2,5,8,13,16,18,29],"killed_by":"Automaton","ascension_level":11}