{"gold_per_floor":[115,115,126,17,31,66,85,85,85,85,85,104,120,120,120,219,269,283,18,95,145,20,20,47,109,121,143,205],"floor_reached":28,"playtime":1192,"items_purged":["Strike_G","Defend_G","Defend_G"],"score":261,"play_id":"d2c69a8b-cd83-4655-84d2-877082a35d3d","local_time":"20181216000123","is_ascension_mode":false,"campfire_choices":[{"data":"Footwork","floor":8,"key":"SMITH"},{"data":"Neutralize","floor":10,"key":"SMITH"},{"floor":15,"key":"RECALL"},{"data":"Choke","floor":23,"key":"SMITH"}],"neow_cost":"NONE","seed_source_timestamp":171470942835450,"circlet_count":0,"master_deck":["Defend_G","Defend_G+1","Defend_G+1","Strike_G","Strike_G","Strike_G+1","Survivor","Neutralize+1","Underhanded Strike","Infinite Blades","Footwork+1","Choke+1","Tactician","Underhanded Strike","Infinite Blades","Reflex","After Image","Infinite Blades","Infinite Blades","Dagger Throw","Footwork+1","Pain","Finisher"],"relics":["Runic Dome","Letter Opener","Mummified Hand","SsserpentHead","Tiny House","Tiny Chest","MawBank","WarpedTongs","Bottled Lightning"],"potions_floor_usage":[6,16,18,18,24],"damage_taken":[{"damage":0,"enemies":"Jaw Worm","floor":1,"turns":4},{"damage":0,"enemies":"Small Slimes","floor":3,"turns":3},{"damage":0,"enemies":"Cultist","floor":5,"turns":3},{"damage":7,"enemies":"Lagavulin","floor":6,"turns":7},{"damage":0,"enemies":"3 Louse","floor":7,"turns":3},{"damage":1,"enemies":"Red Slaver","floor":12,"turns":3},{"damage":1,"enemies":"Blue Slaver","floor":13,"turns":2},{"damage":32,"enemies":"Hexaghost","floor":16,"turns":10},{"damage":0,"enemies":"3 Byrds","floor":18,"turns":5},{"damage":67,"enemies":"Gremlin Leader","floor":24,"turns":7},{"damage":0,"enemies":"Chosen","floor":27,"turns":3},{"damage":13,"enemies":"Snake Plant","floor":28,"turns":1}],"seed_played":"7404213006621112943","potions_obtained":[{"floor":1,"key":"AttackPotion"},{"floor":6,"key":"Dexterity Potion"},{"floor":12,"key":"SpeedPotion"},{"floor":13,"key":"Fire Potion"},{"floor":17,"key":"Block Potion"}],"is_trial":false,"path_per_floor":["M","?","M","$","M","E","M","R","T","R","?","M","M","?","R","B",null,"M","$","T","?","$","R","E","?","T","M","M"],"character_chosen":"THE_SILENT","items_purchased":["Footwork","Tiny Chest","Dagger Throw"],"campfire_rested":0,"item_purchase_floors":[4,19,19],"current_hp_per_floor":[70,56,56,56,56,49,49,49,49,49,49,48,47,47,47,15,75,75,75,75,75,75,75,8,8,8,8,0],"gold":205,"neow_bonus":"BOSS_RELIC","is_prod":false,"is_daily":false,"chose_seed":false,"campfire_upgraded":3,"win_rate":0,"timestamp":1544918483,"path_taken":["M","?","M","$","M","E","M","R","T","R","?","M","?","?","R","BOSS","M","$","?","?","$","R","E","?","T","M","?"],"build_version":"2018-12-13","purchased_purges":3,"victory":false,"max_hp_per_floor":[70,70,70,70,70,70,70,70,70,70,70,70,70,70,70,70,75,75,75,75,75,75,75,75,75,75,75,75],"card_choices":[{"not_picked":["Calculated Gamble","Prepared"],"picked":"Underhanded Strike","floor":1},{"not_picked":["Acrobatics","Blade Dance"],"picked":"Infinite Blades","floor":3},{"not_picked":["Heel Hook","Riddle With Holes"],"picked":"Choke","floor":5},{"not_picked":["Reflex","Acrobatics"],"picked":"Tactician","floor":6},{"not_picked":["Burst","Eviscerate"],"picked":"Underhanded Strike","floor":7},{"not_picked":["Backflip","Prepared"],"picked":"Infinite Blades","floor":12},{"not_picked":["PiercingWail","Bouncing Flask"],"picked":"Reflex","floor":13},{"not_picked":["Malaise","Wraith Form v2"],"picked":"After Image","floor":16},{"not_picked":["Dodge and Roll","Flying Knee"],"picked":"Infinite Blades","floor":17},{"not_picked":["Deadly Poison","Flying Knee+1"],"picked":"Infinite Blades","floor":18},{"not_picked":["Deadly Poison","Prepared"],"picked":"Footwork+1","floor":24},{"not_picked":["Sucker Punch","Deflect+1"],"picked":"Finisher","floor":27}],"player_experience":202111,"relics_obtained":[{"floor":6,"key":"Letter Opener"},{"floor":9,"key":"Mummified Hand"},{"floor":24,"key":"MawBank"},{"floor":26,"key":"Bottled Lightning"}],"event_choices":[{"damage_healed":0,"gold_gain":0,"player_choice":"Entered Light","damage_taken":14,"max_hp_gain":0,"max_hp_loss":0,"event_name":"Shining Light","floor":2,"gold_loss":0,"cards_upgraded":["Defend_G","Strike_G"]},{"cards_removed":["Strike_G"],"damage_healed":0,"gold_gain":0,"player_choice":"Forget","damage_taken":0,"max_hp_gain":0,"max_hp_loss":0,"event_name":"Living Wall","floor":11,"gold_loss":0},{"damage_healed":0,"gold_gain":0,"player_choice":"Trade","damage_taken":0,"relics_obtained":["SsserpentHead"],"max_hp_gain":0,"max_hp_loss":0,"event_name":"FaceTrader","floor":14,"gold_loss":0},{"damage_healed":0,"gold_gain":0,"player_choice":"Ignored","damage_taken":0,"max_hp_gain":0,"max_hp_loss":0,"event_name":"Vampires","floor":21,"gold_loss":0},{"damage_healed":0,"gold_gain":0,"player_choice":"Rummage","damage_taken":0,"relics_obtained":["WarpedTongs"],"max_hp_gain":0,"max_hp_loss":0,"event_name":"Accursed Blacksmith","floor":25,"gold_loss":0,"cards_obtained":["Pain"]}],"is_beta":true,"boss_relics":[{"not_picked":["Busted Crown","White Beast Statue"],"picked":"Tiny House"}],"items_purged_floors":[4,19,22],"is_endless":false,"potions_floor_spawned":[1,6,12,13],"killed_by":"Snake Plant","ascension_level":0}