{"gold_per_floor":[117,45,45,45,57,89,89,116,184,154,172,191,191,226,226,324,324,336,351,351,362,373,373,373],"floor_reached":24,"playtime":1411,"items_purged":[],"score":254,"play_id":"5b414b79-1491-49f3-a52e-f62dc3507d66","local_time":"20190108212610","is_ascension_mode":true,"campfire_choices":[{"data":"Demon Form","floor":7,"key":"SMITH"},{"floor":15,"key":"REST"},{"floor":23,"key":"REST"}],"neow_cost":"NONE","seed_source_timestamp":10703348305545,"circlet_count":0,"master_deck":["Strike_R","Strike_R","Strike_R","Defend_R","Defend_R","Defend_R","Bash","Thunderclap","Demon Form+1","Disarm","True Grit","True Grit","Dropkick","Headbutt","Clothesline","Metallicize","Bludgeon","Feed","Offering+1","Headbutt+1","Reckless Charge+1","True Grit+1","True Grit+1","RitualDagger","Inflame","Feed","Demon Form"],"relics":["Burning Blood","NeowsBlessing","Turnip","Dream Catcher","Ancient Tea Set","Toxic Egg 2","Astrolabe"],"potions_floor_usage":[10,12,14,19,19],"damage_taken":[{"damage":0,"enemies":"Small Slimes","floor":1,"turns":1},{"damage":0,"enemies":"Cultist","floor":4,"turns":1},{"damage":0,"enemies":"Jaw Worm","floor":5,"turns":1},{"damage":30,"enemies":"3 Sentries","floor":6,"turns":7},{"damage":29,"enemies":"Gremlin Nob","floor":8,"turns":5},{"damage":0,"enemies":"Looter","floor":10,"turns":4},{"damage":15,"enemies":"Exordium Wildlife","floor":11,"turns":7},{"damage":0,"enemies":"Exordium Thugs","floor":12,"turns":4},{"damage":7,"enemies":"Lagavulin","floor":14,"turns":5},{"damage":17,"enemies":"Hexaghost","floor":16,"turns":10},{"damage":15,"enemies":"Shell Parasite","floor":18,"turns":5},{"damage":28,"enemies":"Spheric Guardian","floor":19,"turns":5},{"damage":16,"enemies":"Snecko","floor":21,"turns":5},{"damage":21,"enemies":"Snake Plant","floor":22,"turns":6},{"damage":49,"enemies":"Slavers","floor":24,"turns":4}],"seed_played":"6675971181262199983","potions_obtained":[{"floor":6,"key":"Explosive Potion"},{"floor":11,"key":"EssenceOfSteel"},{"floor":12,"key":"FearPotion"},{"floor":14,"key":"SneckoOil"},{"floor":16,"key":"Ancient Potion"},{"floor":18,"key":"Energy Potion"},{"floor":21,"key":"Swift Potion"}],"is_trial":false,"path_per_floor":["M","$","?","M","M","E","R","E","T","M","M","M","?","E","R","B",null,"M","M","?","M","M","R","E"],"character_chosen":"IRONCLAD","items_purchased":["Demon Form"],"campfire_rested":2,"item_purchase_floors":[2],"current_hp_per_floor":[80,80,80,80,80,56,56,33,33,39,30,36,36,35,59,48,80,71,49,43,36,21,45,0],"gold":373,"neow_bonus":"THREE_ENEMY_KILL","is_prod":false,"is_daily":false,"chose_seed":false,"campfire_upgraded":1,"win_rate":0,"timestamp":1547000770,"path_taken":["M","$","?","?","M","E","R","E","T","M","M","M","?","E","R","BOSS","M","M","?","M","M","R","E"],"build_version":"2019-01-03v4","purchased_purges":0,"victory":false,"max_hp_per_floor":[80,80,80,80,80,80,80,80,80,80,80,80,80,80,80,80,80,80,80,80,83,83,83,83],"card_choices":[{"not_picked":["Flex","Body Slam"],"picked":"Thunderclap","floor":1},{"not_picked":["Rupture","Fire Breathing","Cleave"],"picked":"SKIP","floor":4},{"not_picked":["Wild Strike","Clothesline"],"picked":"True Grit","floor":5},{"not_picked":["Reckless Charge","Blood for Blood"],"picked":"True Grit","floor":6},{"not_picked":["Body Slam","Juggernaut"],"picked":"Dropkick","floor":8},{"not_picked":["Dropkick","Feel No Pain"],"picked":"Headbutt","floor":10},{"not_picked":["Anger","Perfected Strike"],"picked":"Clothesline","floor":11},{"not_picked":["Pummel","Infernal Blade"],"picked":"Metallicize","floor":12},{"not_picked":["Body Slam","Warcry"],"picked":"Bludgeon","floor":14},{"not_picked":["Evolve","Clash"],"picked":"Perfected Strike","floor":15},{"not_picked":["Impervious+1","Bludgeon"],"picked":"Feed","floor":16},{"not_picked":["Clothesline","Flex+1"],"picked":"True Grit+1","floor":18},{"not_picked":["Warcry+1","Whirlwind"],"picked":"True Grit+1","floor":19},{"not_picked":["Warcry+1","Wild Strike+1"],"picked":"Inflame","floor":21},{"not_picked":["Twin Strike","Clash"],"picked":"Feed","floor":22},{"not_picked":["True Grit+1","Iron Wave"],"picked":"Demon Form","floor":23}],"player_experience":345969,"relics_obtained":[{"floor":6,"key":"Turnip"},{"floor":8,"key":"Dream Catcher"},{"floor":14,"key":"Toxic Egg 2"}],"event_choices":[{"damage_healed":0,"gold_gain":0,"cards_transformed":["Strike_R"],"player_choice":"Transformed","damage_taken":0,"max_hp_gain":0,"max_hp_loss":0,"event_name":"Transmorgrifier","floor":3,"gold_loss":0,"cards_obtained":["Disarm"]},{"damage_healed":0,"gold_gain":0,"player_choice":"Searched \u00272\u0027 times","damage_taken":0,"relics_obtained":["Ancient Tea Set"],"max_hp_gain":0,"max_hp_loss":0,"event_name":"Dead Adventurer","floor":13,"gold_loss":0},{"damage_healed":0,"gold_gain":0,"player_choice":"Joined the Cult","damage_taken":6,"max_hp_gain":0,"max_hp_loss":0,"event_name":"Nest","floor":20,"gold_loss":0,"cards_obtained":["RitualDagger"]}],"is_beta":false,"boss_relics":[{"not_picked":["Ectoplasm","Runic Cube"],"picked":"Astrolabe"}],"items_purged_floors":[],"is_endless":false,"potions_floor_spawned":[4,6,11,12,14,16,18,21],"killed_by":"Slavers","ascension_level":1}