{"gold_per_floor":[112,122,122,72,72,72,104,120,166,178,205,217,248,280,292,401,413,435,447,477,506,67,67,67],"floor_reached":24,"playtime":1478,"items_purged":[],"score":267,"play_id":"c80bdd9b-63be-4d70-9b9f-d70bad47a4e6","local_time":"20190925180741","is_ascension_mode":true,"campfire_choices":[{"data":"True Grit","floor":6,"key":"SMITH"},{"data":"Armaments","floor":10,"key":"SMITH"},{"data":"Flame Barrier","floor":12,"key":"SMITH"},{"data":"Inflame","floor":15,"key":"SMITH"},{"data":"Corruption","floor":23,"key":"SMITH"}],"neow_cost":"NONE","seed_source_timestamp":539615267575699,"circlet_count":0,"master_deck":["Bash","Immolate+1","True Grit+1","Pommel Strike","Power Through","Armaments+1","Flame Barrier+1","Inflame+1","Iron Wave","Offering","Corruption+1","Hemokinesis","Fiend Fire","Body Slam","Spot Weakness","Dropkick","Evolve","Cleave","Seeing Red","Warcry+1","Flame Barrier"],"relics":["Burning Blood","Dream Catcher","Potion Belt","MawBank","Pandora\u0027s Box","MutagenicStrength","Sundial","Sling"],"potions_floor_usage":[14,16,21],"damage_taken":[{"damage":3,"enemies":"2 Louse","floor":1,"turns":2},{"damage":1,"enemies":"Jaw Worm","floor":2,"turns":4},{"damage":42,"enemies":"Lagavulin","floor":7,"turns":4},{"damage":3,"enemies":"Small Slimes","floor":8,"turns":3},{"damage":0,"enemies":"Blue Slaver","floor":11,"turns":4},{"damage":0,"enemies":"Exordium Wildlife","floor":13,"turns":3},{"damage":1,"enemies":"Red Slaver","floor":14,"turns":3},{"damage":5,"enemies":"Slime Boss","floor":16,"turns":6},{"damage":23,"enemies":"2 Thieves","floor":18,"turns":4},{"damage":14,"enemies":"Chosen","floor":20,"turns":5},{"damage":13,"enemies":"Shelled Parasite and Fungi","floor":21,"turns":4},{"damage":47,"enemies":"Slavers","floor":24,"turns":4}],"seed_played":"4819103025255317743","potions_obtained":[{"floor":7,"key":"Regen Potion"},{"floor":8,"key":"Weak Potion"},{"floor":11,"key":"Weak Potion"},{"floor":20,"key":"SteroidPotion"}],"is_trial":false,"path_per_floor":["M","M","?","?","?","R","E","M","T","R","M","R","M","M","R","B",null,"M","?","M","M","$","R","E"],"character_chosen":"IRONCLAD","items_purchased":["Sundial","Sling"],"campfire_rested":0,"item_purchase_floors":[22,22],"current_hp_per_floor":[75,80,77,77,61,61,25,28,28,28,34,34,40,45,45,61,75,58,58,50,43,43,43,0],"gold":67,"neow_bonus":"ONE_RANDOM_RARE_CARD","is_prod":false,"is_daily":false,"chose_seed":false,"campfire_upgraded":5,"win_rate":0,"timestamp":1569431261,"path_taken":["M","M","?","?","?","R","E","M","T","R","M","R","M","M","R","BOSS","M","?","M","M","$","R","E"],"build_version":"2019-07-17","purchased_purges":0,"victory":false,"max_hp_per_floor":[80,80,80,80,80,80,80,80,80,80,80,80,80,80,80,80,80,80,80,80,80,80,80,80],"card_choices":[{"not_picked":["Wild Strike","Headbutt"],"picked":"True Grit","floor":1},{"not_picked":["Searing Blow","Iron Wave"],"picked":"Pommel Strike","floor":2},{"not_picked":["Bludgeon","Body Slam"],"picked":"Power Through","floor":7},{"not_picked":["Dual Wield","Shrug It Off"],"picked":"Armaments","floor":8},{"not_picked":["Hemokinesis","Headbutt"],"picked":"Flame Barrier","floor":11},{"not_picked":["Flex","Warcry"],"picked":"Inflame","floor":13},{"not_picked":["Perfected Strike","Body Slam"],"picked":"Iron Wave","floor":14},{"not_picked":["Brutality","Exhume"],"picked":"Offering","floor":16},{"not_picked":["Bloodletting","Twin Strike+1"],"picked":"Seeing Red","floor":18},{"not_picked":["Heavy Blade","Wild Strike"],"picked":"Warcry+1","floor":20},{"not_picked":["Headbutt","Heavy Blade+1"],"picked":"Flame Barrier","floor":21}],"player_experience":392698,"relics_obtained":[{"floor":7,"key":"Potion Belt"},{"floor":9,"key":"MawBank"}],"event_choices":[{"damage_healed":0,"gold_gain":0,"player_choice":"Success","damage_taken":3,"relics_obtained":["Dream Catcher"],"max_hp_gain":0,"max_hp_loss":0,"event_name":"Scrap Ooze","floor":3,"gold_loss":0},{"cards_removed":["Strike_R"],"damage_healed":0,"gold_gain":0,"player_choice":"Card Removal","damage_taken":0,"max_hp_gain":0,"max_hp_loss":0,"event_name":"The Cleric","floor":4,"gold_loss":50},{"damage_healed":0,"gold_gain":0,"player_choice":"Entered Light","damage_taken":16,"max_hp_gain":0,"max_hp_loss":0,"event_name":"Shining Light","floor":5,"gold_loss":0,"cards_upgraded":["Immolate","Defend_R"]},{"damage_healed":0,"gold_gain":0,"player_choice":"Inject Mutagens","damage_taken":0,"relics_obtained":["MutagenicStrength"],"max_hp_gain":0,"max_hp_loss":0,"event_name":"Drug Dealer","floor":19,"gold_loss":0}],"is_beta":false,"boss_relics":[{"not_picked":["Velvet Choker","Busted Crown"],"picked":"Pandora\u0027s Box"}],"items_purged_floors":[],"is_endless":false,"potions_floor_spawned":[7,8,11,20],"killed_by":"Slavers","ascension_level":7}