{"gold_per_floor":[119,130,80,5,5,5,34,34,34,51,51,61,86,86,86,191,191,202,1,13,112,112,147,147,161,161,179,179,198,198,214,214,314,314,329,349,126,141,141,141,141,153,177,196,207,87,99,99,99,99],"floor_reached":51,"playtime":3540,"items_purged":["Defend_B","Chaos","Electrodynamics","Zap+1"],"score":804,"play_id":"1ccb3bfd-c00c-48a8-896c-a63d4f95dd94","local_time":"20191003150134","is_ascension_mode":false,"campfire_choices":[{"data":"Coolheaded","floor":6,"key":"SMITH"},{"data":"Zap","floor":8,"key":"SMITH"},{"data":"Multi-Cast","floor":11,"key":"SMITH"},{"data":"Dualcast","floor":15,"key":"SMITH"},{"data":"Defragment","floor":24,"key":"SMITH"},{"data":"Reinforced Body","floor":28,"key":"SMITH"},{"data":"Darkness","floor":32,"key":"SMITH"},{"floor":40,"key":"RECALL"}],"neow_cost":"NONE","seed_source_timestamp":522173820092537,"circlet_count":0,"master_deck":["Coolheaded+1","Multi-Cast+1","Defragment+1","Darkness+1","Reinforced Body+1"],"relics":["Coffee Dripper","The Courier","Gremlin Horn","Blue Candle","Pandora\u0027s Box","Art of War","DataDisk","InkBottle","Busted Crown","Centennial Puzzle"],"potions_floor_usage":[13,33],"damage_taken":[{"damage":2,"enemies":"Small Slimes","floor":1,"turns":4},{"damage":6,"enemies":"Jaw Worm","floor":2,"turns":3},{"damage":11,"enemies":"Lagavulin","floor":7,"turns":9},{"damage":0,"enemies":"2 Louse","floor":10,"turns":1},{"damage":2,"enemies":"Blue Slaver","floor":12,"turns":2},{"damage":12,"enemies":"3 Sentries","floor":13,"turns":7},{"damage":19,"enemies":"The Guardian","floor":16,"turns":11},{"damage":10,"enemies":"3 Byrds","floor":18,"turns":2},{"damage":0,"enemies":"Spheric Guardian","floor":20,"turns":2},{"damage":3,"enemies":"Gremlin Leader","floor":23,"turns":4},{"damage":0,"enemies":"Shelled Parasite and Fungi","floor":25,"turns":3},{"damage":0,"enemies":"Centurion and Healer","floor":27,"turns":4},{"damage":13,"enemies":"Snake Plant","floor":29,"turns":3},{"damage":13,"enemies":"Shelled Parasite and Fungi","floor":31,"turns":2},{"damage":0,"enemies":"Automaton","floor":33,"turns":4},{"damage":0,"enemies":"3 Darklings","floor":35,"turns":2},{"damage":0,"enemies":"3 Shapes","floor":36,"turns":2},{"damage":0,"enemies":"Spire Growth","floor":38,"turns":2},{"damage":4,"enemies":"3 Darklings","floor":42,"turns":3},{"damage":0,"enemies":"Sphere and 2 Shapes","floor":44,"turns":3},{"damage":0,"enemies":"Jaw Worm Horde","floor":45,"turns":3},{"damage":0,"enemies":"Transient","floor":47,"turns":5},{"damage":7,"enemies":"Time Eater","floor":50,"turns":9}],"seed_played":"8797165848236702419","potions_obtained":[{"floor":1,"key":"Swift Potion"},{"floor":10,"key":"PotionOfCapacity"},{"floor":12,"key":"Weak Potion"},{"floor":18,"key":"Block Potion"},{"floor":31,"key":"AttackPotion"},{"floor":33,"key":"EssenceOfSteel"}],"is_trial":false,"path_per_floor":["M","M","?","$","?","R","E","R","T","M","R","M","E","?","R","B",null,"M","$","M","?","?","E","R","M","T","M","R","M","?","M","R","B",null,"M","M","$","M","?","R","?","M","T","M","M","$","M","$","R","B",null],"character_chosen":"DEFECT","items_purchased":["Art of War","Centennial Puzzle"],"campfire_rested":0,"item_purchase_floors":[19,37],"current_hp_per_floor":[73,67,67,67,72,72,61,61,61,61,61,59,47,47,47,28,80,70,70,70,70,70,67,67,67,67,67,67,54,54,41,41,41,80,80,80,80,80,80,80,80,76,76,76,76,76,76,76,76,69],"gold":99,"neow_bonus":"BOSS_RELIC","is_prod":false,"is_daily":false,"chose_seed":false,"campfire_upgraded":7,"win_rate":0,"timestamp":1570093294,"path_taken":["M","M","?","$","?","R","E","R","T","M","R","M","E","?","R","BOSS","M","$","M","?","?","E","R","M","T","M","R","?","?","M","R","BOSS","M","M","$","M","?","R","?","?","T","M","M","$","M","$","R","BOSS"],"build_version":"2019-10-02","purchased_purges":4,"victory":true,"max_hp_per_floor":[75,75,75,75,80,80,80,80,80,80,80,80,80,80,80,80,80,80,80,80,80,80,80,80,80,80,80,80,80,80,80,80,80,80,80,80,80,80,80,80,80,80,80,80,80,80,80,80,80,80],"card_choices":[{"not_picked":["Force Field","Streamline","Cold Snap"],"picked":"SKIP","floor":1},{"not_picked":["Turbo","Compile Driver"],"picked":"Coolheaded","floor":2},{"not_picked":["Melter","Force Field"],"picked":"Multi-Cast","floor":7},{"not_picked":["Steam","BootSequence","Sweeping Beam"],"picked":"SKIP","floor":10},{"not_picked":["Cold Snap","Go for the Eyes","Ball Lightning"],"picked":"SKIP","floor":12},{"not_picked":["Blizzard","Force Field","Rainbow"],"picked":"SKIP","floor":13},{"not_picked":["Undo+1","Cold Snap+1","Steam+1"],"picked":"SKIP","floor":18},{"not_picked":["Beam Cell","FTL","Streamline"],"picked":"SKIP","floor":20},{"not_picked":["Redo","Meteor Strike","Scrape"],"picked":"SKIP","floor":23},{"not_picked":["Auto Shields","Stack"],"picked":"Reinforced Body","floor":25},{"not_picked":["White Noise","Streamline","Lockon+1"],"picked":"SKIP","floor":27},{"not_picked":["Hologram","Coolheaded","Go for the Eyes+1"],"picked":"SKIP","floor":29},{"not_picked":["Leap","Stack","Force Field"],"picked":"SKIP","floor":31},{"not_picked":["Capacitor+1"],"picked":"SKIP","floor":35},{"not_picked":["Ball Lightning+1"],"picked":"SKIP","floor":36},{"not_picked":["Streamline"],"picked":"SKIP","floor":38},{"not_picked":["Sunder+1"],"picked":"SKIP","floor":42},{"not_picked":["Coolheaded+1"],"picked":"SKIP","floor":44},{"not_picked":["Chaos"],"picked":"SKIP","floor":45},{"not_picked":["Defragment+1"],"picked":"SKIP","floor":47}],"player_experience":1817722,"relics_obtained":[{"floor":7,"key":"The Courier"},{"floor":9,"key":"Gremlin Horn"},{"floor":13,"key":"Blue Candle"},{"floor":23,"key":"DataDisk"},{"floor":26,"key":"InkBottle"}],"event_choices":[{"cards_removed":["Defend_B"],"damage_healed":0,"gold_gain":0,"player_choice":"Card Removal","damage_taken":0,"max_hp_gain":0,"max_hp_loss":0,"event_name":"The Cleric","floor":3,"gold_loss":50},{"damage_healed":0,"gold_gain":0,"player_choice":"Donut","damage_taken":0,"max_hp_gain":5,"max_hp_loss":0,"event_name":"Big Fish","floor":5,"gold_loss":0},{"cards_removed":["Strike_B"],"damage_healed":0,"gold_gain":0,"player_choice":"Forget","damage_taken":0,"max_hp_gain":0,"max_hp_loss":0,"event_name":"Living Wall","floor":14,"gold_loss":0},{"damage_healed":0,"gold_gain":99,"player_choice":"Stole From Cult","damage_taken":0,"max_hp_gain":0,"max_hp_loss":0,"event_name":"Nest","floor":21,"gold_loss":0},{"cards_removed":["Dualcast"],"damage_healed":0,"gold_gain":0,"player_choice":"Offered Basic","damage_taken":0,"max_hp_gain":0,"max_hp_loss":0,"event_name":"Bonfire Elementals","floor":22,"gold_loss":0},{"cards_removed":["Leap"],"damage_healed":0,"gold_gain":0,"player_choice":"Elegance","damage_taken":0,"max_hp_gain":0,"max_hp_loss":0,"event_name":"Back to Basics","floor":30,"gold_loss":0},{"damage_healed":0,"gold_gain":0,"player_choice":"Memory 1","damage_taken":0,"max_hp_gain":0,"max_hp_loss":0,"event_name":"SensoryStone","floor":39,"gold_loss":0},{"damage_healed":0,"gold_gain":0,"player_choice":"Ignored","damage_taken":0,"max_hp_gain":0,"max_hp_loss":0,"event_name":"Accursed Blacksmith","floor":41,"gold_loss":0}],"is_beta":true,"boss_relics":[{"not_picked":["Astrolabe","Tiny House"],"picked":"Pandora\u0027s Box"},{"not_picked":["Calling Bell","Philosopher\u0027s Stone"],"picked":"Busted Crown"}],"items_purged_floors":[4,19,37,46],"is_endless":false,"potions_floor_spawned":[1,10,12,18,25,31,33,36,45],"ascension_level":0}