{"gold_per_floor":[110,110,134,152,152,175,214,230,230,270,270,295,295,309,309,309],"floor_reached":16,"playtime":749,"items_purged":[],"score":145,"play_id":"c549eda1-57d9-41ba-8b1b-6dcd1c4c697d","local_time":"20190112142005","is_ascension_mode":true,"campfire_choices":[{"data":"Armaments","floor":13,"key":"SMITH"},{"data":"Flame Barrier","floor":15,"key":"SMITH"}],"neow_cost":"NONE","seed_source_timestamp":331411564894498,"circlet_count":0,"master_deck":["Strike_R","Strike_R","Strike_R","Strike_R","Defend_R","Defend_R","Defend_R","Defend_R","Bash","Shrug It Off","Flame Barrier+1","Armaments+1","Thunderclap","Dark Embrace","Uppercut","Carnage","Reaper","Pommel Strike","Cleave"],"relics":["Burning Blood","Golden Idol","Strawberry","Ornamental Fan","Meat on the Bone"],"potions_floor_usage":[7,10,10,16],"damage_taken":[{"damage":5,"enemies":"Small Slimes","floor":1,"turns":3},{"damage":0,"enemies":"2 Louse","floor":3,"turns":3},{"damage":1,"enemies":"Jaw Worm","floor":4,"turns":5},{"damage":14,"enemies":"3 Louse","floor":6,"turns":5},{"damage":39,"enemies":"Gremlin Nob","floor":7,"turns":6},{"damage":2,"enemies":"Exordium Wildlife","floor":8,"turns":6},{"damage":10,"enemies":"3 Sentries","floor":10,"turns":7},{"damage":2,"enemies":"Looter","floor":12,"turns":4},{"damage":11,"enemies":"3 Louse","floor":14,"turns":3},{"damage":82,"enemies":"Hexaghost","floor":16,"turns":12}],"seed_played":"-7497843371601496839","potions_obtained":[{"floor":6,"key":"Poison Potion"},{"floor":7,"key":"Explosive Potion"},{"floor":8,"key":"SteroidPotion"},{"floor":12,"key":"FearPotion"}],"is_trial":false,"path_per_floor":["M","?","M","M","$","M","E","M","T","E","?","M","R","M","R","B"],"character_chosen":"IRONCLAD","items_purchased":[],"campfire_rested":0,"item_purchase_floors":[],"current_hp_per_floor":[88,66,72,77,77,69,43,47,47,43,43,63,63,70,70,0],"gold":309,"neow_bonus":"TEN_PERCENT_HP_BONUS","is_prod":false,"is_daily":false,"chose_seed":false,"campfire_upgraded":2,"win_rate":0,"timestamp":1547320805,"path_taken":["M","?","M","M","$","M","E","M","T","E","?","M","R","M","R","BOSS"],"build_version":"2019-01-10","purchased_purges":0,"victory":false,"max_hp_per_floor":[88,88,88,88,88,88,95,95,95,95,95,95,95,95,95,95],"card_choices":[{"not_picked":["True Grit","Sword Boomerang"],"picked":"Shrug It Off","floor":1},{"not_picked":["Perfected Strike","Metallicize"],"picked":"Flame Barrier","floor":3},{"not_picked":["Hemokinesis","Sentinel"],"picked":"Armaments","floor":4},{"not_picked":["Flex","Body Slam"],"picked":"Thunderclap","floor":6},{"not_picked":["Sword Boomerang","Thunderclap"],"picked":"Dark Embrace","floor":7},{"not_picked":["Clothesline","Spot Weakness"],"picked":"Uppercut","floor":8},{"not_picked":["Berserk","Thunderclap"],"picked":"Carnage","floor":10},{"not_picked":["Dual Wield","Whirlwind"],"picked":"Pommel Strike","floor":12},{"not_picked":["Combust","Thunderclap"],"picked":"Cleave","floor":14}],"player_experience":364357,"relics_obtained":[{"floor":7,"key":"Strawberry"},{"floor":9,"key":"Ornamental Fan"},{"floor":10,"key":"Meat on the Bone"}],"event_choices":[{"damage_healed":0,"gold_gain":0,"player_choice":"Take Damage","damage_taken":22,"relics_obtained":["Golden Idol"],"max_hp_gain":0,"max_hp_loss":0,"event_name":"Golden Idol","floor":2,"gold_loss":0},{"damage_healed":0,"gold_gain":0,"cards_transformed":["Strike_R"],"player_choice":"Change","damage_taken":0,"max_hp_gain":0,"max_hp_loss":0,"event_name":"Living Wall","floor":11,"gold_loss":0,"cards_obtained":["Reaper"]}],"is_beta":false,"boss_relics":[],"items_purged_floors":[],"is_endless":false,"potions_floor_spawned":[6,7,8,12],"killed_by":"Hexaghost","ascension_level":1}