{"gold_per_floor":[119,35,35,54,74,103,103,28,75,75,109,137,149,172,184,296,308,331,358,370],"floor_reached":20,"playtime":646,"items_purged":["Strike_B"],"score":193,"play_id":"755c2235-1fb7-4826-859c-48f456d5bb81","local_time":"20191003140137","is_ascension_mode":true,"campfire_choices":[{"data":"Zap","floor":7,"key":"SMITH"},{"data":"Dualcast","floor":10,"key":"SMITH"},{"floor":15,"key":"REST"}],"neow_cost":"NONE","seed_source_timestamp":521482026004363,"circlet_count":0,"master_deck":["Strike_B","Strike_B","Strike_B","Defend_B","Defend_B","Defend_B","Defend_B","Zap+1","Dualcast+1","Flash of Steel","Gash","Biased Cognition"],"relics":["Cracked Core","NeowsBlessing","Potion Belt","Ancient Tea Set","Bag of Preparation","MawBank","Nuclear Battery"],"potions_floor_usage":[11],"damage_taken":[{"damage":0,"enemies":"Small Slimes","floor":1,"turns":1},{"damage":0,"enemies":"Cultist","floor":4,"turns":1},{"damage":0,"enemies":"Jaw Worm","floor":5,"turns":1},{"damage":48,"enemies":"Gremlin Nob","floor":6,"turns":5},{"damage":16,"enemies":"3 Sentries","floor":11,"turns":7},{"damage":0,"enemies":"Gremlin Gang","floor":12,"turns":4},{"damage":0,"enemies":"Red Slaver","floor":14,"turns":3},{"damage":51,"enemies":"Slime Boss","floor":16,"turns":9},{"damage":21,"enemies":"Spheric Guardian","floor":18,"turns":4},{"damage":17,"enemies":"Shell Parasite","floor":19,"turns":4},{"damage":37,"enemies":"Cultist and Chosen","floor":20,"turns":4}],"seed_played":"8144706827418878449","potions_obtained":[{"floor":1,"key":"Fire Potion"},{"floor":6,"key":"SkillPotion"},{"floor":12,"key":"Regen Potion"},{"floor":13,"key":"FairyPotion"},{"floor":13,"key":"PowerPotion"},{"floor":13,"key":"FearPotion"},{"floor":16,"key":"AttackPotion"},{"floor":18,"key":"Dexterity Potion"}],"is_trial":false,"path_per_floor":["M","$","?","M","M","E","R","$","T","R","E","M","?","M","R","B",null,"M","M","M"],"character_chosen":"DEFECT","items_purchased":["Flash of Steel"],"campfire_rested":1,"item_purchase_floors":[2],"current_hp_per_floor":[75,75,75,75,75,27,27,27,27,27,11,11,11,11,33,6,75,54,37,0],"gold":370,"neow_bonus":"THREE_ENEMY_KILL","is_prod":false,"is_daily":false,"chose_seed":false,"campfire_upgraded":2,"win_rate":0,"timestamp":1570089697,"path_taken":["M","$","?","M","?","E","R","?","T","R","E","M","?","M","R","BOSS","M","?","M"],"build_version":"2019-10-02","purchased_purges":1,"victory":false,"max_hp_per_floor":[75,75,75,75,75,75,75,75,75,75,75,75,75,75,75,75,75,75,75,75],"card_choices":[{"not_picked":["Aggregate","BootSequence","Coolheaded"],"picked":"SKIP","floor":1},{"not_picked":["Loop","Compile Driver"],"picked":"Gash","floor":4},{"not_picked":["Ball Lightning","Conserve Battery","Coolheaded"],"picked":"SKIP","floor":5},{"not_picked":["Machine Learning","Streamline","Sweeping Beam"],"picked":"SKIP","floor":6},{"not_picked":["Coolheaded","Gash","Conserve Battery"],"picked":"SKIP","floor":11},{"not_picked":["Rebound","Hologram","Genetic Algorithm"],"picked":"SKIP","floor":12},{"not_picked":["Buffer","Turbo","Leap"],"picked":"SKIP","floor":14},{"not_picked":["Electrodynamics","Hyperbeam"],"picked":"Biased Cognition","floor":16},{"not_picked":["Double Energy","Rebound+1","Leap"],"picked":"SKIP","floor":18},{"not_picked":["Barrage","Streamline","Gash"],"picked":"SKIP","floor":19}],"player_experience":1817076,"relics_obtained":[{"floor":6,"key":"Ancient Tea Set"},{"floor":9,"key":"Bag of Preparation"},{"floor":11,"key":"MawBank"}],"event_choices":[{"damage_healed":0,"gold_gain":0,"player_choice":"Gave Potion","damage_taken":0,"relics_obtained":["Potion Belt"],"max_hp_gain":0,"max_hp_loss":0,"event_name":"WeMeetAgain","floor":3,"gold_loss":0},{"damage_healed":0,"gold_gain":0,"player_choice":"Got Potions","damage_taken":0,"max_hp_gain":0,"max_hp_loss":0,"event_name":"Lab","floor":13,"gold_loss":0}],"is_beta":true,"boss_relics":[{"not_picked":["Snecko Eye","Fusion Hammer"],"picked":"Nuclear Battery"}],"items_purged_floors":[8],"is_endless":false,"potions_floor_spawned":[1,6,12,16,18],"killed_by":"Cultist and Chosen","ascension_level":1}