{"gold_per_floor":[112,112,129,129,143,143,0,24,24,35,49,77,96,130,130,233,233,244,144,244,18,38,370,390,390,462,490,490,500,500,517,517,621,621,641,652,702,714,433,433,445,445,445,164,164,164,86,98,98,98],"floor_reached":50,"playtime":3504,"items_purged":["Defend_R","Reckless Charge","Defend_R","Decay"],"score":838,"play_id":"b67cc0f0-d7a3-42be-8cbc-3fb9f301bb8a","local_time":"20191003125705","is_ascension_mode":true,"campfire_choices":[{"data":"Battle Trance","floor":6,"key":"SMITH"},{"data":"Power Through","floor":15,"key":"SMITH"},{"data":"Bludgeon","floor":25,"key":"SMITH"},{"data":"Flame Barrier","floor":28,"key":"SMITH"},{"data":"Dual Wield","floor":30,"key":"SMITH"},{"data":"Perfected Strike","floor":32,"key":"SMITH"},{"data":"Bash","floor":40,"key":"SMITH"},{"data":"Demon Form","floor":42,"key":"SMITH"},{"data":"Berserk","floor":49,"key":"SMITH"}],"neow_cost":"NONE","seed_source_timestamp":1210158302609000,"circlet_count":0,"master_deck":["AscendersBane","Strike_R","Strike_R","Strike_R","Strike_R","Strike_R+1","Defend_R+1","Bash+1","Reaper","Perfected Strike+1","Power Through+1","Battle Trance+1","Bludgeon+1","Berserk+1","Armaments+1","Reaper","Dual Wield+1","Carnage+1","Carnage","Perfected Strike+1","Flame Barrier+1","Demon Form+1","Perfected Strike+1","HandOfGreed+1","Enlightenment","Madness","Madness","Heavy Blade+1"],"relics":["Burning Blood","Vajra","Blue Candle","Ancient Tea Set","War Paint","Snecko Eye","Anchor","Old Coin","Self Forming Clay","Nunchaku","Cursed Key","FossilizedHelix","Potion Belt","Molten Egg 2","Membership Card","Whetstone"],"potions_floor_usage":[5,12,13,24,27,33,48,50,50,50],"damage_taken":[{"damage":3,"enemies":"2 Louse","floor":1,"turns":6},{"damage":1,"enemies":"Cultist","floor":3,"turns":4},{"damage":2,"enemies":"Small Slimes","floor":5,"turns":2},{"damage":13,"enemies":"Exordium Thugs","floor":10,"turns":3},{"damage":12,"enemies":"Looter","floor":11,"turns":3},{"damage":15,"enemies":"Lagavulin","floor":12,"turns":5},{"damage":21,"enemies":"Lots of Slimes","floor":13,"turns":4},{"damage":18,"enemies":"Gremlin Nob","floor":14,"turns":3},{"damage":0,"enemies":"Slime Boss","floor":16,"turns":5},{"damage":21,"enemies":"2 Thieves","floor":18,"turns":4},{"damage":12,"enemies":"Shell Parasite","floor":22,"turns":3},{"damage":23,"enemies":"Book of Stabbing","floor":23,"turns":3},{"damage":5,"enemies":"Centurion and Healer","floor":24,"turns":6},{"damage":10,"enemies":"Slavers","floor":27,"turns":4},{"damage":2,"enemies":"3 Cultists","floor":29,"turns":4},{"damage":0,"enemies":"Snecko","floor":31,"turns":2},{"damage":18,"enemies":"Automaton","floor":33,"turns":7},{"damage":4,"enemies":"3 Darklings","floor":35,"turns":6},{"damage":1,"enemies":"3 Shapes","floor":36,"turns":3},{"damage":15,"enemies":"2 Orb Walkers","floor":37,"turns":3},{"damage":37,"enemies":"Writhing Mass","floor":38,"turns":5},{"damage":12,"enemies":"Sphere and 2 Shapes","floor":41,"turns":3},{"damage":0,"enemies":"Maw","floor":48,"turns":3},{"damage":98,"enemies":"Time Eater","floor":50,"turns":6}],"seed_played":"1452346362159202120","potions_obtained":[{"floor":3,"key":"Explosive Potion"},{"floor":5,"key":"SteroidPotion"},{"floor":10,"key":"Weak Potion"},{"floor":16,"key":"Regen Potion"},{"floor":22,"key":"Weak Potion"},{"floor":23,"key":"PowerPotion"},{"floor":24,"key":"Strength Potion"},{"floor":27,"key":"LiquidBronze"},{"floor":36,"key":"Regen Potion"},{"floor":41,"key":"SkillPotion"}],"is_trial":false,"path_per_floor":["M","?","M","?","M","R","$","T","T","M","M","E","M","E","R","B",null,"M","$","?","$","M","E","M","R","T","E","R","M","R","M","R","B",null,"M","M","?","M","$","R","M","R","T","$","?","?","$","M","R","B"],"character_chosen":"IRONCLAD","items_purchased":["Bludgeon","Anchor","Carnage","Potion Belt","Membership Card","Whetstone"],"campfire_rested":0,"item_purchase_floors":[7,21,21,39,44,47],"current_hp_per_floor":[75,75,80,80,80,80,80,80,80,73,72,63,65,53,53,59,75,71,71,71,71,71,67,78,78,78,74,74,80,80,80,80,68,77,79,80,80,53,53,53,62,62,62,62,52,42,42,53,53,0],"gold":98,"neow_bonus":"ONE_RANDOM_RARE_CARD","is_prod":false,"is_daily":false,"chose_seed":false,"campfire_upgraded":9,"win_rate":0,"timestamp":1570103825,"path_taken":["M","?","?","?","M","R","$","?","T","M","M","E","M","E","R","BOSS","M","$","?","?","M","E","M","R","T","E","R","M","R","?","R","BOSS","M","M","?","M","$","R","M","R","T","?","?","?","$","M","R","BOSS"],"build_version":"2019-07-17","purchased_purges":4,"victory":false,"max_hp_per_floor":[80,80,80,80,80,80,80,80,80,80,80,80,80,80,80,80,80,80,80,80,80,80,80,80,80,80,80,80,80,80,80,80,80,80,80,80,80,80,80,80,80,80,80,80,80,80,80,80,80,80],"card_choices":[{"not_picked":["Sword Boomerang","Warcry"],"picked":"Perfected Strike","floor":1},{"not_picked":["Clothesline","Sword Boomerang"],"picked":"Power Through","floor":3},{"not_picked":["Pommel Strike","Dropkick"],"picked":"Battle Trance","floor":5},{"not_picked":["Clothesline","Body Slam","Berserk"],"picked":"SKIP","floor":10},{"not_picked":["Clothesline","Body Slam"],"picked":"Berserk","floor":10},{"not_picked":["Flex","Pommel Strike","Sword Boomerang"],"picked":"SKIP","floor":11},{"not_picked":["Headbutt","Pommel Strike","Anger"],"picked":"SKIP","floor":12},{"not_picked":["Heavy Blade","Hemokinesis"],"picked":"Armaments","floor":13},{"not_picked":["Thunderclap","Anger"],"picked":"Reckless Charge","floor":14},{"not_picked":["Berserk","Juggernaut"],"picked":"Reaper","floor":16},{"not_picked":["Sword Boomerang","Sentinel"],"picked":"Dual Wield","floor":18},{"not_picked":["Cleave","Clothesline+1"],"picked":"Carnage","floor":22},{"not_picked":["Body Slam+1","Anger","Twin Strike"],"picked":"SKIP","floor":23},{"not_picked":["Whirlwind+1","Pommel Strike+1"],"picked":"Perfected Strike+1","floor":24},{"not_picked":["Carnage","Battle Trance"],"picked":"Flame Barrier","floor":27},{"not_picked":["Burning Pact","Bloodletting","Armaments"],"picked":"SKIP","floor":29},{"not_picked":["Dropkick+1","Armaments+1","Warcry"],"picked":"SKIP","floor":31},{"not_picked":["Berserk","Immolate"],"picked":"Demon Form","floor":33},{"not_picked":["Wild Strike+1","Reckless Charge+1","Clash+1"],"picked":"SKIP","floor":35},{"not_picked":["Sword Boomerang","True Grit"],"picked":"Perfected Strike+1","floor":36},{"not_picked":["Hemokinesis+1","Wild Strike","Evolve"],"picked":"SKIP","floor":38},{"not_picked":["Havoc+1","Anger+1","Sword Boomerang+1"],"picked":"SKIP","floor":41},{"not_picked":["Finesse","Chrysalis"],"picked":"HandOfGreed+1","floor":45},{"not_picked":["Impatience","Thinking Ahead"],"picked":"Enlightenment","floor":45},{"not_picked":["Flex+1","Warcry+1"],"picked":"Heavy Blade+1","floor":48}],"player_experience":230278,"relics_obtained":[{"floor":8,"key":"Vajra"},{"floor":9,"key":"Blue Candle"},{"floor":12,"key":"Ancient Tea Set"},{"floor":14,"key":"War Paint"},{"floor":23,"key":"Old Coin"},{"floor":26,"key":"Self Forming Clay"},{"floor":27,"key":"Nunchaku"},{"floor":37,"key":"FossilizedHelix"},{"floor":43,"key":"Molten Egg 2"}],"event_choices":[{"cards_removed":["Defend_R"],"damage_healed":0,"gold_gain":0,"player_choice":"Purged","damage_taken":0,"max_hp_gain":0,"max_hp_loss":0,"event_name":"Purifier","floor":2,"gold_loss":0},{"damage_healed":0,"gold_gain":0,"player_choice":"Full Heal","damage_taken":0,"max_hp_gain":0,"max_hp_loss":0,"event_name":"Wheel of Change","floor":4,"gold_loss":0},{"damage_healed":0,"gold_gain":100,"player_choice":"Pray","damage_taken":0,"max_hp_gain":0,"max_hp_loss":0,"event_name":"Golden Shrine","floor":20,"gold_loss":0},{"damage_healed":0,"gold_gain":0,"player_choice":"Fight","damage_taken":0,"max_hp_gain":0,"max_hp_loss":0,"event_name":"Mysterious Sphere","floor":37,"gold_loss":0},{"damage_healed":0,"gold_gain":0,"player_choice":"Memory 3","damage_taken":10,"max_hp_gain":0,"max_hp_loss":0,"event_name":"SensoryStone","floor":45,"gold_loss":0},{"damage_healed":0,"gold_gain":0,"player_choice":"Embrace Madness","damage_taken":10,"max_hp_gain":0,"max_hp_loss":0,"event_name":"Winding Halls","floor":46,"gold_loss":0,"cards_obtained":["Madness","Madness"]}],"is_beta":false,"boss_relics":[{"not_picked":["Lizard Tail","Empty Cage"],"picked":"Snecko Eye"},{"not_picked":["Orrery","Busted Crown"],"picked":"Cursed Key"}],"items_purged_floors":[7,19,39,44],"is_endless":false,"potions_floor_spawned":[3,5,10,16,22,23,24,27,36,41],"killed_by":"Time Eater","ascension_level":10}