{"gold_per_floor":[111,111,124,134,154,188,188,223,299,327,327,327,342,356,356,453,453,466,486,436,450,186,218,218,6,33,33,133,133,149,149,149,247,247,260,276,276,296,233,233,58,58,58,58,68,0,0,18,18,18],"floor_reached":51,"playtime":5889,"items_purged":["Defend_G","Strike_G","Catalyst"],"score":962,"play_id":"a2a95d11-4d70-4964-8fc9-739a2705419a","local_time":"20190423010716","is_ascension_mode":true,"campfire_choices":[{"data":"Skewer","floor":7,"key":"SMITH"},{"data":"Quick Slash","floor":12,"key":"SMITH"},{"data":"Backflip","floor":15,"key":"SMITH"},{"data":"Expertise","floor":24,"key":"SMITH"},{"data":"Tactician","floor":27,"key":"SMITH"},{"data":"Tools of the Trade","floor":32,"key":"SMITH"},{"data":"Backflip","floor":40,"key":"SMITH"},{"data":"Magnetism","floor":44,"key":"SMITH"},{"data":"Acrobatics","floor":47,"key":"SMITH"},{"data":"Acrobatics","floor":49,"key":"SMITH"}],"neow_cost":"NONE","seed_source_timestamp":295517882490447,"circlet_count":0,"master_deck":["Survivor","Neutralize","Quick Slash+1","Predator","Skewer+1","Expertise+1","Glass Knife+1","Backflip+1","Backflip+1","Concentrate","Tactician+1","Concentrate","Tools of the Trade+1","Underhanded Strike+1","Decay","Acrobatics+1","Escape Plan","Dagger Throw","Cloak And Dagger","Sucker Punch","Underhanded Strike","Backflip","Backflip","Magnetism+1","Acrobatics+1"],"relics":["HoveringKite","Bag of Preparation","Turnip","Ornamental Fan","Potion Belt","The Courier","White Beast Statue","Bronze Scales","Pocketwatch","Membership Card","Whetstone","Sundial","Du-Vu Doll","Pandora\u0027s Box","Gremlin Horn","Paper Crane","Red Mask"],"potions_floor_usage":[6,10,16,16,16,16,16,16,23,30,33,33,33,38,50,50,50],"damage_taken":[{"damage":2,"enemies":"Cultist","floor":1,"turns":4},{"damage":0,"enemies":"Jaw Worm","floor":3,"turns":3},{"damage":0,"enemies":"Small Slimes","floor":4,"turns":4},{"damage":0,"enemies":"Gremlin Gang","floor":5,"turns":5},{"damage":12,"enemies":"Gremlin Nob","floor":6,"turns":3},{"damage":20,"enemies":"3 Sentries","floor":8,"turns":7},{"damage":30,"enemies":"Lagavulin","floor":10,"turns":4},{"damage":0,"enemies":"Red Slaver","floor":13,"turns":3},{"damage":0,"enemies":"3 Louse","floor":14,"turns":3},{"damage":0,"enemies":"The Guardian","floor":16,"turns":9},{"damage":15,"enemies":"Shell Parasite","floor":18,"turns":11},{"damage":0,"enemies":"Chosen","floor":19,"turns":4},{"damage":1,"enemies":"Snecko","floor":21,"turns":3},{"damage":30,"enemies":"Gremlin Leader","floor":23,"turns":7},{"damage":9,"enemies":"Colosseum Slavers","floor":28,"turns":3},{"damage":0,"enemies":"Colosseum Nobs","floor":28,"turns":4},{"damage":1,"enemies":"Snake Plant","floor":30,"turns":3},{"damage":29,"enemies":"Champ","floor":33,"turns":9},{"damage":0,"enemies":"Orb Walker","floor":35,"turns":2},{"damage":0,"enemies":"3 Darklings","floor":36,"turns":3},{"damage":16,"enemies":"4 Shapes","floor":38,"turns":4},{"damage":0,"enemies":"Jaw Worm Horde","floor":45,"turns":2},{"damage":1,"enemies":"Spire Growth","floor":48,"turns":3},{"damage":0,"enemies":"Awakened One","floor":50,"turns":6}],"seed_played":"3571925962879119282","potions_obtained":[{"floor":3,"key":"Swift Potion"},{"floor":5,"key":"Fruit Juice"},{"floor":6,"key":"Swift Potion"},{"floor":13,"key":"Fire Potion"},{"floor":14,"key":"EntropicBrew"},{"floor":18,"key":"Weak Potion"},{"floor":19,"key":"Regen Potion"},{"floor":21,"key":"SmokeBomb"},{"floor":23,"key":"Fire Potion"},{"floor":28,"key":"EssenceOfSteel"},{"floor":30,"key":"Strength Potion"},{"floor":33,"key":"Swift Potion"},{"floor":35,"key":"LiquidBronze"},{"floor":36,"key":"SpeedPotion"},{"floor":38,"key":"Energy Potion"},{"floor":48,"key":"Swift Potion"}],"is_trial":false,"path_per_floor":["M","?","M","M","M","E","R","E","T","E","?","R","M","M","R","B",null,"M","M","?","M","$","E","R","$","T","R","?","?","M","?","R","B",null,"M","M","?","M","$","R","$","?","T","R","M","?","R","M","R","B",null],"character_chosen":"THE_SILENT","items_purchased":["Tactician","Bronze Scales","Concentrate","Membership Card","Gremlin Horn","Magnetism"],"campfire_rested":0,"item_purchase_floors":[22,22,22,25,41,41],"current_hp_per_floor":[68,68,68,68,68,56,56,36,36,11,11,11,11,11,11,11,75,60,60,60,59,59,44,44,44,44,44,35,35,34,34,34,5,75,75,75,75,59,59,59,59,85,85,85,85,85,85,84,84,84],"gold":18,"neow_bonus":"BOSS_RELIC","is_prod":false,"is_daily":false,"chose_seed":false,"campfire_upgraded":10,"win_rate":0,"timestamp":1555978036,"path_taken":["M","?","M","?","M","E","R","E","T","E","?","R","?","M","R","BOSS","M","M","?","?","$","E","R","?","T","R","?","?","M","?","R","BOSS","M","M","?","M","$","R","$","?","T","R","?","?","R","M","R","BOSS"],"build_version":"2019-01-23","purchased_purges":3,"victory":true,"max_hp_per_floor":[70,70,70,70,70,70,70,70,70,75,75,75,75,75,75,75,75,75,75,75,75,75,75,75,75,75,75,75,75,75,75,75,75,75,75,75,75,75,75,75,75,85,85,85,85,85,85,85,85,85],"card_choices":[{"not_picked":["PiercingWail","Dodge and Roll"],"picked":"Quick Slash","floor":1},{"not_picked":["Poisoned Stab","Skewer"],"picked":"Predator","floor":3},{"not_picked":["Slice","Dagger Spray","Outmaneuver"],"picked":"SKIP","floor":4},{"not_picked":["Slice","Dagger Spray"],"picked":"Skewer","floor":5},{"not_picked":["Flechettes","Poisoned Stab"],"picked":"Expertise","floor":6},{"not_picked":["Catalyst","Backflip"],"picked":"Glass Knife","floor":8},{"not_picked":["Heel Hook","Deadly Poison","Cloak And Dagger"],"picked":"SKIP","floor":10},{"not_picked":["Heel Hook","Deadly Poison","Cloak And Dagger"],"picked":"SKIP","floor":10},{"not_picked":["Cloak And Dagger","Poisoned Stab"],"picked":"Backflip","floor":13},{"not_picked":["Blur","Setup","Flying Knee"],"picked":"SKIP","floor":14},{"not_picked":["Blade Dance","Deadly Poison","Finisher"],"picked":"SKIP","floor":18},{"not_picked":["Dagger Throw+1","Deadly Poison+1"],"picked":"Backflip","floor":19},{"not_picked":["Catalyst","Quick Slash"],"picked":"Concentrate","floor":21},{"not_picked":["Endless Agony+1","Accuracy"],"picked":"Tools of the Trade","floor":23},{"not_picked":["Dagger Throw","Cloak And Dagger+1"],"picked":"Underhanded Strike+1","floor":28},{"not_picked":["Dagger Throw","Underhanded Strike"],"picked":"Acrobatics","floor":30},{"not_picked":["Die Die Die","Glass Knife"],"picked":"Wraith Form v2","floor":33},{"not_picked":["Infinite Blades+1","Endless Agony+1","PiercingWail+1"],"picked":"SKIP","floor":35},{"not_picked":["Footwork","Dagger Spray+1"],"picked":"Backflip","floor":36},{"not_picked":["Noxious Fumes+1","Bouncing Flask+1","Deflect"],"picked":"SKIP","floor":38},{"not_picked":["Dagger Spray+1","Sucker Punch","Setup+1"],"picked":"SKIP","floor":45},{"not_picked":["Bouncing Flask+1","Deflect"],"picked":"Acrobatics","floor":48}],"player_experience":208005,"relics_obtained":[{"floor":6,"key":"Bag of Preparation"},{"floor":8,"key":"Turnip"},{"floor":9,"key":"Ornamental Fan"},{"floor":10,"key":"Potion Belt"},{"floor":23,"key":"Pocketwatch"},{"floor":26,"key":"Whetstone"},{"floor":28,"key":"Sundial"},{"floor":28,"key":"Du-Vu Doll"},{"floor":43,"key":"Paper Crane"}],"event_choices":[{"cards_removed":["Strike_G"],"damage_healed":0,"gold_gain":0,"player_choice":"Purged","damage_taken":0,"max_hp_gain":0,"max_hp_loss":0,"event_name":"Purifier","floor":2,"gold_loss":0},{"damage_healed":0,"gold_gain":0,"player_choice":"Gave Potion","damage_taken":0,"relics_obtained":["The Courier"],"max_hp_gain":0,"max_hp_loss":0,"event_name":"WeMeetAgain","floor":11,"gold_loss":0},{"damage_healed":0,"gold_gain":0,"player_choice":"Bet on Murderer","damage_taken":0,"max_hp_gain":0,"max_hp_loss":0,"event_name":"The Joust","floor":20,"gold_loss":50},{"damage_healed":0,"gold_gain":0,"player_choice":"Fight","damage_taken":0,"max_hp_gain":0,"max_hp_loss":0,"event_name":"Colosseum","floor":28,"gold_loss":0},{"damage_healed":0,"gold_gain":0,"player_choice":"Fought Nobs","damage_taken":0,"max_hp_gain":0,"max_hp_loss":0,"event_name":"Colosseum","floor":28,"gold_loss":0},{"damage_healed":0,"gold_gain":0,"player_choice":"Smashed Altar","damage_taken":0,"max_hp_gain":0,"max_hp_loss":0,"event_name":"Forgotten Altar","floor":29,"gold_loss":0,"cards_obtained":["Decay"]},{"damage_healed":0,"gold_gain":0,"cards_transformed":["Defend_G","Strike_G"],"player_choice":"Became Test Subject","damage_taken":0,"max_hp_gain":0,"max_hp_loss":0,"event_name":"Drug Dealer","floor":31,"gold_loss":0,"cards_obtained":["Escape Plan","Catalyst"]},{"damage_healed":0,"gold_gain":0,"player_choice":"Bought 0 Potions","damage_taken":0,"max_hp_gain":0,"max_hp_loss":0,"event_name":"The Woman in Blue","floor":37,"gold_loss":0},{"cards_removed":["Wraith Form v2"],"damage_healed":16,"gold_gain":0,"player_choice":"Offered Rare","damage_taken":0,"max_hp_gain":10,"max_hp_loss":0,"event_name":"Bonfire Elementals","floor":42,"gold_loss":0},{"damage_healed":0,"gold_gain":0,"player_choice":"Paid","damage_taken":0,"relics_obtained":["Red Mask"],"max_hp_gain":0,"max_hp_loss":0,"event_name":"Tomb of Lord Red Mask","floor":46,"gold_loss":68}],"is_beta":false,"boss_relics":[{"not_picked":["Tiny House","Orrery"],"picked":"White Beast Statue"},{"not_picked":["Runic Dome","Runic Pyramid"],"picked":"Pandora\u0027s Box"}],"items_purged_floors":[22,25,39],"is_endless":false,"potions_floor_spawned":[3,5,6,13,14,18,19,21,23,28,28,30,33,35,36,38,45,48],"ascension_level":4}