{"gold_per_floor":[113,113,125,145,162,192,206,218,293,326,326,344,373,392,392,494,494,513,530,530,530,136,164,180,193,193,193,226,240,256,256,256,357,357,374,374,151,201,201,229,239,270,352,370,386,401,432,450,450,450,450,450,15,40,40],"floor_reached":56,"playtime":4867,"items_purged":["Pain"],"score":2008,"play_id":"a61c4ba9-d278-4a05-bd7e-33465d6c52ef","local_time":"20190914122807","is_ascension_mode":true,"campfire_choices":[{"floor":11,"key":"REST"},{"floor":15,"key":"REST"},{"data":"Feed","floor":32,"key":"SMITH"},{"floor":49,"key":"RECALL"},{"data":"Demon Form","floor":52,"key":"SMITH"}],"neow_cost":"NONE","seed_source_timestamp":147825377640200,"circlet_count":0,"master_deck":["AscendersBane","Strike_R","Strike_R","Strike_R","Strike_R","Strike_R","Defend_R","Defend_R+1","Defend_R","Defend_R+1","Bash+1","Corruption","Feel No Pain","Shrug It Off","Pummel","Feed+1","Thunderclap","Cleave","Dropkick","Flex","Spot Weakness","Cleave","Reaper+1","Shrug It Off","Thunderclap+1","Reaper","Shrug It Off+1","Warcry+1","Heavy Blade+1","Dropkick+1","Sentinel+1","Burning Pact+1","Feed+1","Sentinel+1","Pommel Strike+1","Offering+1","Sentinel+1","Sentinel+1","Uppercut+1","Spot Weakness+1","Thunderclap+1","Flex+1","Metallicize","Spot Weakness+1","Spot Weakness+1","Demon Form+1","Sword Boomerang+1","Uppercut+1","Mayhem","Pummel+1"],"relics":["Burning Blood","NeowsBlessing","Anchor","Tiny Chest","Thread and Needle","Bottled Tornado","Snecko Eye","Toxic Egg 2","Blood Vial","Molten Egg 2","Nilry\u0027s Codex","Lantern","Calling Bell","Pen Nib","Mummified Hand","Prayer Wheel","Bronze Scales","Pocketwatch","Pear","Smiling Mask","StoneCalendar","Whetstone","Bag of Preparation"],"potions_floor_usage":[6,10,14,16,16,18,23,28,28,41,45,54,54,55],"damage_taken":[{"damage":0,"enemies":"2 Louse","floor":1,"turns":1},{"damage":0,"enemies":"Jaw Worm","floor":3,"turns":1},{"damage":0,"enemies":"Small Slimes","floor":4,"turns":1},{"damage":3,"enemies":"3 Louse","floor":5,"turns":6},{"damage":18,"enemies":"3 Sentries","floor":6,"turns":10},{"damage":5,"enemies":"2 Fungi Beasts","floor":7,"turns":5},{"damage":11,"enemies":"Blue Slaver","floor":8,"turns":5},{"damage":44,"enemies":"Lagavulin","floor":10,"turns":5},{"damage":6,"enemies":"Large Slime","floor":12,"turns":6},{"damage":8,"enemies":"3 Sentries","floor":13,"turns":10},{"damage":1,"enemies":"Gremlin Gang","floor":14,"turns":5},{"damage":72,"enemies":"Hexaghost","floor":16,"turns":9},{"damage":19,"enemies":"3 Byrds","floor":18,"turns":6},{"damage":0,"enemies":"2 Thieves","floor":19,"turns":3},{"damage":21,"enemies":"Book of Stabbing","floor":23,"turns":5},{"damage":0,"enemies":"Cultist and Chosen","floor":24,"turns":5},{"damage":8,"enemies":"Shelled Parasite and Fungi","floor":25,"turns":5},{"damage":29,"enemies":"Gremlin Leader","floor":28,"turns":5},{"damage":0,"enemies":"Centurion and Healer","floor":29,"turns":3},{"damage":11,"enemies":"Cultist and Chosen","floor":30,"turns":5},{"damage":38,"enemies":"Automaton","floor":33,"turns":9},{"damage":4,"enemies":"Orb Walker","floor":35,"turns":3},{"damage":44,"enemies":"2 Orb Walkers","floor":38,"turns":5},{"damage":27,"enemies":"Giant Head","floor":40,"turns":6},{"damage":16,"enemies":"3 Shapes","floor":41,"turns":2},{"damage":6,"enemies":"Reptomancer","floor":42,"turns":2},{"damage":6,"enemies":"Sphere and 2 Shapes","floor":44,"turns":4},{"damage":6,"enemies":"Jaw Worm Horde","floor":45,"turns":2},{"damage":6,"enemies":"3 Darklings","floor":46,"turns":1},{"damage":6,"enemies":"Giant Head","floor":47,"turns":5},{"damage":6,"enemies":"Writhing Mass","floor":48,"turns":3},{"damage":60,"enemies":"Awakened One","floor":50,"turns":6},{"damage":48,"enemies":"Shield and Spear","floor":54,"turns":4},{"damage":133,"enemies":"The Heart","floor":55,"turns":7}],"seed_played":"-8192219178454116668","potions_obtained":[{"floor":5,"key":"AttackPotion"},{"floor":6,"key":"PowerPotion"},{"floor":8,"key":"LiquidBronze"},{"floor":10,"key":"Strength Potion"},{"floor":13,"key":"Poison Potion"},{"floor":16,"key":"Fruit Juice"},{"floor":19,"key":"LiquidBronze"},{"floor":24,"key":"Poison Potion"},{"floor":28,"key":"Fruit Juice"},{"floor":33,"key":"SteroidPotion"},{"floor":38,"key":"Poison Potion"},{"floor":42,"key":"GamblersBrew"},{"floor":47,"key":"SpeedPotion"},{"floor":48,"key":"Ancient Potion"},{"floor":54,"key":"Energy Potion"}],"is_trial":false,"path_per_floor":["M","?","M","M","M","E","M","M","T","E","R","M","E","M","R","B",null,"M","M","?","?","$","E","M","M","T","?","E","M","M","?","R","B",null,"M","?","$","?","?","E","M","E","T","M","M","M","E","M","R","B",null,"R","$","E","B",null],"character_chosen":"IRONCLAD","items_purchased":["Toxic Egg 2","Reaper","Bronze Scales","Fire Potion","Dexterity Potion","Whetstone","Mayhem"],"campfire_rested":2,"item_purchase_floors":[22,22,37,53,53,53,53],"current_hp_per_floor":[78,62,68,74,77,65,69,67,67,29,54,57,58,66,94,28,78,76,92,92,71,71,70,92,111,111,95,92,119,117,117,117,103,120,126,126,126,92,92,92,115,140,140,148,152,156,160,164,164,158,169,169,169,151,31],"gold":40,"neow_bonus":"THREE_ENEMY_KILL","is_prod":false,"is_daily":false,"chose_seed":false,"campfire_upgraded":2,"win_rate":0,"timestamp":1568478487,"path_taken":["M","?","M","M","M","E","M","M","T","E","R","M","E","M","R","BOSS","M","M","?","?","$","E","M","M","T","?","E","M","M","?","R","BOSS","M","?","$","?","?","E","M","E","T","M","?","?","E","M","R","BOSS","R","$","E","BOSS"],"build_version":"2019-07-17","purchased_purges":1,"victory":true,"max_hp_per_floor":[80,80,80,80,80,80,83,86,86,86,86,89,92,95,95,95,95,100,103,103,108,108,108,108,111,111,111,119,119,122,122,122,126,126,126,126,126,126,126,136,140,140,140,148,152,156,160,164,164,172,172,172,172,172,172],"card_choices":[{"not_picked":["Sword Boomerang","Warcry"],"picked":"Corruption","floor":1},{"not_picked":["Corruption","Pummel"],"picked":"Feel No Pain","floor":3},{"not_picked":["Blood for Blood","Feel No Pain"],"picked":"Shrug It Off","floor":4},{"not_picked":["Iron Wave","Power Through"],"picked":"Pummel","floor":5},{"not_picked":["Searing Blow","Double Tap"],"picked":"Feed","floor":6},{"not_picked":["Clothesline","Power Through"],"picked":"Thunderclap","floor":7},{"not_picked":["Fire Breathing","Warcry"],"picked":"Cleave","floor":8},{"not_picked":["Heavy Blade","Havoc"],"picked":"Dropkick","floor":10},{"not_picked":["Shockwave","Anger"],"picked":"Flex","floor":12},{"not_picked":["Burning Pact","Anger"],"picked":"Spot Weakness","floor":13},{"not_picked":["Flex","Evolve"],"picked":"Cleave","floor":14},{"not_picked":["Limit Break","Barricade"],"picked":"Reaper","floor":16},{"not_picked":["Clothesline","Perfected Strike"],"picked":"Shrug It Off","floor":18},{"not_picked":["Anger","Armaments"],"picked":"Thunderclap+1","floor":19},{"not_picked":["Rupture","Pommel Strike"],"picked":"Shrug It Off+1","floor":23},{"not_picked":["Berserk","Pommel Strike"],"picked":"Inflame","floor":24},{"not_picked":["Perfected Strike+1","Wild Strike"],"picked":"Warcry+1","floor":25},{"not_picked":["Twin Strike+1","Fire Breathing"],"picked":"Heavy Blade+1","floor":28},{"not_picked":["Second Wind+1","Fire Breathing"],"picked":"Dropkick+1","floor":29},{"not_picked":["Anger+1","Carnage+1"],"picked":"Sentinel+1","floor":30},{"not_picked":["Barricade","Dark Embrace"],"picked":"Feed+1","floor":33},{"not_picked":["Wild Strike+1","Inflame"],"picked":"Sentinel+1","floor":35},{"not_picked":["Flex+1","Clash+1","Havoc+1"],"picked":"SKIP","floor":35},{"not_picked":["Clash+1","Iron Wave+1"],"picked":"Pommel Strike+1","floor":38},{"not_picked":["Carnage+1","Perfected Strike+1"],"picked":"Offering+1","floor":40},{"not_picked":["Sword Boomerang+1","Intimidate+1"],"picked":"Sentinel+1","floor":41},{"not_picked":["Sword Boomerang+1","Carnage+1"],"picked":"Sentinel+1","floor":41},{"not_picked":["Headbutt+1","Clash+1"],"picked":"Uppercut+1","floor":42},{"not_picked":["Dual Wield+1","Heavy Blade+1"],"picked":"Spot Weakness+1","floor":44},{"not_picked":["Armaments+1","Ghostly Armor+1"],"picked":"Thunderclap+1","floor":44},{"not_picked":["Anger+1","Havoc+1"],"picked":"Flex+1","floor":45},{"not_picked":["Searing Blow+1","Body Slam+1"],"picked":"Metallicize","floor":45},{"not_picked":["Perfected Strike+1","Havoc+1"],"picked":"Spot Weakness+1","floor":46},{"not_picked":["Body Slam+1","Seeing Red+1"],"picked":"Spot Weakness+1","floor":46},{"not_picked":["Wild Strike+1","Rupture+1"],"picked":"Demon Form","floor":47},{"not_picked":["Body Slam+1","Headbutt+1"],"picked":"Sword Boomerang+1","floor":48},{"not_picked":["Ghostly Armor+1","Clash+1"],"picked":"Uppercut+1","floor":48},{"not_picked":["Thunderclap+1","Rampage+1"],"picked":"Pummel+1","floor":54}],"player_experience":597198,"relics_obtained":[{"floor":6,"key":"Anchor"},{"floor":9,"key":"Tiny Chest"},{"floor":10,"key":"Thread and Needle"},{"floor":13,"key":"Bottled Tornado"},{"floor":23,"key":"Blood Vial"},{"floor":26,"key":"Molten Egg 2"},{"floor":27,"key":"Nilry\u0027s Codex"},{"floor":28,"key":"Lantern"},{"floor":34,"key":"Pen Nib"},{"floor":34,"key":"Mummified Hand"},{"floor":34,"key":"Prayer Wheel"},{"floor":38,"key":"Pocketwatch"},{"floor":40,"key":"Pear"},{"floor":42,"key":"Smiling Mask"},{"floor":47,"key":"StoneCalendar"},{"floor":54,"key":"Bag of Preparation"}],"event_choices":[{"damage_healed":0,"gold_gain":0,"player_choice":"Entered Light","damage_taken":16,"max_hp_gain":0,"max_hp_loss":0,"event_name":"Shining Light","floor":2,"gold_loss":0,"cards_upgraded":["Defend_R","Defend_R"]},{"damage_healed":0,"gold_gain":0,"player_choice":"Ignored","damage_taken":0,"max_hp_gain":0,"max_hp_loss":0,"event_name":"Ghosts","floor":20,"gold_loss":0},{"damage_healed":0,"gold_gain":0,"player_choice":"Shed Blood","damage_taken":26,"max_hp_gain":5,"max_hp_loss":0,"event_name":"Forgotten Altar","floor":21,"gold_loss":0},{"damage_healed":0,"gold_gain":0,"player_choice":"Obtained Book","damage_taken":16,"max_hp_gain":0,"max_hp_loss":0,"event_name":"Cursed Tome","floor":27,"gold_loss":0},{"damage_healed":0,"gold_gain":0,"player_choice":"Read","damage_taken":0,"max_hp_gain":0,"max_hp_loss":0,"event_name":"The Library","floor":31,"gold_loss":0,"cards_obtained":["Burning Pact"]},{"cards_removed":["Inflame"],"damage_healed":0,"gold_gain":0,"player_choice":"Removed Power","damage_taken":0,"max_hp_gain":0,"max_hp_loss":0,"event_name":"Falling","floor":36,"gold_loss":0},{"damage_healed":0,"gold_gain":0,"player_choice":"Fight","damage_taken":0,"max_hp_gain":0,"max_hp_loss":0,"event_name":"Mysterious Sphere","floor":38,"gold_loss":0},{"cards_removed":["Writhe","Clumsy"],"damage_healed":0,"gold_gain":0,"player_choice":"Removed Curses","damage_taken":0,"max_hp_gain":0,"max_hp_loss":0,"event_name":"Fountain of Cleansing","floor":39,"gold_loss":0}],"is_beta":false,"boss_relics":[{"not_picked":["Cursed Key","Tiny House"],"picked":"Snecko Eye"},{"not_picked":["Coffee Dripper","Runic Cube"],"picked":"Calling Bell"}],"items_purged_floors":[37],"is_endless":false,"potions_floor_spawned":[5,6,8,10,13,16,19,24,28,33,38,42,47,48,54],"ascension_level":10}