{"gold_per_floor":[117,128,145,95,370,395,95,123,123,123,137,170,184,194,194,295,295,310,327,327,341,341],"floor_reached":22,"playtime":1446,"items_purged":["Regret"],"score":309,"play_id":"e45f9af5-63a1-47d4-a2e7-a5c66cc5358c","local_time":"20181223233322","is_ascension_mode":true,"campfire_choices":[{"data":"Havoc","floor":10,"key":"SMITH"},{"data":"Infernal Blade","floor":15,"key":"SMITH"}],"neow_cost":"PERCENT_DAMAGE","seed_source_timestamp":282491712064345,"circlet_count":0,"master_deck":["Strike_R","Strike_R","Defend_R","Defend_R","Bash","Evolve","Thunderclap","Infernal Blade+1","Inflame","Spot Weakness","Cleave","Havoc+1","Berserk","Anger","Sword Boomerang","Feed","Rampage+1","Reaper"],"relics":["Burning Blood","Bronze Scales","Lee\u0027s Waffle","Pear","Dream Catcher","Nloth\u0027s Gift"],"potions_floor_usage":[6,14,16,19,21,22],"damage_taken":[{"damage":6,"enemies":"Cultist","floor":1,"turns":4},{"damage":9,"enemies":"2 Louse","floor":2,"turns":4},{"damage":12,"enemies":"Jaw Worm","floor":3,"turns":2},{"damage":33,"enemies":"Lagavulin","floor":6,"turns":5},{"damage":22,"enemies":"3 Sentries","floor":8,"turns":4},{"damage":9,"enemies":"Blue Slaver","floor":11,"turns":3},{"damage":30,"enemies":"Gremlin Nob","floor":12,"turns":3},{"damage":21,"enemies":"Lots of Slimes","floor":13,"turns":2},{"damage":3,"enemies":"Exordium Thugs","floor":14,"turns":2},{"damage":0,"enemies":"Slime Boss","floor":16,"turns":4},{"damage":30,"enemies":"Shell Parasite","floor":18,"turns":3},{"damage":41,"enemies":"Spheric Guardian","floor":19,"turns":4},{"damage":49,"enemies":"Centurion and Healer","floor":21,"turns":5},{"damage":31,"enemies":"Snecko","floor":22,"turns":3}],"seed_played":"-3152412803407905608","potions_obtained":[{"floor":1,"key":"BloodPotion"},{"floor":3,"key":"SpeedPotion"},{"floor":6,"key":"Strength Potion"},{"floor":13,"key":"SkillPotion"},{"floor":18,"key":"Regen Potion"},{"floor":21,"key":"Explosive Potion"}],"is_trial":false,"path_per_floor":["M","M","M","?","?","E","$","E","T","R","M","E","M","M","R","B",null,"M","M","?","M","M"],"character_chosen":"IRONCLAD","items_purchased":["Lee\u0027s Waffle","Havoc"],"campfire_rested":0,"item_purchase_floors":[7,7],"current_hp_per_floor":[56,53,47,47,47,28,87,81,81,81,78,54,39,42,42,48,97,76,44,44,18,0],"gold":341,"neow_bonus":"TRANSFORM_TWO_CARDS","is_prod":false,"is_daily":false,"chose_seed":false,"campfire_upgraded":2,"win_rate":0,"timestamp":1545626002,"path_taken":["M","?","M","?","?","E","$","E","T","R","M","E","M","M","R","BOSS","M","M","?","?","M"],"build_version":"2018-12-20","purchased_purges":1,"victory":false,"max_hp_per_floor":[80,80,80,80,80,80,87,97,97,97,97,97,97,97,97,97,97,100,103,103,106,106],"card_choices":[{"not_picked":["Twin Strike","Anger"],"picked":"Infernal Blade","floor":1},{"not_picked":["Hemokinesis","Anger"],"picked":"Inflame","floor":2},{"not_picked":["Inflame","Sword Boomerang"],"picked":"Spot Weakness","floor":3},{"not_picked":["Perfected Strike","Evolve"],"picked":"Cleave","floor":6},{"not_picked":["Armaments","Entrench"],"picked":"Berserk","floor":8},{"not_picked":["Wild Strike","Clothesline","Body Slam"],"picked":"SKIP","floor":11},{"not_picked":["Perfected Strike","Rupture"],"picked":"Anger","floor":12},{"not_picked":["Power Through","Metallicize"],"picked":"Sword Boomerang","floor":13},{"not_picked":["Pommel Strike","Bloodletting","Clothesline"],"picked":"SKIP","floor":14},{"not_picked":["Barricade","Limit Break"],"picked":"Feed","floor":16},{"not_picked":["Corruption","Pommel Strike"],"picked":"Rampage+1","floor":18},{"not_picked":["Reckless Charge","Sentinel","Perfected Strike+1"],"picked":"SKIP","floor":19},{"not_picked":["Cleave+1","Warcry"],"picked":"Reaper","floor":21}],"player_experience":103447,"relics_obtained":[{"floor":6,"key":"Bronze Scales"},{"floor":8,"key":"Pear"},{"floor":12,"key":"Dream Catcher"}],"event_choices":[{"cards_removed":["Strike_R"],"damage_healed":0,"gold_gain":0,"player_choice":"Card Removal","damage_taken":0,"max_hp_gain":0,"max_hp_loss":0,"event_name":"The Cleric","floor":4,"gold_loss":50},{"damage_healed":0,"gold_gain":275,"player_choice":"Desecrate","damage_taken":0,"max_hp_gain":0,"max_hp_loss":0,"event_name":"Golden Shrine","floor":5,"gold_loss":0,"cards_obtained":["Regret"]},{"damage_healed":0,"gold_gain":0,"player_choice":"Traded Relic","damage_taken":0,"relics_obtained":["Nloth\u0027s Gift"],"max_hp_gain":0,"max_hp_loss":0,"event_name":"N\u0027loth","floor":20,"relics_lost":["Empty Cage"],"gold_loss":0}],"is_beta":false,"boss_relics":[{"not_picked":["Tiny House","Eternal Feather"],"picked":"Empty Cage"}],"items_purged_floors":[7],"is_endless":false,"potions_floor_spawned":[1,3,6,13,18,21],"killed_by":"Snecko","ascension_level":2}