{"gold_per_floor":[117,117,129,146,156,191,191,221,221,221],"floor_reached":10,"playtime":397,"items_purged":[],"score":109,"play_id":"660e6e8f-1d22-4ea3-8898-755b291d1b6a","local_time":"20190919163342","is_ascension_mode":true,"campfire_choices":[{"floor":7,"key":"REST"}],"neow_cost":"CURSE","seed_source_timestamp":167492021510500,"circlet_count":0,"master_deck":["Strike_G","Strike_G","Strike_G","Strike_G","Strike_G","Defend_G","Defend_G","Defend_G","Defend_G","Defend_G","Survivor","Neutralize","Doubt","Sucker Punch","Leg Sweep","Dash","PiercingWail","Deflect","Riddle With Holes"],"relics":["Ring of the Snake","Lantern","Omamori","Dodecahedron","Sundial"],"potions_floor_usage":[6,6],"damage_taken":[{"damage":9,"enemies":"Jaw Worm","floor":1,"turns":8},{"damage":1,"enemies":"Cultist","floor":3,"turns":4},{"damage":0,"enemies":"2 Louse","floor":4,"turns":3},{"damage":4,"enemies":"Blue Slaver","floor":5,"turns":5},{"damage":21,"enemies":"Lagavulin","floor":6,"turns":6},{"damage":56,"enemies":"Gremlin Nob","floor":8,"turns":8},{"damage":12,"enemies":"3 Sentries","floor":10,"turns":3}],"seed_played":"9003186336241797115","potions_obtained":[{"floor":1,"key":"SpeedPotion"},{"floor":4,"key":"AttackPotion"},{"floor":5,"key":"FearPotion"}],"is_trial":false,"path_per_floor":["M","?","M","M","M","E","R","E","T","E"],"character_chosen":"THE_SILENT","items_purchased":[],"campfire_rested":1,"item_purchase_floors":[],"current_hp_per_floor":[68,68,67,67,63,42,67,11,11,0],"gold":221,"neow_bonus":"TWENTY_PERCENT_HP_BONUS","is_prod":false,"is_daily":false,"chose_seed":false,"campfire_upgraded":0,"win_rate":0,"timestamp":1568925222,"path_taken":["M","?","M","M","M","E","R","E","T","E"],"build_version":"2019-07-17","purchased_purges":0,"victory":false,"max_hp_per_floor":[84,84,84,84,84,84,84,84,84,84],"card_choices":[{"not_picked":["Backflip","Terror"],"picked":"Sucker Punch","floor":1},{"not_picked":["Flying Knee","Sucker Punch"],"picked":"Leg Sweep","floor":3},{"not_picked":["Riddle With Holes","Underhanded Strike"],"picked":"Dash","floor":4},{"not_picked":["Finisher","Dodge and Roll"],"picked":"PiercingWail","floor":5},{"not_picked":["Predator","Outmaneuver"],"picked":"Deflect","floor":6},{"not_picked":["Bane","Concentrate"],"picked":"Riddle With Holes","floor":8}],"player_experience":670949,"relics_obtained":[{"floor":6,"key":"Omamori"},{"floor":8,"key":"Dodecahedron"},{"floor":9,"key":"Sundial"}],"event_choices":[{"damage_healed":0,"gold_gain":0,"player_choice":"Gave Potion","damage_taken":0,"relics_obtained":["Lantern"],"max_hp_gain":0,"max_hp_loss":0,"event_name":"WeMeetAgain","floor":2,"gold_loss":0}],"is_beta":false,"boss_relics":[],"items_purged_floors":[],"is_endless":false,"potions_floor_spawned":[1,4,5],"killed_by":"3 Sentries","ascension_level":8}