{"gold_per_floor":[109,109,129,148,148,191,211,386,413,444,369,394,394,434,434,555,555,575,575,575,675,691,722,737,423,450,450,474,505,505,529,529,658,658,682,252,272,296,296,296,337,351,351,10,10,135,135,179,179,179],"floor_reached":50,"playtime":14812,"items_purged":["Doubt","Defend_R","Defend_R","Strike_R"],"score":608,"play_id":"79bc4d77-48de-40fc-a4e1-69b3fcb7c283","local_time":"20181125164503","is_ascension_mode":false,"campfire_choices":[{"floor":13,"key":"RECALL"},{"data":"Shockwave","floor":15,"key":"SMITH"},{"data":"J.A.X.","floor":27,"key":"SMITH"},{"data":"Armaments","floor":30,"key":"SMITH"},{"data":"Inflame","floor":32,"key":"SMITH"},{"data":"Flash of Steel","floor":40,"key":"SMITH"},{"data":"Combust","floor":45,"key":"SMITH"},{"data":"Clash","floor":49,"key":"SMITH"}],"neow_cost":"NONE","seed_source_timestamp":323092972170544,"circlet_count":0,"master_deck":["Strike_R","Strike_R","Strike_R","Bash+1","Bludgeon","Armaments+1","Clash+1","Headbutt","Clash","Shockwave+1","Metallicize","Clash","Flex","J.A.X.+1","Flex+1","Pummel+1","Inflame+1","Clash","Flash of Steel+1","Juggernaut","Dual Wield+1","Fire Breathing+1","Combust+1","Power Through+1","Immolate"],"relics":["Black Blood","Golden Idol","Bag of Preparation","Bronze Scales","Sundial","Nilry\u0027s Codex","Blood Vial","Oddly Smooth Stone","Orichalcum","Toxic Egg 2","Philosopher\u0027s Stone","Medical Kit","Potion Belt","PreservedInsect","Whetstone","Champion Belt","Lantern"],"potions_floor_usage":[14,16,22,29,29,29,33,33,38,46,46],"damage_taken":[{"damage":0,"enemies":"Small Slimes","floor":1,"turns":2},{"damage":3,"enemies":"Jaw Worm","floor":3,"turns":3},{"damage":0,"enemies":"2 Louse","floor":4,"turns":2},{"damage":35,"enemies":"Lagavulin","floor":6,"turns":4},{"damage":2,"enemies":"Blue Slaver","floor":7,"turns":3},{"damage":26,"enemies":"Gremlin Nob","floor":10,"turns":4},{"damage":3,"enemies":"2 Fungi Beasts","floor":12,"turns":3},{"damage":4,"enemies":"Lagavulin","floor":14,"turns":5},{"damage":9,"enemies":"Slime Boss","floor":16,"turns":9},{"damage":4,"enemies":"Chosen","floor":18,"turns":5},{"damage":6,"enemies":"3 Byrds","floor":22,"turns":3},{"damage":23,"enemies":"Book of Stabbing","floor":23,"turns":4},{"damage":15,"enemies":"Snake Plant","floor":24,"turns":4},{"damage":10,"enemies":"3 Cultists","floor":28,"turns":5},{"damage":42,"enemies":"Slavers","floor":29,"turns":3},{"damage":3,"enemies":"Centurion and Healer","floor":31,"turns":3},{"damage":7,"enemies":"Champ","floor":33,"turns":6},{"damage":7,"enemies":"3 Shapes","floor":35,"turns":2},{"damage":7,"enemies":"Orb Walker","floor":37,"turns":2},{"damage":6,"enemies":"Sphere and 2 Shapes","floor":38,"turns":3},{"damage":30,"enemies":"Nemesis","floor":41,"turns":5},{"damage":55,"enemies":"Writhing Mass","floor":42,"turns":4},{"damage":6,"enemies":"Mind Bloom Boss Battle","floor":46,"turns":5},{"damage":15,"enemies":"Giant Head","floor":48,"turns":5},{"damage":31,"enemies":"Donu and Deca","floor":50,"turns":4}],"seed_played":"-8857065050440844308","potions_obtained":[{"floor":7,"key":"Explosive Potion"},{"floor":10,"key":"Weak Potion"},{"floor":14,"key":"Strength Potion"},{"floor":16,"key":"AttackPotion"},{"floor":18,"key":"Energy Potion"},{"floor":28,"key":"SteroidPotion"},{"floor":29,"key":"Poison Potion"},{"floor":31,"key":"Swift Potion"},{"floor":35,"key":"Poison Potion"},{"floor":41,"key":"PowerPotion"},{"floor":42,"key":"BloodPotion"}],"is_trial":false,"path_per_floor":["M","?","M","M","?","E","M","?","T","E","$","M","R","E","R","B",null,"M","?","?","?","M","E","M","$","T","R","M","E","R","M","R","B",null,"M","$","M","M","?","R","E","M","T","$","R","?","?","E","R","B"],"character_chosen":"IRONCLAD","items_purchased":["Oddly Smooth Stone","Inflame","Flash of Steel","Medical Kit","Whetstone","Combust"],"campfire_rested":0,"item_purchase_floors":[25,25,36,36,44,44],"current_hp_per_floor":[80,73,76,80,60,31,35,35,35,15,15,18,18,20,20,17,80,80,64,64,64,68,55,52,52,52,52,54,24,24,33,33,38,80,80,80,80,80,80,80,60,17,17,17,17,31,31,28,28,0],"gold":179,"neow_bonus":"ONE_RANDOM_RARE_CARD","is_prod":false,"is_daily":false,"chose_seed":false,"campfire_upgraded":7,"win_rate":0,"timestamp":1543164303,"path_taken":["M","?","M","M","?","E","M","?","T","E","?","?","R","E","R","BOSS","M","?","?","?","M","E","M","$","T","R","?","E","R","M","R","BOSS","M","$","M","?","?","R","E","M","T","$","R","?","?","E","R","BOSS"],"build_version":"2018-11-15","purchased_purges":4,"victory":false,"max_hp_per_floor":[80,80,80,80,80,80,80,80,80,80,80,80,80,80,80,80,80,80,80,80,80,80,80,80,80,80,80,80,80,80,80,80,80,80,80,80,80,80,80,80,80,80,80,80,80,80,80,80,80,80],"card_choices":[{"not_picked":["Perfected Strike","Havoc"],"picked":"Armaments","floor":1},{"not_picked":["Heavy Blade","Sword Boomerang"],"picked":"Clash","floor":3},{"not_picked":["Armaments","Heavy Blade"],"picked":"Headbutt","floor":4},{"not_picked":["Armaments","True Grit"],"picked":"Clash","floor":6},{"not_picked":["Inflame","Flex","Pommel Strike"],"picked":"SKIP","floor":7},{"not_picked":["Body Slam","Clothesline"],"picked":"Shockwave","floor":10},{"not_picked":["Heavy Blade","Wild Strike"],"picked":"Metallicize","floor":12},{"not_picked":["Rupture","Armaments"],"picked":"Clash","floor":14},{"not_picked":["Iron Wave","Twin Strike"],"picked":"Flex","floor":18},{"not_picked":["Evolve","Warcry+1"],"picked":"Flex+1","floor":22},{"not_picked":["Uppercut","Corruption"],"picked":"Pummel","floor":23},{"not_picked":["Thunderclap","Impervious","Perfected Strike"],"picked":"SKIP","floor":24},{"not_picked":["Thunderclap","Power Through","Disarm"],"picked":"SKIP","floor":28},{"not_picked":["True Grit+1","Offering"],"picked":"Clash","floor":29},{"not_picked":["Body Slam","Hemokinesis+1","Headbutt"],"picked":"SKIP","floor":31},{"not_picked":["Body Slam+1","Twin Strike","Wild Strike+1"],"picked":"SKIP","floor":35},{"not_picked":["Anger+1","Clothesline+1","Shockwave+1"],"picked":"SKIP","floor":37},{"not_picked":["Perfected Strike","Intimidate+1"],"picked":"Juggernaut","floor":38},{"not_picked":["Evolve","Headbutt"],"picked":"Dual Wield+1","floor":41},{"not_picked":["Perfected Strike","Warcry+1"],"picked":"Fire Breathing+1","floor":42},{"not_picked":["Warcry+1","Flex+1"],"picked":"Power Through+1","floor":46},{"not_picked":["Brutality","Iron Wave","Perfected Strike"],"picked":"SKIP","floor":48}],"player_experience":107391,"relics_obtained":[{"floor":6,"key":"Bag of Preparation"},{"floor":10,"key":"Bronze Scales"},{"floor":14,"key":"Sundial"},{"floor":19,"key":"Nilry\u0027s Codex"},{"floor":23,"key":"Blood Vial"},{"floor":26,"key":"Orichalcum"},{"floor":29,"key":"Toxic Egg 2"},{"floor":41,"key":"Potion Belt"},{"floor":43,"key":"PreservedInsect"},{"floor":46,"key":"Champion Belt"},{"floor":48,"key":"Lantern"}],"event_choices":[{"cards_removed":["Defend_R"],"damage_healed":0,"gold_gain":0,"player_choice":"Card Removal","damage_taken":7,"max_hp_gain":0,"max_hp_loss":0,"event_name":"Golden Wing","floor":2,"gold_loss":0},{"damage_healed":0,"gold_gain":0,"player_choice":"Take Damage","damage_taken":20,"relics_obtained":["Golden Idol"],"max_hp_gain":0,"max_hp_loss":0,"event_name":"Golden Idol","floor":5,"gold_loss":0},{"damage_healed":0,"gold_gain":175,"player_choice":"AGREE","damage_taken":0,"max_hp_gain":0,"max_hp_loss":0,"event_name":"Liars Game","floor":8,"gold_loss":0,"cards_obtained":["Doubt"]},{"damage_healed":0,"gold_gain":0,"player_choice":"Obtained Book","damage_taken":16,"max_hp_gain":0,"max_hp_loss":0,"event_name":"Cursed Tome","floor":19,"gold_loss":0},{"damage_healed":0,"gold_gain":0,"player_choice":"Obtain J.A.X.","damage_taken":0,"max_hp_gain":0,"max_hp_loss":0,"event_name":"Drug Dealer","floor":20,"gold_loss":0,"cards_obtained":["J.A.X."]},{"damage_healed":0,"gold_gain":100,"player_choice":"Pray","damage_taken":0,"max_hp_gain":0,"max_hp_loss":0,"event_name":"Golden Shrine","floor":21,"gold_loss":0},{"cards_removed":["Strike_R"],"damage_healed":0,"gold_gain":0,"player_choice":"Removed Attack","damage_taken":0,"max_hp_gain":0,"max_hp_loss":0,"event_name":"Falling","floor":39,"gold_loss":0},{"damage_healed":0,"gold_gain":0,"player_choice":"Fight","damage_taken":0,"max_hp_gain":0,"max_hp_loss":0,"event_name":"MindBloom","floor":46,"gold_loss":0},{"cards_removed":["Defend_R"],"damage_healed":0,"gold_gain":0,"player_choice":"Took Card","damage_taken":0,"max_hp_gain":0,"max_hp_loss":0,"event_name":"NoteForYourself","floor":47,"gold_loss":0,"cards_obtained":["Immolate"]}],"is_beta":true,"boss_relics":[{"not_picked":["Mark of Pain","Orrery"],"picked":"Black Blood"},{"not_picked":["Velvet Choker","Snecko Eye"],"picked":"Philosopher\u0027s Stone"}],"items_purged_floors":[11,25,36,44],"is_endless":false,"potions_floor_spawned":[7,10,14,16,18,28,29,31,35,41,42],"killed_by":"Donu and Deca","ascension_level":0}