{"gold_per_floor":[109,109,13,13,32,32,63,63,89,121,121,136,155,165,165,165],"floor_reached":16,"playtime":693,"items_purged":[],"score":189,"play_id":"d0f3ddca-29a8-4858-b4a8-f79aa0f5c6bb","local_time":"20190506223737","is_ascension_mode":true,"campfire_choices":[{"data":"Deadly Poison","floor":6,"key":"SMITH"},{"data":"Neutralize","floor":8,"key":"SMITH"},{"data":"Footwork","floor":11,"key":"SMITH"},{"data":"Footwork","floor":15,"key":"SMITH"}],"neow_cost":"NONE","seed_source_timestamp":799179643658,"circlet_count":0,"master_deck":["Defend_G","Defend_G","Defend_G","Defend_G","Defend_G","Strike_G","Strike_G","Strike_G","Strike_G","Survivor","Neutralize+1","Deflect","Deadly Poison+1","Footwork+1","Footwork+1","Deflect","Quick Slash","Poisoned Stab","Poisoned Stab"],"relics":["Ring of the Snake","NeowsBlessing","Happy Flower","Juzu Bracelet","Oddly Smooth Stone"],"potions_floor_usage":[10,16,16],"damage_taken":[{"damage":0,"enemies":"Jaw Worm","floor":1,"turns":1},{"damage":0,"enemies":"2 Louse","floor":5,"turns":1},{"damage":0,"enemies":"Lagavulin","floor":7,"turns":1},{"damage":34,"enemies":"Gremlin Nob","floor":10,"turns":5},{"damage":0,"enemies":"Cultist","floor":12,"turns":4},{"damage":3,"enemies":"Large Slime","floor":13,"turns":7},{"damage":0,"enemies":"Exordium Wildlife","floor":14,"turns":5},{"damage":26,"enemies":"Slime Boss","floor":16,"turns":9}],"seed_played":"303550719839681097","potions_obtained":[{"floor":1,"key":"FearPotion"},{"floor":7,"key":"FearPotion"},{"floor":14,"key":"Swift Potion"}],"is_trial":false,"path_per_floor":["M","?","$","?","M","R","E","R","T","E","R","M","M","M","R","B"],"character_chosen":"THE_SILENT","items_purchased":["Deadly Poison","Footwork"],"campfire_rested":0,"item_purchase_floors":[3,3],"current_hp_per_floor":[63,56,56,56,56,56,56,56,56,22,22,22,19,19,19,0],"gold":165,"neow_bonus":"THREE_ENEMY_KILL","is_prod":false,"is_daily":false,"chose_seed":false,"campfire_upgraded":4,"win_rate":0,"timestamp":1557175057,"path_taken":["M","?","$","?","M","R","E","R","T","E","R","M","M","M","R","BOSS"],"build_version":"2019-01-23","purchased_purges":0,"victory":false,"max_hp_per_floor":[70,70,70,70,70,70,70,70,70,70,70,70,70,70,70,70],"card_choices":[{"not_picked":["Endless Agony","Reflex"],"picked":"Deflect","floor":1},{"not_picked":["Dodge and Roll","Sucker Punch"],"picked":"Footwork","floor":5},{"not_picked":["Reflex","Endless Agony","Phantasmal Killer"],"picked":"SKIP","floor":7},{"not_picked":["Unload","Acrobatics"],"picked":"Deflect","floor":10},{"not_picked":["Endless Agony","Choke"],"picked":"Quick Slash","floor":12},{"not_picked":["Prepared","Flying Knee"],"picked":"Poisoned Stab","floor":13},{"not_picked":["Caltrops","Underhanded Strike"],"picked":"Poisoned Stab","floor":14}],"player_experience":263482,"relics_obtained":[{"floor":7,"key":"Happy Flower"},{"floor":9,"key":"Juzu Bracelet"},{"floor":10,"key":"Oddly Smooth Stone"}],"event_choices":[{"cards_removed":["Strike_G"],"damage_healed":0,"gold_gain":0,"player_choice":"Card Removal","damage_taken":7,"max_hp_gain":0,"max_hp_loss":0,"event_name":"Golden Wing","floor":2,"gold_loss":0},{"damage_healed":0,"gold_gain":0,"player_choice":"Ignored","damage_taken":0,"max_hp_gain":0,"max_hp_loss":0,"event_name":"Golden Idol","floor":4,"gold_loss":0}],"is_beta":false,"boss_relics":[],"items_purged_floors":[],"is_endless":false,"potions_floor_spawned":[1,7,14],"killed_by":"Slime Boss","ascension_level":8}