{"gold_per_floor":[111,121,135,148,166,199,211,246,270,300,300,102,119,119,119,249,249,239,209,222,222,248,287,306,306,306,342,369,416,442,35,35,35],"floor_reached":33,"playtime":5208,"items_purged":[],"score":469,"play_id":"987c0ae6-6149-4a4b-a074-6261642e2613","local_time":"20190114225151","is_ascension_mode":true,"campfire_choices":[{"floor":11,"key":"REST"},{"floor":15,"key":"REST"},{"floor":25,"key":"REST"},{"floor":32,"key":"REST"}],"neow_cost":"TEN_PERCENT_HP_LOSS","seed_source_timestamp":8707021857886,"circlet_count":0,"master_deck":["Strike_R","Strike_R","Strike_R","Strike_R","Strike_R","Defend_R","Defend_R","Defend_R","Defend_R","Bash","Reaper","Metallicize","Metallicize","Armaments","Burning Pact","True Grit","Pummel","Pommel Strike","Pommel Strike","Uppercut","Anger","Iron Wave","Offering","True Grit+1","Power Through","Ghostly Armor","Battle Trance+1","Headbutt+1","Sentinel","Shrug It Off","Armaments+1","Demon Form","Headbutt","Power Through+1","Uppercut","Iron Wave","Apotheosis","Flame Barrier","Ghostly Armor"],"relics":["Burning Blood","PreservedInsect","StoneCalendar","Prayer Wheel","Bronze Scales","Golden Idol","Fusion Hammer","Nilry\u0027s Codex","Boot","Strawberry","Centennial Puzzle","MawBank","Mercury Hourglass","Dream Catcher"],"potions_floor_usage":[2,6,7,16,16,18,23,23,33,33],"damage_taken":[{"damage":1,"enemies":"Cultist","floor":1,"turns":4},{"damage":0,"enemies":"2 Louse","floor":2,"turns":2},{"damage":1,"enemies":"Small Slimes","floor":3,"turns":6},{"damage":12,"enemies":"Exordium Wildlife","floor":4,"turns":8},{"damage":4,"enemies":"Red Slaver","floor":5,"turns":8},{"damage":56,"enemies":"Lagavulin","floor":6,"turns":12},{"damage":24,"enemies":"Exordium Thugs","floor":7,"turns":11},{"damage":6,"enemies":"3 Sentries","floor":8,"turns":12},{"damage":17,"enemies":"Gremlin Nob","floor":10,"turns":4},{"damage":7,"enemies":"Blue Slaver","floor":13,"turns":3},{"damage":7,"enemies":"The Guardian","floor":16,"turns":10},{"damage":20,"enemies":"2 Thieves","floor":18,"turns":4},{"damage":7,"enemies":"Shell Parasite","floor":20,"turns":5},{"damage":19,"enemies":"Gremlin Leader","floor":23,"turns":7},{"damage":7,"enemies":"Centurion and Healer","floor":24,"turns":6},{"damage":9,"enemies":"Book of Stabbing","floor":27,"turns":6},{"damage":19,"enemies":"Shelled Parasite and Fungi","floor":28,"turns":6},{"damage":48,"enemies":"Gremlin Leader","floor":29,"turns":7},{"damage":11,"enemies":"Snecko","floor":30,"turns":4},{"damage":33,"enemies":"Automaton","floor":33,"turns":6}],"seed_played":"5879046562676918213","potions_obtained":[{"floor":1,"key":"Explosive Potion"},{"floor":3,"key":"SkillPotion"},{"floor":4,"key":"Explosive Potion"},{"floor":10,"key":"Poison Potion"},{"floor":13,"key":"PowerPotion"},{"floor":16,"key":"GamblersBrew"},{"floor":18,"key":"LiquidBronze"},{"floor":19,"key":"AttackPotion"},{"floor":29,"key":"LiquidBronze"},{"floor":30,"key":"Strength Potion"}],"is_trial":false,"path_per_floor":["M","M","M","M","M","E","M","E","T","E","R","$","M","?","R","B",null,"M","?","M","?","T","E","M","R","T","E","M","E","M","$","R","B"],"character_chosen":"IRONCLAD","items_purchased":["Bronze Scales","SkillPotion","Apotheosis","Flame Barrier","Dream Catcher"],"campfire_rested":4,"item_purchase_floors":[12,12,31,31,31],"current_hp_per_floor":[72,72,72,71,72,28,18,28,28,21,42,42,41,23,44,43,65,59,59,58,42,42,38,42,65,65,62,49,7,8,8,31,0],"gold":35,"neow_bonus":"THREE_RARE_CARDS","is_prod":false,"is_daily":false,"chose_seed":false,"campfire_upgraded":0,"win_rate":0,"timestamp":1547524311,"path_taken":["M","M","?","M","M","E","M","E","T","E","R","$","M","?","R","BOSS","M","?","?","?","?","E","?","R","T","E","M","E","M","?","R","BOSS"],"build_version":"2019-01-10","purchased_purges":0,"victory":false,"max_hp_per_floor":[72,72,72,72,72,72,72,72,72,72,72,72,72,72,72,72,72,72,72,72,72,72,79,79,79,79,79,79,79,79,79,79,79],"card_choices":[{"not_picked":["Juggernaut","Immolate"],"picked":"Reaper","floor":0},{"not_picked":["Iron Wave","Disarm"],"picked":"Metallicize","floor":1},{"not_picked":["Inflame","Clothesline"],"picked":"Metallicize","floor":2},{"not_picked":["Heavy Blade","Rage"],"picked":"Armaments","floor":3},{"not_picked":["Twin Strike","Bloodletting"],"picked":"Burning Pact","floor":4},{"not_picked":["Warcry","Seeing Red"],"picked":"True Grit","floor":5},{"not_picked":["Body Slam","Rupture"],"picked":"Pummel","floor":6},{"not_picked":["Wild Strike","Flex"],"picked":"Pommel Strike","floor":7},{"not_picked":["Whirlwind","Dropkick"],"picked":"Pommel Strike","floor":8},{"not_picked":["Flex","Second Wind"],"picked":"Uppercut","floor":10},{"not_picked":["Flex","Berserk"],"picked":"Anger","floor":13},{"not_picked":["Feel No Pain","Flex"],"picked":"Iron Wave","floor":13},{"not_picked":["Dark Embrace","Berserk"],"picked":"Offering","floor":16},{"not_picked":["Anger+1","Flex"],"picked":"True Grit+1","floor":18},{"not_picked":["Fire Breathing+1","Clash"],"picked":"Power Through","floor":18},{"not_picked":["Sword Boomerang+1","Reckless Charge"],"picked":"Ghostly Armor","floor":20},{"not_picked":["Cleave","Immolate"],"picked":"Battle Trance+1","floor":20},{"not_picked":["Body Slam+1","Iron Wave"],"picked":"Headbutt+1","floor":23},{"not_picked":["Spot Weakness","Clash"],"picked":"Sentinel","floor":24},{"not_picked":["Clothesline","Iron Wave+1"],"picked":"Shrug It Off","floor":24},{"not_picked":["Cleave","Heavy Blade"],"picked":"Armaments+1","floor":27},{"not_picked":["Headbutt+1","Shrug It Off"],"picked":"Demon Form","floor":28},{"not_picked":["Sword Boomerang","Body Slam+1"],"picked":"Headbutt","floor":28},{"not_picked":["Entrench","Iron Wave"],"picked":"Power Through+1","floor":29},{"not_picked":["Warcry+1","Heavy Blade"],"picked":"Uppercut","floor":30},{"not_picked":["Thunderclap","Whirlwind"],"picked":"Iron Wave","floor":30},{"not_picked":["Sever Soul","Flex"],"picked":"Ghostly Armor","floor":32}],"player_experience":411320,"relics_obtained":[{"floor":6,"key":"PreservedInsect"},{"floor":8,"key":"StoneCalendar"},{"floor":10,"key":"Prayer Wheel"},{"floor":21,"key":"Nilry\u0027s Codex"},{"floor":22,"key":"Boot"},{"floor":23,"key":"Strawberry"},{"floor":26,"key":"Centennial Puzzle"},{"floor":27,"key":"MawBank"},{"floor":29,"key":"Mercury Hourglass"}],"event_choices":[{"damage_healed":0,"gold_gain":0,"player_choice":"Take Damage","damage_taken":18,"relics_obtained":["Golden Idol"],"max_hp_gain":0,"max_hp_loss":0,"event_name":"Golden Idol","floor":14,"gold_loss":0},{"damage_healed":0,"gold_gain":0,"player_choice":"Bought 2 Potions","damage_taken":0,"max_hp_gain":0,"max_hp_loss":0,"event_name":"The Woman in Blue","floor":19,"gold_loss":0},{"damage_healed":0,"gold_gain":0,"player_choice":"Obtained Book","damage_taken":16,"max_hp_gain":0,"max_hp_loss":0,"event_name":"Cursed Tome","floor":21,"gold_loss":0}],"is_beta":false,"boss_relics":[{"not_picked":["Calling Bell","Velvet Choker"],"picked":"Fusion Hammer"}],"items_purged_floors":[],"is_endless":false,"potions_floor_spawned":[1,3,4,10,13,16,18,29,30],"killed_by":"Automaton","ascension_level":7}