{"gold_per_floor":[112,112,127,202,202,202,215,246,270,295,306,306,337,337],"floor_reached":14,"playtime":537,"items_purged":[],"score":146,"play_id":"76594a23-9d2c-4e94-90c9-cc781b70b64a","local_time":"20190907161731","is_ascension_mode":true,"campfire_choices":[{"floor":6,"key":"REST"},{"floor":12,"key":"REST"}],"neow_cost":"NONE","seed_source_timestamp":83378069913900,"circlet_count":0,"master_deck":["Strike_G","Strike_G","Strike_G","Strike_G","Strike_G","Defend_G","Defend_G","Defend_G","Defend_G+1","Defend_G+1","Survivor","Neutralize","Blade Dance","Regret","Crippling Poison","Dash","Glass Knife","Blur","Deflect","Deadly Poison"],"relics":["Lizard Tail","Mercury Hourglass","Tough Bandages","Juzu Bracelet","Pen Nib","War Paint","Frozen Egg 2"],"potions_floor_usage":[8,13],"damage_taken":[{"damage":17,"enemies":"Cultist","floor":1,"turns":6},{"damage":0,"enemies":"2 Louse","floor":3,"turns":2},{"damage":6,"enemies":"Jaw Worm","floor":7,"turns":3},{"damage":21,"enemies":"3 Sentries","floor":8,"turns":8},{"damage":18,"enemies":"Gremlin Nob","floor":10,"turns":4},{"damage":6,"enemies":"Looter","floor":11,"turns":3},{"damage":27,"enemies":"Lagavulin","floor":13,"turns":8},{"damage":43,"enemies":"Lagavulin Event","floor":14,"turns":5}],"seed_played":"-2252886286012343145","potions_obtained":[{"floor":1,"key":"Fire Potion"},{"floor":7,"key":"Swift Potion"}],"is_trial":false,"path_per_floor":["M","?","M","?","T","R","M","E","T","E","M","R","E","?"],"character_chosen":"THE_SILENT","items_purchased":[],"campfire_rested":2,"item_purchase_floors":[],"current_hp_per_floor":[46,46,46,35,35,56,50,29,29,11,5,26,35,0],"gold":337,"neow_bonus":"BOSS_RELIC","is_prod":false,"is_daily":false,"chose_seed":false,"campfire_upgraded":0,"win_rate":0,"timestamp":1567887451,"path_taken":["M","?","M","?","?","R","M","E","T","E","M","R","E","?"],"build_version":"2019-07-17","purchased_purges":0,"victory":false,"max_hp_per_floor":[70,70,70,70,70,70,70,70,70,70,70,70,70,70],"card_choices":[{"not_picked":["Terror","Accuracy"],"picked":"Blade Dance","floor":1},{"not_picked":["Acrobatics","Flying Knee"],"picked":"Crippling Poison","floor":3},{"not_picked":["Dagger Throw","Infinite Blades"],"picked":"Dash","floor":7},{"not_picked":["Expertise","Wraith Form v2"],"picked":"Glass Knife","floor":8},{"not_picked":["Catalyst","Sucker Punch"],"picked":"Blur","floor":10},{"not_picked":["Riddle With Holes","Dagger Throw"],"picked":"Deflect","floor":11},{"not_picked":["Outmaneuver","Night Terror"],"picked":"Deadly Poison","floor":13}],"player_experience":496018,"relics_obtained":[{"floor":5,"key":"Tough Bandages"},{"floor":8,"key":"Juzu Bracelet"},{"floor":9,"key":"Pen Nib"},{"floor":10,"key":"War Paint"},{"floor":13,"key":"Frozen Egg 2"}],"event_choices":[{"damage_healed":0,"gold_gain":0,"player_choice":"Box","damage_taken":0,"relics_obtained":["Mercury Hourglass"],"max_hp_gain":0,"max_hp_loss":0,"event_name":"Big Fish","floor":2,"gold_loss":0,"cards_obtained":["Regret"]},{"damage_healed":0,"gold_gain":75,"player_choice":"Gather Gold","damage_taken":11,"max_hp_gain":0,"max_hp_loss":0,"event_name":"World of Goop","floor":4,"gold_loss":0},{"damage_healed":0,"gold_gain":0,"player_choice":"Searched \u00271\u0027 times","damage_taken":0,"max_hp_gain":0,"max_hp_loss":0,"event_name":"Dead Adventurer","floor":14,"gold_loss":0}],"is_beta":false,"boss_relics":[],"items_purged_floors":[],"is_endless":false,"potions_floor_spawned":[1,7],"killed_by":"Lagavulin Event","ascension_level":7}