{"gold_per_floor":[10,20,36,36,50,75,75,108,155,155,185,31,59,90,90,188,188,201,212,33,51,51,82,94,136,220,258,280,319,331,373,385,502,514,540,652,33,50,60,94,4,36,36,36,65,65,287,320,320,320,320,320,90,117,117],"floor_reached":56,"playtime":7489,"items_purged":["Strike_G","Strike_G","Strike_G"],"score":1909,"play_id":"285bed5f-f432-4727-b8bf-b9b92403c514","local_time":"20191003101826","is_ascension_mode":true,"campfire_choices":[{"floor":7,"key":"REST"},{"data":"Deadly Poison","floor":10,"key":"SMITH"},{"floor":15,"key":"REST"},{"data":"Envenom","floor":24,"key":"SMITH"},{"floor":30,"key":"REST"},{"data":"Accuracy","floor":32,"key":"SMITH"},{"floor":44,"key":"REST"},{"floor":46,"key":"RECALL"},{"data":"Cloak And Dagger","floor":49,"key":"SMITH"},{"data":"Cloak And Dagger","floor":52,"key":"SMITH"}],"neow_cost":"NO_GOLD","seed_source_timestamp":532941889979975,"circlet_count":0,"master_deck":["Defend_G","Defend_G","Defend_G","Defend_G","Survivor","Neutralize+1","Sucker Punch+1","Leg Sweep","Acrobatics","After Image","Deadly Poison+1","Infinite Blades","Well Laid Plans","Infinite Blades","Cloak And Dagger+1","Cloak And Dagger+1","Envenom+1","Backflip+1","Deflect+1","Noxious Fumes","After Image","Accuracy+1","Prepared","Adrenaline","Dodge and Roll+1","After Image","Backflip+1","Noxious Fumes","Flash of Steel+1","Expertise","Blur","Well Laid Plans","Glass Knife+1","Deflect+1","Infinite Blades+1","Footwork","Dagger Throw+1","Footwork+1"],"relics":["Ring of the Snake","Paper Crane","Molten Egg 2","Vajra","Pen Nib","Odd Mushroom","Incense Burner","Eternal Feather","PreservedInsect","MawBank","Bottled Flame","Mummified Hand","Red Mask","Bronze Scales","Strawberry","WristBlade","Gambling Chip","OrangePellets","Omamori","Du-Vu Doll","Whetstone","Regal Pillow","Calipers","Snake Skull"],"potions_floor_usage":[8,11,13,13,21,23,25,33,36,54,55,55],"damage_taken":[{"damage":3,"enemies":"2 Louse","floor":1,"turns":3},{"damage":5,"enemies":"Jaw Worm","floor":2,"turns":6},{"damage":1,"enemies":"Small Slimes","floor":3,"turns":4},{"damage":0,"enemies":"2 Fungi Beasts","floor":5,"turns":7},{"damage":24,"enemies":"3 Sentries","floor":6,"turns":19},{"damage":13,"enemies":"Gremlin Nob","floor":8,"turns":5},{"damage":13,"enemies":"3 Sentries","floor":11,"turns":8},{"damage":5,"enemies":"The Mushroom Lair","floor":13,"turns":5},{"damage":2,"enemies":"Gremlin Nob","floor":14,"turns":4},{"damage":10,"enemies":"The Guardian","floor":16,"turns":12},{"damage":0,"enemies":"Shell Parasite","floor":18,"turns":8},{"damage":0,"enemies":"Chosen","floor":19,"turns":5},{"damage":6,"enemies":"Snake Plant","floor":21,"turns":7},{"damage":2,"enemies":"Gremlin Leader","floor":23,"turns":8},{"damage":13,"enemies":"Slavers","floor":25,"turns":7},{"damage":29,"enemies":"Masked Bandits","floor":27,"turns":5},{"damage":0,"enemies":"Centurion and Healer","floor":28,"turns":5},{"damage":0,"enemies":"Book of Stabbing","floor":29,"turns":6},{"damage":0,"enemies":"Gremlin Leader","floor":31,"turns":8},{"damage":1,"enemies":"Collector","floor":33,"turns":8},{"damage":5,"enemies":"3 Darklings","floor":35,"turns":6},{"damage":12,"enemies":"Mind Bloom Boss Battle","floor":36,"turns":5},{"damage":0,"enemies":"3 Shapes","floor":38,"turns":5},{"damage":12,"enemies":"3 Darklings","floor":39,"turns":5},{"damage":11,"enemies":"Reptomancer","floor":40,"turns":6},{"damage":12,"enemies":"Nemesis","floor":42,"turns":5},{"damage":0,"enemies":"Reptomancer","floor":45,"turns":6},{"damage":0,"enemies":"Giant Head","floor":48,"turns":5},{"damage":0,"enemies":"Donu and Deca","floor":50,"turns":7},{"damage":5,"enemies":"Shield and Spear","floor":54,"turns":4},{"damage":19,"enemies":"The Heart","floor":55,"turns":8}],"seed_played":"-3892358512887902594","potions_obtained":[{"floor":5,"key":"Block Potion"},{"floor":6,"key":"AttackPotion"},{"floor":8,"key":"GamblersBrew"},{"floor":11,"key":"SpeedPotion"},{"floor":16,"key":"Fire Potion"},{"floor":18,"key":"Regen Potion"},{"floor":23,"key":"Poison Potion"},{"floor":28,"key":"Swift Potion"},{"floor":33,"key":"Poison Potion"},{"floor":38,"key":"Dexterity Potion"},{"floor":42,"key":"GhostInAJar"},{"floor":54,"key":"Dexterity Potion"}],"is_trial":false,"path_per_floor":["M","M","M","?","M","E","R","E","T","R","E","$","?","E","R","B",null,"M","M","$","M","?","E","R","E","T","?","M","E","R","E","R","B",null,"M","?","$","M","M","E","$","E","T","R","E","R","?","E","R","B",null,"R","$","E","B",null],"character_chosen":"THE_SILENT","items_purchased":["Infinite Blades","Noxious Fumes","PreservedInsect","Noxious Fumes","Flash of Steel+1","OrangePellets","Omamori","Well Laid Plans","SkillPotion","Footwork","Dagger Throw+1"],"campfire_rested":4,"item_purchase_floors":[12,20,20,37,37,37,37,41,41,53,53],"current_hp_per_floor":[60,55,54,54,54,30,51,38,38,38,25,25,20,18,39,29,60,60,60,60,67,67,65,70,57,57,28,28,28,64,71,77,76,77,72,60,60,60,48,37,37,25,25,66,66,77,77,77,77,77,77,77,77,72,53],"gold":117,"neow_bonus":"REMOVE_TWO","is_prod":false,"is_daily":false,"chose_seed":false,"campfire_upgraded":5,"win_rate":0,"timestamp":1570123106,"path_taken":["M","M","M","?","M","E","R","E","T","R","E","$","?","E","R","BOSS","M","M","$","M","?","E","R","E","T","?","M","E","R","E","R","BOSS","M","?","$","M","M","E","$","E","T","R","E","R","?","E","R","BOSS","R","$","E","BOSS"],"build_version":"2019-07-17","purchased_purges":3,"victory":true,"max_hp_per_floor":[70,70,70,70,70,70,70,70,70,70,70,70,70,70,70,70,70,70,70,70,70,70,70,70,70,70,70,70,70,70,77,77,77,77,77,77,77,77,77,77,77,77,77,77,77,77,77,77,77,77,77,77,77,77,77],"card_choices":[{"not_picked":["Underhanded Strike","Slice"],"picked":"Sucker Punch","floor":1},{"not_picked":["Caltrops","Underhanded Strike"],"picked":"Leg Sweep","floor":2},{"not_picked":["Slice","Quick Slash"],"picked":"Acrobatics","floor":3},{"not_picked":["Quick Slash","Poisoned Stab"],"picked":"After Image","floor":5},{"not_picked":["Dagger Throw","Leg Sweep"],"picked":"Deadly Poison","floor":6},{"not_picked":["Bane","Masterful Stab"],"picked":"Infinite Blades","floor":8},{"not_picked":["Outmaneuver","Underhanded Strike+1"],"picked":"Well Laid Plans","floor":11},{"not_picked":["Dagger Throw+1","Doppelganger"],"picked":"Cloak And Dagger","floor":13},{"not_picked":["Blade Dance","Slice+1"],"picked":"Cloak And Dagger","floor":14},{"not_picked":["Glass Knife+1","Tools of the Trade"],"picked":"Envenom","floor":16},{"not_picked":["Noxious Fumes","Dagger Spray+1"],"picked":"Backflip+1","floor":18},{"not_picked":["Acrobatics+1","Dodge and Roll"],"picked":"Deflect+1","floor":19},{"not_picked":["Underhanded Strike+1","Flying Knee+1","Sucker Punch+1"],"picked":"SKIP","floor":21},{"not_picked":["Blade Dance+1","Underhanded Strike+1"],"picked":"After Image","floor":23},{"not_picked":["Bane+1","Finisher+1"],"picked":"Accuracy","floor":25},{"not_picked":["Masterful Stab+1","Dash+1"],"picked":"Prepared","floor":28},{"not_picked":["Dagger Throw+1","Underhanded Strike+1"],"picked":"Adrenaline","floor":29},{"not_picked":["Endless Agony+1","Concentrate+1"],"picked":"Dodge and Roll+1","floor":31},{"not_picked":["Wraith Form v2","Grand Finale+1"],"picked":"After Image","floor":33},{"not_picked":["Acrobatics","Dash+1","Quick Slash+1"],"picked":"SKIP","floor":35},{"not_picked":["Choke+1","Underhanded Strike+1"],"picked":"Backflip+1","floor":36},{"not_picked":["Crippling Poison","Prepared"],"picked":"Expertise","floor":38},{"not_picked":["Underhanded Strike+1","Dodge and Roll+1","Reflex+1"],"picked":"SKIP","floor":39},{"not_picked":["Backflip","Riddle With Holes+1"],"picked":"Blur","floor":40},{"not_picked":["Sucker Punch+1","Blade Dance"],"picked":"Glass Knife+1","floor":42},{"not_picked":["Dagger Spray+1","Backflip"],"picked":"Deflect+1","floor":45},{"not_picked":["Prepared","Underhanded Strike+1"],"picked":"Infinite Blades+1","floor":48},{"not_picked":["Terror","Crippling Poison+1"],"picked":"Footwork+1","floor":54}],"player_experience":676057,"relics_obtained":[{"floor":6,"key":"Paper Crane"},{"floor":8,"key":"Molten Egg 2"},{"floor":9,"key":"Vajra"},{"floor":11,"key":"Pen Nib"},{"floor":13,"key":"Odd Mushroom"},{"floor":14,"key":"Incense Burner"},{"floor":23,"key":"MawBank"},{"floor":25,"key":"Bottled Flame"},{"floor":26,"key":"Mummified Hand"},{"floor":27,"key":"Red Mask"},{"floor":29,"key":"Bronze Scales"},{"floor":31,"key":"Strawberry"},{"floor":36,"key":"Gambling Chip"},{"floor":40,"key":"Du-Vu Doll"},{"floor":42,"key":"Whetstone"},{"floor":45,"key":"Regal Pillow"},{"floor":48,"key":"Calipers"},{"floor":54,"key":"Snake Skull"}],"event_choices":[{"cards_removed":["Strike_G"],"damage_healed":0,"gold_gain":0,"player_choice":"Forget","damage_taken":0,"max_hp_gain":0,"max_hp_loss":0,"event_name":"Living Wall","floor":4,"gold_loss":0},{"damage_healed":0,"gold_gain":0,"player_choice":"Fought Mushrooms","damage_taken":0,"max_hp_gain":0,"max_hp_loss":0,"event_name":"Mushrooms","floor":13,"gold_loss":0},{"damage_healed":0,"gold_gain":0,"player_choice":"Fought Bandits","damage_taken":0,"max_hp_gain":0,"max_hp_loss":0,"event_name":"Masked Bandits","floor":27,"gold_loss":0},{"damage_healed":0,"gold_gain":0,"player_choice":"Fight","damage_taken":0,"max_hp_gain":0,"max_hp_loss":0,"event_name":"MindBloom","floor":36,"gold_loss":0},{"damage_healed":0,"gold_gain":222,"player_choice":"Wore Mask","damage_taken":0,"max_hp_gain":0,"max_hp_loss":0,"event_name":"Tomb of Lord Red Mask","floor":47,"gold_loss":0}],"is_beta":false,"boss_relics":[{"not_picked":["Philosopher\u0027s Stone","Ectoplasm"],"picked":"Eternal Feather"},{"not_picked":["Velvet Choker","Tiny House"],"picked":"WristBlade"}],"items_purged_floors":[12,37,53],"is_endless":false,"potions_floor_spawned":[5,6,8,11,16,18,23,28,33,38,42,45,48,54],"ascension_level":7}