{"gold_per_floor":[115,131,144,156,174,174,204,204,285,610,627,138,150,150,150,245,245,259,13,13,27,37,66,66],"floor_reached":24,"playtime":1929,"items_purged":["Normality"],"score":311,"play_id":"3d6541b9-8389-4a98-95d1-a49fa04445a0","local_time":"20190915193613","is_ascension_mode":true,"campfire_choices":[{"floor":6,"key":"REST"},{"floor":8,"key":"REST"},{"data":"Glass Knife","floor":15,"key":"SMITH"}],"neow_cost":"CURSE","seed_source_timestamp":262876775981300,"circlet_count":0,"master_deck":["Strike_G","Strike_G","Strike_G","Strike_G","Strike_G","Defend_G","Defend_G","Defend_G","Defend_G","Defend_G","Survivor","Neutralize","Glass Knife+1","Tactician","Cloak And Dagger","Dagger Throw","Well Laid Plans","Leg Sweep","Backstab","Corpse Explosion","Underhanded Strike","Footwork","Backflip","Pain","Venomology","Writhe","Regret","Decay","Blade Dance+1","Accuracy","Backstab","Expertise+1","Dagger Throw","Blade Dance"],"relics":["Ring of the Snake","Sundial","Shuriken","Old Coin","Lee\u0027s Waffle","Blood Vial","WarpedTongs","Calling Bell","Regal Pillow","Ornamental Fan","Gambling Chip","Membership Card","Art of War"],"potions_floor_usage":[5,7,7,10,16,21,22,23,24,24],"damage_taken":[{"damage":8,"enemies":"2 Louse","floor":1,"turns":4},{"damage":0,"enemies":"Cultist","floor":2,"turns":3},{"damage":2,"enemies":"Jaw Worm","floor":3,"turns":5},{"damage":0,"enemies":"Large Slime","floor":4,"turns":4},{"damage":9,"enemies":"Exordium Wildlife","floor":5,"turns":4},{"damage":11,"enemies":"Lagavulin","floor":7,"turns":5},{"damage":19,"enemies":"Gremlin Nob","floor":10,"turns":4},{"damage":2,"enemies":"Gremlin Gang","floor":11,"turns":4},{"damage":4,"enemies":"Lots of Slimes","floor":13,"turns":2},{"damage":42,"enemies":"Hexaghost","floor":16,"turns":11},{"damage":14,"enemies":"2 Thieves","floor":18,"turns":2},{"damage":5,"enemies":"Spheric Guardian","floor":21,"turns":2},{"damage":13,"enemies":"Snecko","floor":22,"turns":6},{"damage":31,"enemies":"Book of Stabbing","floor":23,"turns":7},{"damage":39,"enemies":"Cultist and Chosen","floor":24,"turns":4}],"seed_played":"7160589829911891283","potions_obtained":[{"floor":1,"key":"Fire Potion"},{"floor":4,"key":"SpeedPotion"},{"floor":5,"key":"LiquidBronze"},{"floor":7,"key":"AttackPotion"},{"floor":10,"key":"FearPotion"},{"floor":13,"key":"Fire Potion"},{"floor":23,"key":"SneckoOil"}],"is_trial":false,"path_per_floor":["M","M","M","M","M","R","E","R","T","E","M","$","M","?","R","B",null,"M","$","?","M","M","E","M"],"character_chosen":"THE_SILENT","items_purchased":["Lee\u0027s Waffle","Blood Vial","Footwork","Membership Card","Accuracy"],"campfire_rested":2,"item_purchase_floors":[12,12,12,19,19],"current_hp_per_floor":[55,55,53,53,44,65,54,70,70,51,49,77,73,73,73,33,66,54,54,54,51,40,11,0],"gold":66,"neow_bonus":"THREE_RARE_CARDS","is_prod":false,"is_daily":false,"chose_seed":false,"campfire_upgraded":1,"win_rate":0,"timestamp":1568590573,"path_taken":["M","M","M","M","M","R","E","R","T","E","M","$","M","?","R","BOSS","M","?","?","M","M","E","M"],"build_version":"2019-07-17","purchased_purges":1,"victory":false,"max_hp_per_floor":[70,70,70,70,70,70,70,70,70,70,70,77,77,77,77,77,77,77,77,77,77,77,77,77],"card_choices":[{"not_picked":["Bullet Time","Corpse Explosion"],"picked":"Glass Knife","floor":0},{"not_picked":["Acrobatics","Deadly Poison"],"picked":"Tactician","floor":1},{"not_picked":["Catalyst","Quick Slash"],"picked":"Cloak And Dagger","floor":2},{"not_picked":["Skewer","Cloak And Dagger"],"picked":"Dagger Throw","floor":3},{"not_picked":["Tactician","Poisoned Stab"],"picked":"Well Laid Plans","floor":4},{"not_picked":["Deflect","Underhanded Strike"],"picked":"Leg Sweep","floor":5},{"not_picked":["Setup","Blade Dance"],"picked":"Backstab","floor":7},{"not_picked":["Malaise","Riddle With Holes"],"picked":"Corpse Explosion","floor":10},{"not_picked":["Accuracy","Dodge and Roll"],"picked":"Underhanded Strike","floor":11},{"not_picked":["Outmaneuver","Masterful Stab"],"picked":"Backflip","floor":13},{"not_picked":["Malaise","A Thousand Cuts"],"picked":"Venomology","floor":16},{"not_picked":["Heel Hook","Backflip"],"picked":"Blade Dance+1","floor":18},{"not_picked":["Concentrate","Well Laid Plans"],"picked":"Expertise+1","floor":21},{"not_picked":["Choke","Prepared"],"picked":"Dagger Throw","floor":22},{"not_picked":["Phantasmal Killer","Poisoned Stab"],"picked":"Blade Dance","floor":23}],"player_experience":639615,"relics_obtained":[{"floor":7,"key":"Sundial"},{"floor":9,"key":"Shuriken"},{"floor":10,"key":"Old Coin"},{"floor":17,"key":"Regal Pillow"},{"floor":17,"key":"Ornamental Fan"},{"floor":17,"key":"Gambling Chip"},{"floor":23,"key":"Art of War"}],"event_choices":[{"damage_healed":0,"gold_gain":0,"player_choice":"Rummage","damage_taken":0,"relics_obtained":["WarpedTongs"],"max_hp_gain":0,"max_hp_loss":0,"event_name":"Accursed Blacksmith","floor":14,"gold_loss":0,"cards_obtained":["Pain"]},{"damage_healed":0,"gold_gain":0,"player_choice":"Read","damage_taken":0,"max_hp_gain":0,"max_hp_loss":0,"event_name":"The Library","floor":20,"gold_loss":0,"cards_obtained":["Backstab"]}],"is_beta":false,"boss_relics":[{"not_picked":["Velvet Choker","Astrolabe"],"picked":"Calling Bell"}],"items_purged_floors":[12],"is_endless":false,"potions_floor_spawned":[1,4,5,7,10,13,23],"killed_by":"Cultist and Chosen","ascension_level":7}