{"gold_per_floor":[110,35,35,35,46,80,80,107,160,160,60,60,60,80,80,177,177,195,205,223,269,269,269,295,295],"floor_reached":25,"playtime":1111,"items_purged":["Strike_B","Strike_B"],"score":261,"play_id":"d43a3a32-95f4-4b7f-bc25-8847238fafcc","local_time":"20190419153732","is_ascension_mode":true,"campfire_choices":[{"data":"Zap","floor":7,"key":"SMITH"},{"data":"Defragment","floor":10,"key":"SMITH"},{"data":"Rainbow","floor":13,"key":"SMITH"},{"data":"Dualcast","floor":15,"key":"SMITH"},{"data":"Redo","floor":23,"key":"SMITH"}],"neow_cost":"NONE","seed_source_timestamp":6920360811835,"circlet_count":0,"master_deck":["Strike_B","Strike_B","Defend_B","Defend_B","Defend_B","Defend_B","Zap+1","Dualcast+1","Defragment+1","Sunder","Rainbow+1","Multi-Cast","Chill+1","Redo+1","Redo","Turbo"],"relics":["Cracked Core","Boot","Dodecahedron","Tiny Chest","Inserter","Centennial Puzzle","Unceasing Top"],"potions_floor_usage":[4,6,8,19,20],"damage_taken":[{"damage":0,"enemies":"Cultist","floor":1,"turns":3},{"damage":2,"enemies":"Jaw Worm","floor":5,"turns":3},{"damage":25,"enemies":"Lagavulin","floor":6,"turns":7},{"damage":22,"enemies":"3 Sentries","floor":8,"turns":7},{"damage":3,"enemies":"2 Louse","floor":14,"turns":2},{"damage":9,"enemies":"The Guardian","floor":16,"turns":8},{"damage":0,"enemies":"Chosen","floor":18,"turns":4},{"damage":15,"enemies":"2 Thieves","floor":19,"turns":4},{"damage":20,"enemies":"Sentry and Sphere","floor":20,"turns":7},{"damage":13,"enemies":"Slavers","floor":24,"turns":5},{"damage":45,"enemies":"Masked Bandits","floor":25,"turns":3}],"seed_played":"-2803560851297872559","potions_obtained":[{"floor":1,"key":"Strength Potion"},{"floor":4,"key":"Fruit Juice"},{"floor":4,"key":"FearPotion"},{"floor":4,"key":"Regen Potion"},{"floor":18,"key":"Block Potion"},{"floor":19,"key":"PowerPotion"}],"is_trial":false,"path_per_floor":["M","$","?","?","M","E","R","E","T","R","$","?","R","M","R","B",null,"M","M","M","T","?","R","E","?"],"character_chosen":"DEFECT","items_purchased":[],"campfire_rested":0,"item_purchase_floors":[],"current_hp_per_floor":[82,82,82,87,85,60,60,53,53,53,53,53,53,50,50,41,87,87,72,52,52,52,52,39,0],"gold":295,"neow_bonus":"TEN_PERCENT_HP_BONUS","is_prod":false,"is_daily":false,"chose_seed":false,"campfire_upgraded":5,"win_rate":0,"timestamp":1555684652,"path_taken":["M","?","?","?","?","E","R","E","T","R","?","?","R","M","R","BOSS","M","M","M","?","?","R","E","?"],"build_version":"2019-01-23","purchased_purges":2,"victory":false,"max_hp_per_floor":[82,82,82,87,87,87,87,87,87,87,87,87,87,87,87,87,87,87,87,87,87,87,87,87,87],"card_choices":[{"not_picked":["Glacier","Reinforced Body"],"picked":"Defragment","floor":1},{"not_picked":["Lockon","Barrage"],"picked":"Sunder","floor":5},{"not_picked":["Leap","Gash"],"picked":"Rainbow","floor":6},{"not_picked":["Blizzard","Undo","Reprogram"],"picked":"SKIP","floor":8},{"not_picked":["Scrape","Undo","Sweeping Beam"],"picked":"SKIP","floor":14},{"not_picked":["Hyperbeam","Amplify"],"picked":"Multi-Cast","floor":16},{"not_picked":["Conserve Battery","Go for the Eyes"],"picked":"Chill+1","floor":18},{"not_picked":["Ball Lightning","Rebound+1"],"picked":"Redo","floor":19},{"not_picked":["Coolheaded","Steam"],"picked":"Redo","floor":20},{"not_picked":["Chill","Redo"],"picked":"Turbo","floor":24}],"player_experience":183636,"relics_obtained":[{"floor":6,"key":"Boot"},{"floor":8,"key":"Dodecahedron"},{"floor":9,"key":"Tiny Chest"},{"floor":21,"key":"Centennial Puzzle"},{"floor":24,"key":"Unceasing Top"}],"event_choices":[{"damage_healed":0,"gold_gain":0,"player_choice":"Leave","damage_taken":0,"max_hp_gain":0,"max_hp_loss":0,"event_name":"The Cleric","floor":3,"gold_loss":0},{"damage_healed":0,"gold_gain":0,"player_choice":"Got Potions","damage_taken":0,"max_hp_gain":0,"max_hp_loss":0,"event_name":"Lab","floor":4,"gold_loss":0},{"damage_healed":0,"gold_gain":0,"player_choice":"Bought 0 Potions","damage_taken":0,"max_hp_gain":0,"max_hp_loss":0,"event_name":"The Woman in Blue","floor":12,"gold_loss":0},{"damage_healed":0,"gold_gain":0,"player_choice":"Ignored","damage_taken":0,"max_hp_gain":0,"max_hp_loss":0,"event_name":"Ghosts","floor":22,"gold_loss":0},{"damage_healed":0,"gold_gain":0,"player_choice":"Fought Bandits","damage_taken":0,"max_hp_gain":0,"max_hp_loss":0,"event_name":"Masked Bandits","floor":25,"gold_loss":0}],"is_beta":false,"boss_relics":[{"not_picked":["Tiny House","Orrery"],"picked":"Inserter"}],"items_purged_floors":[2,11],"is_endless":false,"potions_floor_spawned":[1,18,19],"killed_by":"Masked Bandits","ascension_level":3}