{"path_per_floor":["M","?","M","M","M","E","?","E","T","R","?","M","R","M","R","B",null,"M","$","M","T","M","R"],"character_chosen":"IRONCLAD","items_purchased":["Bandage Up","Pommel Strike"],"gold_per_floor":[118,118,130,148,164,191,141,169,169,169,131,141,141,158,158,259,259,276,81,98,148,164,164,164],"floor_reached":24,"campfire_rested":2,"playtime":2741,"item_purchase_floors":[19,19],"current_hp_per_floor":[80,73,77,80,69,26,26,8,8,8,8,9,33,34,58,20,80,67,67,37,37,41,41,0],"items_purged":["Defend_R"],"gold":164,"score":208,"play_id":"a45fb041-1846-4961-a9a1-68761752eec9","local_time":"20180622191623","is_prod":false,"is_daily":false,"chose_seed":false,"is_ascension_mode":false,"campfire_upgraded":0,"win_rate":0.0,"timestamp":1529691383,"campfire_choices":[{"data":"Strike_R","floor":10,"key":"PURGE"},{"floor":13,"key":"REST"},{"floor":15,"key":"REST"},{"data":"Strike_R","floor":23,"key":"PURGE"}],"path_taken":["M","?","M","M","M","E","?","E","T","R","?","M","R","?","R","BOSS","M","$","M","?","M","R","E"],"build_version":"2018-06-21","seed_source_timestamp":1023603008046454,"purchased_purges":1,"circlet_count":0,"victory":false,"master_deck":["Strike_R","Strike_R","Strike_R","Defend_R","Defend_R","Rampage","Burning Pact","Headbutt","Armaments","Sword Boomerang","Ghostly Armor","Disarm","Sword Boomerang","Barricade","True Grit+1","Bandage Up","Pommel Strike","Fire Breathing","Inflame"],"max_hp_per_floor":[80,80,80,80,80,80,80,80,80,80,80,80,80,80,80,80,80,80,80,80,80,80,80,80],"relics":["Burning Blood","Peace Pipe","Boot","Dodecahedron","Philosopher\u0027s Stone","Juzu Bracelet"],"card_choices":[{"not_picked":["Twin Strike","Second Wind"],"picked":"Rampage","floor":1},{"not_picked":["Perfected Strike","Blood for Blood"],"picked":"Burning Pact","floor":3},{"not_picked":["Clothesline","Flame Barrier"],"picked":"Headbutt","floor":4},{"not_picked":["True Grit","Bloodletting"],"picked":"Armaments","floor":5},{"not_picked":["Clothesline","Perfected Strike"],"picked":"Sword Boomerang","floor":6},{"not_picked":["Shrug It Off","Burning Pact"],"picked":"Ghostly Armor","floor":8},{"not_picked":["Shockwave","Uppercut"],"picked":"Disarm","floor":12},{"not_picked":["Disarm","Flex"],"picked":"Sword Boomerang","floor":14},{"not_picked":["Berserk","Brutality"],"picked":"Barricade","floor":16},{"not_picked":["Bloodletting","Thunderclap"],"picked":"True Grit+1","floor":18},{"not_picked":["Body Slam","Thunderclap"],"picked":"Fire Breathing","floor":20},{"not_picked":["Second Wind","Warcry"],"picked":"Inflame","floor":22}],"player_experience":0,"potions_floor_usage":[8,8],"damage_taken":[{"damage":1,"enemies":"Jaw Worm","floor":1,"turns":5},{"damage":2,"enemies":"2 Louse","floor":3,"turns":3},{"damage":0,"enemies":"Small Slimes","floor":4,"turns":3},{"damage":17,"enemies":"Red Slaver","floor":5,"turns":6},{"damage":49,"enemies":"Lagavulin","floor":6,"turns":7},{"damage":24,"enemies":"Gremlin Nob","floor":8,"turns":5},{"damage":5,"enemies":"3 Louse","floor":12,"turns":5},{"damage":5,"enemies":"Blue Slaver","floor":14,"turns":4},{"damage":44,"enemies":"The Guardian","floor":16,"turns":13},{"damage":19,"enemies":"Shell Parasite","floor":18,"turns":8},{"damage":40,"enemies":"3 Byrds","floor":20,"turns":5},{"damage":2,"enemies":"Snecko","floor":22,"turns":5},{"damage":49,"enemies":"Gremlin Leader","floor":24,"turns":4}],"relics_obtained":[{"floor":6,"key":"Peace Pipe"},{"floor":8,"key":"Boot"},{"floor":9,"key":"Dodecahedron"},{"floor":21,"key":"Juzu Bracelet"}],"event_choices":[{"event_name":"Golden Wing","player_choice":"Card Removal","floor":2,"damage_taken":0},{"event_name":"The Cleric","player_choice":"Card Removal","floor":7,"damage_taken":0},{"event_name":"World of Goop","player_choice":"Left","floor":11,"damage_taken":0}],"boss_relics":[{"not_picked":["Cursed Key","Runic Pyramid"],"picked":"Philosopher\u0027s Stone"}],"items_purged_floors":[19],"is_endless":false,"potions_floor_spawned":[1,4,14],"seed_played":"-8855864650395323329","killed_by":"Gremlin Leader","ascension_level":0,"potions_obtained":[{"floor":1,"key":"EssenceOfSteel"},{"floor":4,"key":"EssenceOfSteel"},{"floor":14,"key":"FearPotion"}],"is_trial":false}