{"gold_per_floor":[110,127,127,15,15,42,62,90,90,101,101,101,121,21,21,124,124,143,158,81,81,180,180,200,231,231,259,274,289,309,320,320,416,416,434,434,204,221,234,234,250,250,275,275,292,311,19,32,32,32],"floor_reached":51,"playtime":5100,"items_purged":["Defend_B","Strike_B","Hologram"],"score":728,"play_id":"9ef1b91d-9298-46fe-a770-1ba5be84f8b8","local_time":"20180623095011","is_ascension_mode":false,"campfire_choices":[{"data":"BootSequence","floor":11,"key":"SMITH"},{"floor":15,"key":"REST"},{"data":"Thunder Strike","floor":23,"key":"SMITH"},{"data":"Zap","floor":32,"key":"SMITH"},{"data":"Strike_B","floor":40,"key":"PURGE"},{"data":"Pain","floor":42,"key":"PURGE"},{"data":"Doubt","floor":44,"key":"PURGE"},{"floor":49,"key":"REST"}],"neow_cost":"NONE","seed_source_timestamp":29726343527141,"circlet_count":0,"master_deck":["Strike_B","Defend_B","Defend_B","Defend_B","Zap+1","Thunder Strike+1","Lockon","Static Discharge","Ball Lightning","Self Repair+1","BootSequence+1","Storm+1","Go for the Eyes","Creative AI+1","Beam Cell+1","J.A.X.","Steam","Electrodynamics+1","Defragment+1","Beam Cell+1","Heatsinks+1","Buffer+1","Parasite","Double Energy","Flash of Steel+1","Finesse","Leap+1","Go for the Eyes+1","Force Field","Amplify","Coolheaded+1","Sweeping Beam+1"],"special_seed":17705,"relics":["Cracked Core","Torii","Frozen Egg 2","Darkstone Periapt","Gambling Chip","Lizard Tail","Anchor","Bottled Tornado","Molten Egg 2","Calling Bell","Dream Catcher","Question Card","Peace Pipe","Bag of Marbles","Mummified Hand"],"potions_floor_usage":[8,16,18,27,27,27,39,50],"damage_taken":[{"damage":6,"enemies":"Jaw Worm","floor":1,"turns":3},{"damage":2,"enemies":"Small Slimes","floor":2,"turns":3},{"damage":30,"enemies":"3 Sentries","floor":6,"turns":6},{"damage":1,"enemies":"Cultist","floor":7,"turns":3},{"damage":10,"enemies":"Gremlin Nob","floor":8,"turns":3},{"damage":1,"enemies":"2 Fungi Beasts","floor":10,"turns":3},{"damage":0,"enemies":"Looter","floor":13,"turns":2},{"damage":6,"enemies":"Hexaghost","floor":16,"turns":7},{"damage":1,"enemies":"Chosen","floor":18,"turns":4},{"damage":30,"enemies":"2 Thieves","floor":19,"turns":4},{"damage":16,"enemies":"3 Cultists","floor":24,"turns":4},{"damage":42,"enemies":"Gremlin Leader","floor":25,"turns":5},{"damage":11,"enemies":"Slavers","floor":27,"turns":4},{"damage":10,"enemies":"Centurion and Healer","floor":28,"turns":5},{"damage":21,"enemies":"Snake Plant","floor":29,"turns":4},{"damage":11,"enemies":"Snecko","floor":30,"turns":4},{"damage":3,"enemies":"Centurion and Healer","floor":31,"turns":4},{"damage":3,"enemies":"Collector","floor":33,"turns":6},{"damage":41,"enemies":"3 Shapes","floor":35,"turns":4},{"damage":27,"enemies":"Orb Walker","floor":38,"turns":4},{"damage":26,"enemies":"Maw","floor":39,"turns":7},{"damage":4,"enemies":"3 Darklings","floor":41,"turns":4},{"damage":1,"enemies":"Sphere and 2 Shapes","floor":45,"turns":3},{"damage":9,"enemies":"Maw","floor":46,"turns":7},{"damage":0,"enemies":"3 Darklings","floor":48,"turns":3},{"damage":21,"enemies":"Time Eater","floor":50,"turns":6}],"seed_played":"8287111077036225769","potions_obtained":[{"floor":2,"key":"SkillPotion"},{"floor":6,"key":"Fire Potion"},{"floor":16,"key":"Block Potion"},{"floor":18,"key":"FocusPotion"},{"floor":24,"key":"Energy Potion"},{"floor":25,"key":"Explosive Potion"},{"floor":29,"key":"Dexterity Potion"},{"floor":38,"key":"SmokeBomb"},{"floor":45,"key":"Fire Potion"}],"is_trial":false,"path_per_floor":["M","M","?","$","?","E","M","E","T","M","R","?","M","$","R","B",null,"M","M","?","?","?","R","M","E","T","E","M","M","M","M","R","B",null,"M","?","$","M","M","R","M","R","T","R","M","M","$","M","R","B"],"character_chosen":"DEFECT","items_purchased":["Static Discharge","Finesse","Mummified Hand","PowerPotion"],"campfire_rested":2,"item_purchase_floors":[4,37,47,47],"current_hp_per_floor":[69,67,55,55,48,18,17,17,17,26,26,26,36,36,58,62,75,75,55,55,55,55,55,49,17,17,16,16,47,46,53,53,60,93,62,62,62,45,29,29,25,25,25,25,24,25,25,25,52,41],"gold":32,"neow_bonus":"ONE_RANDOM_RARE_CARD","is_prod":false,"is_daily":false,"chose_seed":false,"campfire_upgraded":3,"win_rate":0.0,"timestamp":1529743811,"path_taken":["M","M","?","$","?","E","?","E","T","?","R","?","M","?","R","BOSS","M","M","?","?","?","R","M","E","T","E","M","?","M","M","R","BOSS","M","?","$","M","M","R","M","R","T","R","M","M","$","M","R","BOSS"],"build_version":"2018-06-21v2","purchased_purges":3,"victory":true,"max_hp_per_floor":[75,75,75,75,75,75,75,75,75,75,75,75,75,75,75,75,75,75,75,75,75,75,75,75,75,75,75,75,75,75,75,75,75,93,93,93,93,93,93,93,93,93,93,93,93,93,93,93,93,93],"card_choices":[{"not_picked":["Leap","Darkness"],"picked":"Hologram","floor":1},{"not_picked":["Compile Driver","Skim"],"picked":"Lockon","floor":2},{"not_picked":["Stack","Chill"],"picked":"Ball Lightning","floor":6},{"not_picked":["Glacier","Coolheaded"],"picked":"Self Repair+1","floor":7},{"not_picked":["Double Energy","Go for the Eyes"],"picked":"BootSequence","floor":8},{"not_picked":["Barrage","Hologram"],"picked":"Storm+1","floor":10},{"not_picked":["Sweeping Beam","Streamline"],"picked":"Go for the Eyes","floor":13},{"not_picked":["Machine Learning+1","Reboot"],"picked":"Creative AI+1","floor":16},{"not_picked":["Hologram","Compile Driver+1"],"picked":"Beam Cell+1","floor":18},{"not_picked":["Stack","Doom and Gloom","Chaos"],"picked":"SKIP","floor":19},{"not_picked":["Steam Power","Gash+1","Compile Driver"],"picked":"SKIP","floor":24},{"not_picked":["Reinforced Body","Streamline","Cold Snap"],"picked":"SKIP","floor":25},{"not_picked":["Stack+1","Gash"],"picked":"Steam","floor":27},{"not_picked":["BootSequence","Cold Snap+1"],"picked":"Electrodynamics+1","floor":28},{"not_picked":["Coolheaded+1","Hologram"],"picked":"Defragment+1","floor":29},{"not_picked":["Conserve Battery","Ball Lightning+1"],"picked":"Beam Cell+1","floor":30},{"not_picked":["Auto Shields","Fusion"],"picked":"Heatsinks+1","floor":31},{"not_picked":["Seek","Multi-Cast"],"picked":"Buffer+1","floor":33},{"not_picked":["Stack+1","Lockon+1","Sweeping Beam+1"],"picked":"Double Energy","floor":35},{"not_picked":["Secret Technique","Panacea","Purity"],"picked":"Flash of Steel+1","floor":36},{"not_picked":["Gash+1","Coolheaded+1","Stack+1","Hologram"],"picked":"SKIP","floor":38},{"not_picked":["Hologram+1","Loop+1","Gash+1"],"picked":"Leap+1","floor":39},{"not_picked":["Beam Cell+1","Sweeping Beam+1","Steam"],"picked":"Go for the Eyes+1","floor":41},{"not_picked":["Sweeping Beam+1","Streamline+1","Hologram"],"picked":"Force Field","floor":45},{"not_picked":["Hologram+1","Streamline+1","Coolheaded"],"picked":"Amplify","floor":46},{"not_picked":["Go for the Eyes+1","Leap+1","Darkness+1"],"picked":"Coolheaded+1","floor":48},{"not_picked":["Electrodynamics+1","Stack+1","Compile Driver+1"],"picked":"Sweeping Beam+1","floor":49}],"player_experience":22206,"relics_obtained":[{"floor":6,"key":"Frozen Egg 2"},{"floor":8,"key":"Darkstone Periapt"},{"floor":9,"key":"Gambling Chip"},{"floor":25,"key":"Anchor"},{"floor":26,"key":"Bottled Tornado"},{"floor":27,"key":"Molten Egg 2"},{"floor":34,"key":"Dream Catcher"},{"floor":34,"key":"Question Card"},{"floor":34,"key":"Peace Pipe"},{"floor":43,"key":"Bag of Marbles"}],"event_choices":[{"event_name":"Scrap Ooze","player_choice":"success","floor":3,"damage_taken":12},{"event_name":"Golden Wing","player_choice":"Card Removal","floor":5,"damage_taken":0},{"event_name":"Bonfire Elementals","player_choice":"BASIC","floor":12,"damage_taken":0},{"event_name":"Drug Dealer","player_choice":"Got JAXXED","floor":20,"damage_taken":0},{"event_name":"Vampires","player_choice":"Ignored","floor":21,"damage_taken":0},{"event_name":"Nest","player_choice":"Stole From Cult","floor":22,"damage_taken":0},{"event_name":"SensoryStone","player_choice":"Memory 1","floor":36,"damage_taken":0}],"boss_relics":[{"not_picked":["Astrolabe","Fusion Hammer"],"picked":"Lizard Tail"},{"not_picked":["Eternal Feather","Runic Pyramid"],"picked":"Calling Bell"}],"items_purged_floors":[4,14,37],"is_endless":false,"potions_floor_spawned":[2,6,16,18,24,25,29,38,45],"ascension_level":0}