{"gold_per_floor":[145,145,157,173,193,193,226,241,241,258,258,290,300,316,316,411,461,474,486,502,519,519,519],"floor_reached":23,"playtime":1030,"items_purged":[],"score":282,"play_id":"ff40f07f-a13a-48e4-8136-acd290549c40","local_time":"20190908100313","is_ascension_mode":true,"campfire_choices":[{"floor":6,"key":"REST"},{"data":"Double Tap","floor":11,"key":"SMITH"},{"floor":15,"key":"REST"}],"neow_cost":"NONE","seed_source_timestamp":146828380514600,"circlet_count":0,"master_deck":["Strike_R+1","Strike_R","Strike_R","Strike_R","Strike_R","Defend_R","Defend_R","Defend_R","Defend_R","Bash+1","Clash","Thunderclap","Iron Wave+1","Thunderclap","Double Tap+1","Havoc","Battle Trance","Inflame","Infernal Blade","Headbutt","Impervious","Twin Strike","Anger","Clash","Metallicize","RitualDagger"],"relics":["Burning Blood","Tiny Chest","Regal Pillow","Kunai","Whetstone","Tiny House"],"potions_floor_usage":[7,10,16,19,21,21,21],"damage_taken":[{"damage":6,"enemies":"Cultist","floor":1,"turns":3},{"damage":13,"enemies":"Jaw Worm","floor":3,"turns":4},{"damage":12,"enemies":"Small Slimes","floor":4,"turns":3},{"damage":22,"enemies":"Exordium Thugs","floor":5,"turns":5},{"damage":34,"enemies":"Lagavulin","floor":7,"turns":5},{"damage":12,"enemies":"Looter","floor":8,"turns":3},{"damage":15,"enemies":"Blue Slaver","floor":10,"turns":3},{"damage":27,"enemies":"Gremlin Nob","floor":12,"turns":4},{"damage":10,"enemies":"3 Louse","floor":13,"turns":2},{"damage":0,"enemies":"Large Slime","floor":14,"turns":4},{"damage":24,"enemies":"Slime Boss","floor":16,"turns":8},{"damage":25,"enemies":"Chosen","floor":18,"turns":5},{"damage":12,"enemies":"3 Byrds","floor":19,"turns":3},{"damage":42,"enemies":"Snake Plant","floor":20,"turns":4},{"damage":12,"enemies":"Cultist and Chosen","floor":21,"turns":5},{"damage":9,"enemies":"Gremlin Leader","floor":23,"turns":3}],"seed_played":"-8592701679642360937","potions_obtained":[{"floor":3,"key":"Strength Potion"},{"floor":7,"key":"LiquidBronze"},{"floor":8,"key":"Regen Potion"},{"floor":12,"key":"EssenceOfSteel"},{"floor":13,"key":"Energy Potion"},{"floor":16,"key":"SpeedPotion"},{"floor":17,"key":"Dexterity Potion"},{"floor":19,"key":"SpeedPotion"}],"is_trial":false,"path_per_floor":["M","T","M","M","M","R","E","M","T","M","R","E","M","M","R","B",null,"M","M","M","M","?","E"],"character_chosen":"IRONCLAD","items_purchased":[],"campfire_rested":2,"item_purchase_floors":[],"current_hp_per_floor":[72,72,65,59,43,80,52,46,46,46,46,25,21,27,66,48,77,58,52,16,10,4,0],"gold":519,"neow_bonus":"RANDOM_COMMON_RELIC","is_prod":false,"is_daily":false,"chose_seed":false,"campfire_upgraded":1,"win_rate":0,"timestamp":1567951393,"path_taken":["M","?","M","M","M","R","E","M","T","M","R","E","M","M","R","BOSS","M","?","M","M","?","E"],"build_version":"2019-07-17","purchased_purges":0,"victory":false,"max_hp_per_floor":[80,80,80,80,80,80,80,80,80,80,80,80,80,80,80,80,85,85,85,85,85,85,85],"card_choices":[{"not_picked":["Twin Strike","Cleave"],"picked":"Clash","floor":1},{"not_picked":["Iron Wave","Body Slam"],"picked":"Thunderclap","floor":3},{"not_picked":["Bloodletting","Second Wind"],"picked":"Iron Wave","floor":4},{"not_picked":["Exhume","Fire Breathing"],"picked":"Thunderclap","floor":5},{"not_picked":["Clothesline","Sword Boomerang"],"picked":"Double Tap","floor":7},{"not_picked":["Disarm","Sentinel"],"picked":"Havoc","floor":8},{"not_picked":["Havoc","Feel No Pain"],"picked":"Battle Trance","floor":10},{"not_picked":["Wild Strike","Dropkick"],"picked":"Inflame","floor":12},{"not_picked":["Clothesline","Armaments"],"picked":"Infernal Blade","floor":13},{"not_picked":["Havoc","Thunderclap"],"picked":"Headbutt","floor":14},{"not_picked":["Dark Embrace","Berserk"],"picked":"Impervious","floor":16},{"not_picked":["Rupture","Warcry"],"picked":"Twin Strike","floor":17},{"not_picked":["Twin Strike","Havoc"],"picked":"Anger","floor":18},{"not_picked":["Shrug It Off","Havoc"],"picked":"Clash","floor":19},{"not_picked":["Entrench","Body Slam+1","Burning Pact"],"picked":"SKIP","floor":20},{"not_picked":["Whirlwind","Second Wind"],"picked":"Metallicize","floor":21}],"player_experience":508874,"relics_obtained":[{"floor":2,"key":"Regal Pillow"},{"floor":7,"key":"Kunai"},{"floor":12,"key":"Whetstone"}],"event_choices":[{"damage_healed":0,"gold_gain":0,"player_choice":"Joined the Cult","damage_taken":6,"max_hp_gain":0,"max_hp_loss":0,"event_name":"Nest","floor":22,"gold_loss":0,"cards_obtained":["RitualDagger"]}],"is_beta":false,"boss_relics":[{"not_picked":["Orrery","Coffee Dripper"],"picked":"Tiny House"}],"items_purged_floors":[],"is_endless":false,"potions_floor_spawned":[3,7,8,12,13,16,19],"killed_by":"Gremlin Leader","ascension_level":7}