{"gold_per_floor":[112,132,132,232,249,249,275,286,286,19,49,49],"floor_reached":12,"playtime":944,"items_purged":[],"score":101,"play_id":"567ffda4-2feb-49ea-a2a3-2a2ea594e6d7","local_time":"20181225135615","is_ascension_mode":true,"campfire_choices":[{"data":"Zap","floor":6,"key":"SMITH"}],"neow_cost":"NONE","seed_source_timestamp":421174719103035,"circlet_count":0,"master_deck":["Strike_B","Strike_B","Strike_B","Defend_B","Defend_B","Defend_B","Defend_B","Zap+1","Dualcast","Loop","Defragment","Go for the Eyes","Leap","Redo","Gash","Chaos","All For One"],"relics":["Cracked Core","Cables","The Courier","Tiny Chest","Vajra","Anchor"],"potions_floor_usage":[1,7,7,11,11],"damage_taken":[{"damage":0,"enemies":"Jaw Worm","floor":1,"turns":4},{"damage":0,"enemies":"Small Slimes","floor":2,"turns":3},{"damage":11,"enemies":"Cultist","floor":5,"turns":4},{"damage":12,"enemies":"Lagavulin","floor":7,"turns":7},{"damage":1,"enemies":"Large Slime","floor":8,"turns":5},{"damage":29,"enemies":"Gremlin Nob","floor":11,"turns":4},{"damage":15,"enemies":"3 Sentries","floor":12,"turns":3}],"seed_played":"3849677218835806300","potions_obtained":[{"floor":0,"key":"Dexterity Potion"},{"floor":0,"key":"Weak Potion"},{"floor":0,"key":"GamblersBrew"},{"floor":7,"key":"SkillPotion"},{"floor":8,"key":"SkillPotion"}],"is_trial":false,"path_per_floor":["M","M","?","?","M","R","E","M","T","$","E","?"],"character_chosen":"DEFECT","items_purchased":["Tiny Chest","Vajra","Gash","Chaos"],"campfire_rested":0,"item_purchase_floors":[10,10,10,10],"current_hp_per_floor":[75,75,68,68,57,57,45,44,44,44,15,0],"gold":49,"neow_bonus":"THREE_SMALL_POTIONS","is_prod":false,"is_daily":false,"chose_seed":false,"campfire_upgraded":1,"win_rate":0,"timestamp":1545764175,"path_taken":["M","M","?","?","?","R","E","M","T","$","E","?"],"build_version":"2018-12-20","purchased_purges":0,"victory":false,"max_hp_per_floor":[75,75,75,75,75,75,75,75,75,75,75,75],"card_choices":[{"not_picked":["Force Field","Chill"],"picked":"Loop","floor":1},{"not_picked":["Hologram","Self Repair"],"picked":"Defragment","floor":2},{"not_picked":["Hologram","Leap"],"picked":"Go for the Eyes","floor":5},{"not_picked":["Undo","Fission"],"picked":"Leap","floor":7},{"not_picked":["Force Field","Cold Snap"],"picked":"Redo","floor":8},{"not_picked":["Ball Lightning","Sunder"],"picked":"All For One","floor":11}],"player_experience":135405,"relics_obtained":[{"floor":7,"key":"Cables"},{"floor":9,"key":"The Courier"},{"floor":11,"key":"Anchor"}],"event_choices":[{"cards_removed":["Strike_B"],"damage_healed":0,"gold_gain":0,"player_choice":"Card Removal","damage_taken":7,"max_hp_gain":0,"max_hp_loss":0,"event_name":"Golden Wing","floor":3,"gold_loss":0},{"damage_healed":0,"gold_gain":100,"player_choice":"Gold","damage_taken":0,"max_hp_gain":0,"max_hp_loss":0,"event_name":"Wheel of Change","floor":4,"gold_loss":0},{"damage_healed":0,"gold_gain":0,"player_choice":"Searched \u00271\u0027 times","damage_taken":0,"max_hp_gain":0,"max_hp_loss":0,"event_name":"Dead Adventurer","floor":12,"gold_loss":0}],"is_beta":false,"boss_relics":[],"items_purged_floors":[],"is_endless":false,"potions_floor_spawned":[7,8],"killed_by":"3 Sentries","ascension_level":3}