{"gold_per_floor":[116,126,146,160,178,178,178,210,210,223,233,233,246,273,273,373,373,385,402,413,30,30,30,44,44],"floor_reached":25,"playtime":2229,"items_purged":[],"score":230,"play_id":"04ca268e-2f47-43f2-a92d-14043d4deb8f","local_time":"20181226231619","is_ascension_mode":true,"campfire_choices":[{"data":"Tactician","floor":6,"key":"SMITH"},{"data":"Envenom","floor":15,"key":"SMITH"},{"floor":23,"key":"REST"}],"neow_cost":"NONE","seed_source_timestamp":539894987328421,"circlet_count":0,"master_deck":["Defend_G","Defend_G","Defend_G","Defend_G","Defend_G","Strike_G","Strike_G","Strike_G","Strike_G","Strike_G","Survivor","Neutralize","Tools of the Trade","Blur","Flying Knee","Dagger Throw","Tactician+1","Endless Agony","Tools of the Trade","All Out Attack","Blade Dance","Distraction","Envenom+1","Acrobatics","Die Die Die","Flechettes+1","Bane","Blade Dance","Choke","Outmaneuver+1"],"relics":["Ring of the Snake","Darkstone Periapt","Bronze Scales","Bag of Marbles","Busted Crown","Ice Cream"],"potions_floor_usage":[3,5,13,14,14,16,18,20,24,25],"damage_taken":[{"damage":0,"enemies":"Cultist","floor":1,"turns":5},{"damage":0,"enemies":"Jaw Worm","floor":2,"turns":4},{"damage":2,"enemies":"Small Slimes","floor":3,"turns":4},{"damage":7,"enemies":"Red Slaver","floor":4,"turns":4},{"damage":2,"enemies":"3 Louse","floor":5,"turns":3},{"damage":21,"enemies":"Gremlin Nob","floor":8,"turns":4},{"damage":4,"enemies":"Gremlin Gang","floor":10,"turns":3},{"damage":0,"enemies":"Lots of Slimes","floor":11,"turns":1},{"damage":0,"enemies":"Large Slime","floor":13,"turns":5},{"damage":1,"enemies":"Lagavulin","floor":14,"turns":6},{"damage":19,"enemies":"Hexaghost","floor":16,"turns":8},{"damage":25,"enemies":"2 Thieves","floor":18,"turns":4},{"damage":10,"enemies":"3 Byrds","floor":19,"turns":2},{"damage":19,"enemies":"3 Cultists","floor":20,"turns":5},{"damage":18,"enemies":"Sentry and Sphere","floor":24,"turns":5},{"damage":13,"enemies":"Book of Stabbing","floor":25,"turns":2}],"seed_played":"4975112650310347401","potions_obtained":[{"floor":1,"key":"Explosive Potion"},{"floor":2,"key":"SkillPotion"},{"floor":8,"key":"GhostInAJar"},{"floor":10,"key":"SpeedPotion"},{"floor":12,"key":"Poison Potion"},{"floor":12,"key":"PowerPotion"},{"floor":13,"key":"LiquidBronze"},{"floor":14,"key":"Swift Potion"},{"floor":18,"key":"SpeedPotion"},{"floor":24,"key":"Strength Potion"}],"is_trial":false,"path_per_floor":["M","M","M","M","M","R","?","E","T","M","M","?","M","E","R","B",null,"M","M","M","$","?","R","M","E"],"character_chosen":"THE_SILENT","items_purchased":["Ice Cream","Choke","PowerPotion"],"campfire_rested":1,"item_purchase_floors":[21,21,21],"current_hp_per_floor":[70,70,68,61,59,59,59,38,38,34,34,34,34,33,33,14,70,45,35,16,16,3,25,7,0],"gold":44,"neow_bonus":"ONE_RANDOM_RARE_CARD","is_prod":false,"is_daily":false,"chose_seed":false,"campfire_upgraded":2,"win_rate":0,"timestamp":1545884179,"path_taken":["M","M","M","M","M","R","?","E","T","M","?","?","?","E","R","BOSS","M","M","M","$","?","R","M","E"],"build_version":"2018-12-20","purchased_purges":0,"victory":false,"max_hp_per_floor":[70,70,70,70,70,70,70,70,70,70,70,70,70,70,70,70,70,70,70,70,70,75,75,75,75],"card_choices":[{"not_picked":["Dash","Quick Slash"],"picked":"Blur","floor":1},{"not_picked":["Finisher","Catalyst"],"picked":"Flying Knee","floor":2},{"not_picked":["Sucker Punch","Calculated Gamble"],"picked":"Dagger Throw","floor":3},{"not_picked":["Quick Slash","Eviscerate"],"picked":"Tactician","floor":4},{"not_picked":["Caltrops","Cloak And Dagger"],"picked":"Endless Agony","floor":5},{"not_picked":["Deadly Poison","Wraith Form v2"],"picked":"All Out Attack","floor":8},{"not_picked":["Catalyst","Slice"],"picked":"Blade Dance","floor":10},{"not_picked":["Dash","Riddle With Holes"],"picked":"Distraction","floor":11},{"not_picked":["Prepared","Predator"],"picked":"Envenom","floor":13},{"not_picked":["Calculated Gamble","Deflect"],"picked":"Acrobatics","floor":14},{"not_picked":["Night Terror","Envenom"],"picked":"Die Die Die","floor":16},{"not_picked":[],"picked":"Flechettes+1","floor":18},{"not_picked":[],"picked":"Bane","floor":19},{"not_picked":[],"picked":"Blade Dance","floor":20},{"not_picked":[],"picked":"Outmaneuver+1","floor":24}],"player_experience":190335,"relics_obtained":[{"floor":8,"key":"Darkstone Periapt"},{"floor":9,"key":"Bronze Scales"},{"floor":14,"key":"Bag of Marbles"}],"event_choices":[{"damage_healed":0,"gold_gain":0,"player_choice":"1 cards matched","damage_taken":0,"max_hp_gain":0,"max_hp_loss":0,"event_name":"Match and Keep!","floor":7,"gold_loss":0,"cards_obtained":["Tools of the Trade"]},{"damage_healed":0,"gold_gain":0,"player_choice":"Got Potions","damage_taken":0,"max_hp_gain":0,"max_hp_loss":0,"event_name":"Lab","floor":12,"gold_loss":0},{"damage_healed":0,"gold_gain":0,"player_choice":"Shed Blood","damage_taken":18,"max_hp_gain":5,"max_hp_loss":0,"event_name":"Forgotten Altar","floor":22,"gold_loss":0}],"is_beta":false,"boss_relics":[{"not_picked":["Velvet Choker","Runic Pyramid"],"picked":"Busted Crown"}],"items_purged_floors":[],"is_endless":false,"potions_floor_spawned":[1,2,8,10,13,14,18,24],"killed_by":"Book of Stabbing","ascension_level":1}