{"gold_per_floor":[119,132,132,132,152,186,201,201,226,257,432,445,470,93,93,188,188,205,205,480,2,12,44,44,54,78,78],"floor_reached":27,"playtime":2168,"items_purged":["Doubt","Regret"],"score":339,"play_id":"449aaec1-791e-495f-966b-19432e4ea63a","local_time":"20190911135952","is_ascension_mode":true,"campfire_choices":[{"floor":8,"key":"REST"},{"floor":15,"key":"REST"},{"floor":24,"key":"REST"}],"neow_cost":"NONE","seed_source_timestamp":419088977740000,"circlet_count":0,"master_deck":["Strike_G","Strike_G","Strike_G","Defend_G","Defend_G","Defend_G","Defend_G","Survivor","Neutralize","Sucker Punch+1","Slice","Slice","Escape Plan","Cloak And Dagger","Flying Knee","Prepared","Corpse Explosion","Noxious Fumes","Choke","Adrenaline","Grand Finale+1","Blur+1","Choke+1","Dagger Throw+1","Dash","Cloak And Dagger","Escape Plan","Dagger Throw","Slice","Backflip","Tactician"],"relics":["Ring of the Snake","Orichalcum","Smiling Mask","Snake Skull","Dream Catcher","Oddly Smooth Stone","Toy Ornithopter","Astrolabe","Tingsha","Ornamental Fan","Lantern"],"potions_floor_usage":[10,12,13,16,18,27,27],"damage_taken":[{"damage":0,"enemies":"2 Louse","floor":1,"turns":4},{"damage":5,"enemies":"Jaw Worm","floor":2,"turns":6},{"damage":3,"enemies":"Small Slimes","floor":5,"turns":3},{"damage":12,"enemies":"Gremlin Nob","floor":6,"turns":5},{"damage":5,"enemies":"Blue Slaver","floor":7,"turns":3},{"damage":18,"enemies":"Lagavulin","floor":10,"turns":6},{"damage":0,"enemies":"2 Fungi Beasts","floor":12,"turns":3},{"damage":7,"enemies":"Gremlin Nob","floor":13,"turns":5},{"damage":23,"enemies":"The Guardian","floor":16,"turns":9},{"damage":34,"enemies":"2 Thieves","floor":18,"turns":4},{"damage":11,"enemies":"Shell Parasite","floor":22,"turns":5},{"damage":34,"enemies":"Slavers","floor":23,"turns":4},{"damage":15,"enemies":"Snake Plant","floor":25,"turns":4},{"damage":25,"enemies":"Gremlin Leader","floor":27,"turns":8}],"seed_played":"-5317613404274856587","potions_obtained":[{"floor":5,"key":"GhostInAJar"},{"floor":6,"key":"Poison Potion"},{"floor":10,"key":"SkillPotion"},{"floor":16,"key":"Regen Potion"},{"floor":18,"key":"Strength Potion"},{"floor":23,"key":"FearPotion"}],"is_trial":false,"path_per_floor":["M","M","?","?","M","E","M","R","T","E","?","M","E","$","R","B",null,"M","?","?","$","M","E","R","M","T","E"],"character_chosen":"THE_SILENT","items_purchased":["Noxious Fumes","Toy Ornithopter","AttackPotion","Tingsha","Cloak And Dagger","Escape Plan"],"campfire_rested":3,"item_purchase_floors":[14,14,14,21,21,21],"current_hp_per_floor":[70,65,65,62,59,47,42,65,65,47,47,47,40,40,63,45,69,50,50,50,50,39,5,28,13,13,0],"gold":78,"neow_bonus":"TEN_PERCENT_HP_BONUS","is_prod":false,"is_daily":false,"chose_seed":false,"campfire_upgraded":0,"win_rate":0,"timestamp":1568224792,"path_taken":["M","M","?","?","M","E","M","R","T","E","?","M","E","?","R","BOSS","M","?","?","$","?","E","R","M","T","E"],"build_version":"2019-07-17","purchased_purges":2,"victory":false,"max_hp_per_floor":[77,77,77,77,77,77,77,77,77,77,77,77,77,77,77,77,77,77,77,77,77,77,77,77,77,77,77],"card_choices":[{"not_picked":["Acrobatics","Reflex"],"picked":"Sucker Punch","floor":1},{"not_picked":["Poisoned Stab","Quick Slash"],"picked":"Slice","floor":2},{"not_picked":["Dagger Spray","Terror"],"picked":"Slice","floor":5},{"not_picked":["Finisher","Sucker Punch"],"picked":"Escape Plan","floor":6},{"not_picked":["Accuracy","Quick Slash"],"picked":"Cloak And Dagger","floor":7},{"not_picked":["Riddle With Holes","Setup"],"picked":"Flying Knee","floor":10},{"not_picked":["Finisher","Quick Slash"],"picked":"Prepared","floor":12},{"not_picked":["Terror","Poisoned Stab"],"picked":"Corpse Explosion","floor":13},{"not_picked":["Backflip","Backstab"],"picked":"Choke","floor":15},{"not_picked":["Glass Knife","Bullet Time"],"picked":"Adrenaline","floor":16},{"not_picked":["Dagger Spray","Skewer+1"],"picked":"Dagger Throw+1","floor":18},{"not_picked":["Bane+1","Acrobatics"],"picked":"Dagger Throw","floor":22},{"not_picked":["Flechettes+1","Eviscerate"],"picked":"Slice","floor":23},{"not_picked":["Sucker Punch+1","Slice"],"picked":"Backflip","floor":24},{"not_picked":["Infinite Blades","Quick Slash"],"picked":"Tactician","floor":25}],"player_experience":562928,"relics_obtained":[{"floor":6,"key":"Smiling Mask"},{"floor":9,"key":"Snake Skull"},{"floor":10,"key":"Dream Catcher"},{"floor":13,"key":"Oddly Smooth Stone"},{"floor":23,"key":"Ornamental Fan"},{"floor":26,"key":"Lantern"}],"event_choices":[{"damage_healed":0,"gold_gain":0,"player_choice":"Grow","damage_taken":0,"max_hp_gain":0,"max_hp_loss":0,"event_name":"Living Wall","floor":3,"gold_loss":0,"cards_upgraded":["Sucker Punch"]},{"damage_healed":0,"gold_gain":0,"player_choice":"Success","damage_taken":3,"relics_obtained":["Orichalcum"],"max_hp_gain":0,"max_hp_loss":0,"event_name":"Scrap Ooze","floor":4,"gold_loss":0},{"damage_healed":0,"gold_gain":175,"player_choice":"AGREE","damage_taken":0,"max_hp_gain":0,"max_hp_loss":0,"event_name":"Liars Game","floor":11,"gold_loss":0,"cards_obtained":["Doubt"]},{"damage_healed":0,"gold_gain":0,"player_choice":"Read","damage_taken":0,"max_hp_gain":0,"max_hp_loss":0,"event_name":"The Library","floor":19,"gold_loss":0,"cards_obtained":["Dash"]},{"damage_healed":0,"gold_gain":275,"player_choice":"Desecrate","damage_taken":0,"max_hp_gain":0,"max_hp_loss":0,"event_name":"Golden Shrine","floor":20,"gold_loss":0,"cards_obtained":["Regret"]}],"is_beta":false,"boss_relics":[{"not_picked":["Velvet Choker","Coffee Dripper"],"picked":"Astrolabe"}],"items_purged_floors":[14,21],"is_endless":false,"potions_floor_spawned":[5,6,10,16,18,23],"killed_by":"Gremlin Leader","ascension_level":7}