{"gold_per_floor":[117,136,156,231,249,249,277,277,300,16,33,33,44,44],"floor_reached":14,"playtime":707,"items_purged":[],"score":106,"play_id":"97c45e28-d8d5-43e5-9408-a6e8c059ddd4","local_time":"20181225150405","is_ascension_mode":true,"campfire_choices":[{"data":"Redo","floor":6,"key":"SMITH"},{"data":"Fusion","floor":8,"key":"SMITH"}],"neow_cost":"NONE","seed_source_timestamp":425481240864864,"circlet_count":0,"master_deck":["Strike_B","Strike_B","Strike_B","Strike_B","Defend_B+1","Defend_B","Defend_B","Defend_B","Zap+1","Dualcast","Gash","Fusion+1","Hologram","Redo+1","Biased Cognition","Gash","Beam Cell","Self Repair","Gash","Reprogram"],"relics":["Cracked Core","NeowsBlessing","Boot","Orichalcum"],"potions_floor_usage":[7,7],"damage_taken":[{"damage":0,"enemies":"2 Louse","floor":1,"turns":1},{"damage":0,"enemies":"Jaw Worm","floor":2,"turns":1},{"damage":0,"enemies":"Cultist","floor":3,"turns":1},{"damage":8,"enemies":"Blue Slaver","floor":5,"turns":4},{"damage":27,"enemies":"Lagavulin","floor":7,"turns":6},{"damage":8,"enemies":"Looter","floor":11,"turns":3},{"damage":4,"enemies":"Gremlin Gang","floor":13,"turns":4},{"damage":14,"enemies":"Large Slime","floor":14,"turns":3}],"seed_played":"1248715666238132436","potions_obtained":[{"floor":3,"key":"AttackPotion"},{"floor":5,"key":"Swift Potion"}],"is_trial":false,"path_per_floor":["M","M","M","?","M","R","E","R","T","$","M","?","M","M"],"character_chosen":"DEFECT","items_purchased":["Orichalcum","Gash","Beam Cell","Self Repair"],"campfire_rested":0,"item_purchase_floors":[10,10,10,10],"current_hp_per_floor":[75,75,75,64,56,56,29,29,29,29,21,6,9,0],"gold":44,"neow_bonus":"THREE_ENEMY_KILL","is_prod":false,"is_daily":false,"chose_seed":false,"campfire_upgraded":2,"win_rate":0,"timestamp":1545768245,"path_taken":["M","M","M","?","M","R","E","R","T","$","M","?","M","M"],"build_version":"2018-12-20","purchased_purges":0,"victory":false,"max_hp_per_floor":[75,75,75,75,75,75,75,75,75,75,75,75,75,75],"card_choices":[{"not_picked":["Reprogram","Hologram"],"picked":"Gash","floor":1},{"not_picked":["Glacier","Force Field"],"picked":"Fusion","floor":2},{"not_picked":["Rebound","Redo"],"picked":"Hologram","floor":3},{"not_picked":["Ball Lightning","Glacier"],"picked":"Redo","floor":5},{"not_picked":["Heatsinks","Redo"],"picked":"Biased Cognition","floor":7},{"not_picked":["Ball Lightning","Cold Snap"],"picked":"Gash","floor":11},{"not_picked":["Barrage","Sunder"],"picked":"Reprogram","floor":13}],"player_experience":139640,"relics_obtained":[{"floor":7,"key":"Boot"}],"event_choices":[{"damage_healed":0,"gold_gain":75,"player_choice":"Gather Gold","damage_taken":11,"max_hp_gain":0,"max_hp_loss":0,"event_name":"World of Goop","floor":4,"gold_loss":0},{"damage_healed":0,"gold_gain":0,"player_choice":"Entered Light","damage_taken":15,"max_hp_gain":0,"max_hp_loss":0,"event_name":"Shining Light","floor":12,"gold_loss":0,"cards_upgraded":["Zap","Defend_B"]}],"is_beta":false,"boss_relics":[],"items_purged_floors":[],"is_endless":false,"potions_floor_spawned":[3,5],"killed_by":"Large Slime","ascension_level":3}