{"gold_per_floor":[109,128,142,160,174,174,174,199,253,266,266,277,277,293,293,395,695,707,388,388,588,598,598,633,633,633,651,682,682,700,735,735,835,835,853,868,887,887,906,906,919,919,919,946,965,1000,1000,1019,1019,1019],"floor_reached":51,"playtime":5675,"items_purged":["Doubt"],"score":1270,"play_id":"18d2f423-0730-4524-a6d5-42885741e520","local_time":"20191003033606","is_ascension_mode":true,"campfire_choices":[{"data":"Neutralize","floor":6.0,"key":"SMITH"},{"floor":11.0,"key":"REST"},{"data":"Catalyst","floor":13.0,"key":"SMITH"},{"data":"Deadly Poison","floor":15.0,"key":"SMITH"},{"data":"Well Laid Plans","floor":23.0,"key":"SMITH"},{"data":"Burst","floor":25.0,"key":"SMITH"},{"floor":29.0,"key":"REST"},{"floor":32.0,"key":"REST"},{"data":"Deadly Poison","floor":40.0,"key":"SMITH"},{"floor":42.0,"key":"REST"},{"floor":47.0,"key":"REST"},{"floor":49.0,"key":"REST"}],"neow_cost":"NONE","seed_source_timestamp":2086869492746685,"circlet_count":0,"master_deck":["AscendersBane","Strike_G+1","Strike_G+1","Strike_G+1","Strike_G+1","Strike_G+1","Defend_G+1","Defend_G+1","Defend_G+1","Defend_G+1","Defend_G+1","Survivor","Neutralize+1","Acrobatics","Dash","Deadly Poison+1","Deadly Poison+1","Deadly Poison","Venomology","Catalyst+1","Well Laid Plans+1","Burst+1","Backflip+1","Blur","Noxious Fumes","Tools of the Trade","Crippling Poison+1","Noxious Fumes+1","Footwork+1"],"special_seed":0,"relics":["Ring of the Snake","Bottled Lightning","Happy Flower","Bronze Scales","Calling Bell","Omamori","Paper Crane","Old Coin","Bottled Tornado","Torii","Kunai","The Courier","Red Mask","Empty Cage","Pantograph","Boot"],"potions_floor_usage":[],"damage_taken":[{"damage":2.0,"enemies":"Cultist","floor":1.0,"turns":5.0},{"damage":8.0,"enemies":"Jaw Worm","floor":2.0,"turns":8.0},{"damage":0.0,"enemies":"Small Slimes","floor":3.0,"turns":3.0},{"damage":3.0,"enemies":"Red Slaver","floor":4.0,"turns":4.0},{"damage":3.0,"enemies":"Large Slime","floor":5.0,"turns":9.0},{"damage":29.0,"enemies":"Gremlin Nob","floor":8.0,"turns":5.0},{"damage":1.0,"enemies":"Looter","floor":10.0,"turns":4.0},{"damage":0.0,"enemies":"Exordium Thugs","floor":12.0,"turns":4.0},{"damage":1.0,"enemies":"2 Fungi Beasts","floor":14.0,"turns":3.0},{"damage":5.0,"enemies":"The Guardian","floor":16.0,"turns":9.0},{"damage":32.0,"enemies":"Spheric Guardian","floor":18.0,"turns":6.0},{"damage":3.0,"enemies":"3 Byrds","floor":22.0,"turns":3.0},{"damage":2.0,"enemies":"Gremlin Leader","floor":24.0,"turns":5.0},{"damage":1.0,"enemies":"Centurion and Healer","floor":27.0,"turns":8.0},{"damage":18.0,"enemies":"Book of Stabbing","floor":28.0,"turns":2.0},{"damage":1.0,"enemies":"Cultist and Chosen","floor":30.0,"turns":5.0},{"damage":11.0,"enemies":"Masked Bandits","floor":31.0,"turns":5.0},{"damage":0.0,"enemies":"Champ","floor":33.0,"turns":9.0},{"damage":4.0,"enemies":"3 Darklings","floor":35.0,"turns":8.0},{"damage":2.0,"enemies":"Orb Walker","floor":36.0,"turns":4.0},{"damage":1.0,"enemies":"Sphere and 2 Shapes","floor":37.0,"turns":8.0},{"damage":0.0,"enemies":"Maw","floor":39.0,"turns":4.0},{"damage":23.0,"enemies":"Jaw Worm Horde","floor":41.0,"turns":6.0},{"damage":10.0,"enemies":"Reptomancer","floor":44.0,"turns":4.0},{"damage":23.0,"enemies":"Transient","floor":45.0,"turns":5.0},{"damage":15.0,"enemies":"Nemesis","floor":46.0,"turns":5.0},{"damage":25.0,"enemies":"Spire Growth","floor":48.0,"turns":3.0},{"damage":23,"enemies":"Time Eater","floor":50,"turns":7}],"seed_played":"1399724818268934407","potions_obtained":[{"floor":2.0,"key":"GamblersBrew"},{"floor":4.0,"key":"GhostInAJar"},{"floor":8.0,"key":"SteroidPotion"},{"floor":12.0,"key":"Swift Potion"},{"floor":22.0,"key":"SpeedPotion"},{"floor":27.0,"key":"LiquidBronze"},{"floor":30.0,"key":"Fire Potion"},{"floor":33.0,"key":"AttackPotion"},{"floor":37.0,"key":"Swift Potion"},{"floor":45.0,"key":"Swift Potion"}],"is_trial":false,"path_per_floor":["M","M","M","M","M","R","T","E","T","M","R","M","R","M","R","B",null,"M","$","?","?","M","R","E","R","T","M","E","R","M","?","R","B",null,"M","M","M","?","M","R","M","R","T","E","M","E","R","M","R","B",null],"character_chosen":"THE_SILENT","items_purchased":["Bottled Tornado"],"campfire_rested":6,"item_purchase_floors":[19],"current_hp_per_floor":[68,60,60,57,54,54,54,25,25,24,47,47,47,46,46,41,68,36,36,36,36,45,45,43,43,43,42,24,47,46,35,58,58,72,68,66,65,65,65,65,42,65,65,55,32,17,40,15,38,40],"gold":1019,"neow_bonus":"TEN_PERCENT_HP_BONUS","is_prod":false,"is_daily":false,"chose_seed":false,"campfire_upgraded":6,"win_rate":0,"timestamp":1570088166,"path_taken":["M","M","M","M","M","R","?","E","T","M","R","M","R","M","R","BOSS","M","$","?","?","?","R","E","R","T","M","E","R","M","?","R","BOSS","M","M","M","?","M","R","?","R","T","E","M","E","R","M","R","BOSS"],"build_version":"2019-07-17","purchased_purges":1,"victory":true,"max_hp_per_floor":[77,77,77,77,77,77,77,77,77,77,77,77,77,77,77,77,77,77,77,77,77,77,77,77,77,77,77,77,77,77,77,77,77,77,77,77,77,77,77,77,77,77,77,77,77,77,77,77,77,77],"card_choices":[{"not_picked":["Flying Knee","Prepared"],"picked":"Acrobatics","floor":1.0},{"not_picked":["Deflect","Blade Dance"],"picked":"Dash","floor":2.0},{"not_picked":["Outmaneuver","Terror"],"picked":"Deadly Poison","floor":3.0},{"not_picked":["Blade Dance","All Out Attack"],"picked":"Deadly Poison","floor":4.0},{"not_picked":["Riddle With Holes","Deadly Poison","Cloak And Dagger"],"picked":"SKIP","floor":5.0},{"not_picked":["Riddle With Holes","Cloak And Dagger"],"picked":"Deadly Poison","floor":5.0},{"not_picked":["Sucker Punch","Deflect"],"picked":"Venomology","floor":8.0},{"not_picked":["Bane","Endless Agony"],"picked":"Catalyst","floor":10.0},{"not_picked":["Outmaneuver","Acrobatics","Eviscerate"],"picked":"SKIP","floor":12.0},{"not_picked":["Riddle With Holes","Choke"],"picked":"Well Laid Plans","floor":14.0},{"not_picked":["Adrenaline","Wraith Form v2"],"picked":"Burst","floor":16.0},{"not_picked":["Blade Dance","Slice"],"picked":"Backflip+1","floor":18.0},{"not_picked":["Quick Slash","Prepared"],"picked":"Blur","floor":22.0},{"not_picked":["Phantasmal Killer","Sucker Punch","Poisoned Stab"],"picked":"SKIP","floor":24.0},{"not_picked":["Prepared","Terror","Backflip"],"picked":"SKIP","floor":27.0},{"not_picked":["Infinite Blades","Outmaneuver","Flechettes"],"picked":"SKIP","floor":28.0},{"not_picked":["Skewer","Underhanded Strike"],"picked":"Noxious Fumes","floor":30.0},{"not_picked":["Storm of Steel","Glass Knife"],"picked":"Tools of the Trade","floor":33.0},{"not_picked":["Sucker Punch","Dagger Throw+1","Leg Sweep"],"picked":"SKIP","floor":35.0},{"not_picked":["Bane","PiercingWail+1","Cloak And Dagger"],"picked":"SKIP","floor":36.0},{"not_picked":["Dash+1","Predator"],"picked":"Crippling Poison+1","floor":37.0},{"not_picked":["Reflex+1","Concentrate","Blade Dance"],"picked":"SKIP","floor":39.0},{"not_picked":["Expertise+1","Quick Slash","Dash"],"picked":"SKIP","floor":41.0},{"not_picked":["Blade Dance","Bullet Time"],"picked":"Noxious Fumes+1","floor":44.0},{"not_picked":["Masterful Stab","Bane","Underhanded Strike"],"picked":"SKIP","floor":45.0},{"not_picked":["Slice+1","Dagger Spray","Acrobatics"],"picked":"SKIP","floor":46.0},{"not_picked":["Acrobatics","Eviscerate"],"picked":"Footwork+1","floor":48.0}],"player_experience":627234,"relics_obtained":[{"floor":7.0,"key":"Bottled Lightning"},{"floor":8.0,"key":"Happy Flower"},{"floor":9.0,"key":"Bronze Scales"},{"floor":17.0,"key":"Omamori"},{"floor":17.0,"key":"Paper Crane"},{"floor":17.0,"key":"Old Coin"},{"floor":24.0,"key":"Torii"},{"floor":26.0,"key":"Kunai"},{"floor":28.0,"key":"The Courier"},{"floor":31.0,"key":"Red Mask"},{"floor":44.0,"key":"Pantograph"},{"floor":46.0,"key":"Boot"}],"event_choices":[{"damage_healed":0.0,"max_hp_gain":0.0,"max_hp_loss":0.0,"gold_gain":0.0,"event_name":"Back to Basics","player_choice":"Simplicity","floor":20.0,"gold_loss":0.0,"damage_taken":0.0,"cards_upgraded":["Strike_G","Strike_G","Strike_G","Strike_G","Strike_G","Defend_G","Defend_G","Defend_G","Defend_G","Defend_G"]},{"damage_healed":0.0,"max_hp_gain":0.0,"max_hp_loss":0.0,"gold_gain":250.0,"event_name":"The Joust","player_choice":"Bet on Owner","floor":21.0,"gold_loss":50.0,"damage_taken":0.0},{"damage_healed":0.0,"max_hp_gain":0.0,"max_hp_loss":0.0,"gold_gain":0.0,"event_name":"Masked Bandits","player_choice":"Fought Bandits","floor":31.0,"gold_loss":0.0,"damage_taken":0.0},{"damage_healed":0.0,"max_hp_gain":0.0,"max_hp_loss":0.0,"gold_gain":0.0,"event_name":"FaceTrader","player_choice":"Leave","floor":38.0,"gold_loss":0.0,"damage_taken":0.0}],"is_beta":false,"boss_relics":[{"not_picked":["WristBlade","Pandora\u0027s Box"],"picked":"Calling Bell"},{"not_picked":["Ring of the Serpent","Snecko Eye"],"picked":"Empty Cage"}],"items_purged_floors":[19],"is_endless":false,"potions_floor_spawned":[2,4,8,12,14,22,27,30,33,37,41,45],"ascension_level":12}