{"gold_per_floor":[114,114,189,114,139,173,173,207,277,277,296,296,296,329,329,329],"floor_reached":16,"playtime":575,"items_purged":["Defend_R"],"score":212,"play_id":"7a496002-4557-4db5-9f01-490433ae5b5d","local_time":"20191001163305","is_ascension_mode":true,"campfire_choices":[{"data":"Armaments","floor":7,"key":"SMITH"},{"data":"Rupture","floor":10,"key":"SMITH"},{"data":"True Grit","floor":13,"key":"SMITH"},{"data":"Disarm","floor":15,"key":"SMITH"}],"neow_cost":"NONE","seed_source_timestamp":1053246346927000,"circlet_count":0,"master_deck":["AscendersBane","Strike_R","Strike_R","Strike_R","Strike_R","Strike_R","Defend_R","Defend_R","Defend_R","Bash","Armaments+1","Disarm+1","True Grit+1","Rupture+1","Pain"],"relics":["Burning Blood","NeowsBlessing","Golden Idol","Lantern","Mummified Hand","Dodecahedron","WarpedTongs","Singing Bowl"],"potions_floor_usage":[14,14],"damage_taken":[{"damage":0,"enemies":"Small Slimes","floor":1,"turns":1},{"damage":0,"enemies":"Jaw Worm","floor":5,"turns":1},{"damage":0,"enemies":"Lagavulin","floor":6,"turns":1},{"damage":50,"enemies":"3 Sentries","floor":8,"turns":11},{"damage":4,"enemies":"2 Louse","floor":11,"turns":3},{"damage":25,"enemies":"Gremlin Nob","floor":14,"turns":5},{"damage":37,"enemies":"Slime Boss","floor":16,"turns":3}],"seed_played":"1442751294533158985","potions_obtained":[{"floor":5,"key":"BloodPotion"},{"floor":6,"key":"AttackPotion"},{"floor":14,"key":"Explosive Potion"}],"is_trial":false,"path_per_floor":["M","?","?","$","M","E","R","E","T","R","M","?","R","E","R","B"],"character_chosen":"IRONCLAD","items_purchased":[],"campfire_rested":0,"item_purchase_floors":[],"current_hp_per_floor":[78,58,47,47,53,59,59,15,15,15,17,17,17,20,20,0],"gold":329,"neow_bonus":"THREE_ENEMY_KILL","is_prod":false,"is_daily":false,"chose_seed":false,"campfire_upgraded":4,"win_rate":0,"timestamp":1569943985,"path_taken":["M","?","?","?","M","E","R","E","T","R","M","?","R","E","R","BOSS"],"build_version":"2019-07-17","purchased_purges":1,"victory":false,"max_hp_per_floor":[80,80,80,80,80,80,80,80,80,80,80,80,80,82,82,82],"card_choices":[{"not_picked":["Entrench","True Grit"],"picked":"Armaments","floor":1},{"not_picked":["True Grit","Cleave"],"picked":"Disarm","floor":5},{"not_picked":["Rupture","Armaments"],"picked":"True Grit","floor":6},{"not_picked":["Sword Boomerang","Blood for Blood"],"picked":"Rupture","floor":8},{"not_picked":["Iron Wave","Wild Strike","Anger"],"picked":"SKIP","floor":11},{"not_picked":["Wild Strike","Thunderclap","Warcry"],"picked":"Singing Bowl","floor":14}],"player_experience":225169,"relics_obtained":[{"floor":6,"key":"Lantern"},{"floor":8,"key":"Mummified Hand"},{"floor":9,"key":"Dodecahedron"},{"floor":14,"key":"Singing Bowl"}],"event_choices":[{"damage_healed":0,"gold_gain":0,"player_choice":"Take Damage","damage_taken":20,"relics_obtained":["Golden Idol"],"max_hp_gain":0,"max_hp_loss":0,"event_name":"Golden Idol","floor":2,"gold_loss":0},{"damage_healed":0,"gold_gain":75,"player_choice":"Gather Gold","damage_taken":11,"max_hp_gain":0,"max_hp_loss":0,"event_name":"World of Goop","floor":3,"gold_loss":0},{"damage_healed":0,"gold_gain":0,"player_choice":"Rummage","damage_taken":0,"relics_obtained":["WarpedTongs"],"max_hp_gain":0,"max_hp_loss":0,"event_name":"Accursed Blacksmith","floor":12,"gold_loss":0,"cards_obtained":["Pain"]}],"is_beta":false,"boss_relics":[],"items_purged_floors":[4],"is_endless":false,"potions_floor_spawned":[5,6,14],"killed_by":"Slime Boss","ascension_level":10}