{"gold_per_floor":[363,363,638,653,187,187,230,230,230,249,290,315,346,364,364,484,484,505,10,26,26,46,79,102,145,169,188,202,236,52,73,73,203,203,221,221,49,49,72,72,105,105,105,141,204,217,217,261,261,261,261,261,3,42,42],"floor_reached":55,"playtime":4692,"items_purged":["Regret","Regret"],"score":1113,"play_id":"758c15f4-1254-4634-ad84-1bd6fc339ca2","local_time":"20190210192450","is_ascension_mode":true,"campfire_choices":[{"data":"Loop","floor":6,"key":"SMITH"},{"floor":8,"key":"REST"},{"floor":15,"key":"REST"},{"floor":32,"key":"REST"},{"floor":40,"key":"RECALL"},{"floor":42,"key":"REST"},{"data":"Zap","floor":47,"key":"SMITH"},{"floor":49,"key":"REST"},{"data":"Amplify","floor":52,"key":"SMITH"}],"neow_cost":"CURSE","seed_source_timestamp":1214575529622833,"circlet_count":0,"master_deck":["Strike_B","Strike_B","Strike_B","Strike_B","Defend_B","Defend_B","Defend_B","Defend_B","Zap+1","Dualcast","Ball Lightning","Injury","Steam","Conserve Battery","Loop+1","Capacitor+1","Conserve Battery","Electrodynamics+1","Cold Snap","Cold Snap","Heatsinks+1","Reboot","Steam","Cold Snap","Steam","Force Field+1","Blizzard","Go for the Eyes+1","Conserve Battery+1","Self Repair+1","Beam Cell","Go for the Eyes","Hologram","Hello World+1","Conserve Battery","Rainbow","Biased Cognition+1","Electrodynamics+1","Glacier","Turbo","Gash+1","Amplify+1","Sweeping Beam+1","Genetic Algorithm+1","Sweeping Beam","Static Discharge+1","BootSequence","BootSequence"],"relics":["FrozenCore","Golden Idol","DataDisk","Tiny Chest","Symbiotic Virus","Frozen Egg 2","Pear","Mango","Nloth\u0027s Gift","Regal Pillow","Juzu Bracelet","Bronze Scales","Oddly Smooth Stone","Busted Crown","Mummified Hand","Ancient Tea Set","Turnip","Vajra","Thread and Needle"],"potions_floor_usage":[7,16,18,24,29,29,29,33,37,44,45,45,48,50,54,54,54,55],"damage_taken":[{"damage":4,"enemies":"2 Louse","floor":1,"turns":3},{"damage":6,"enemies":"Jaw Worm","floor":4,"turns":3},{"damage":21,"enemies":"Gremlin Nob","floor":7,"turns":4},{"damage":2,"enemies":"Cultist","floor":10,"turns":3},{"damage":34,"enemies":"3 Sentries","floor":11,"turns":7},{"damage":4,"enemies":"Lots of Slimes","floor":12,"turns":2},{"damage":18,"enemies":"Lagavulin","floor":13,"turns":5},{"damage":1,"enemies":"Large Slime","floor":14,"turns":3},{"damage":20,"enemies":"Hexaghost","floor":16,"turns":8},{"damage":2,"enemies":"Chosen","floor":18,"turns":4},{"damage":5,"enemies":"3 Byrds","floor":20,"turns":2},{"damage":15,"enemies":"Centurion and Healer","floor":22,"turns":7},{"damage":13,"enemies":"Gremlin Leader","floor":23,"turns":7},{"damage":1,"enemies":"Shelled Parasite and Fungi","floor":24,"turns":7},{"damage":31,"enemies":"Book of Stabbing","floor":25,"turns":8},{"damage":0,"enemies":"Cultist and Chosen","floor":27,"turns":5},{"damage":11,"enemies":"Snake Plant","floor":28,"turns":4},{"damage":28,"enemies":"Slavers","floor":29,"turns":4},{"damage":0,"enemies":"Chosen and Byrds","floor":31,"turns":5},{"damage":22,"enemies":"Champ","floor":33,"turns":10},{"damage":0,"enemies":"Orb Walker","floor":35,"turns":4},{"damage":8,"enemies":"3 Shapes","floor":39,"turns":4},{"damage":47,"enemies":"Reptomancer","floor":41,"turns":7},{"damage":19,"enemies":"Giant Head","floor":44,"turns":10},{"damage":16,"enemies":"2 Orb Walkers","floor":45,"turns":4},{"damage":6,"enemies":"Sphere and 2 Shapes","floor":46,"turns":3},{"damage":18,"enemies":"Reptomancer","floor":48,"turns":7},{"damage":51,"enemies":"Time Eater","floor":50,"turns":10},{"damage":38,"enemies":"Shield and Spear","floor":54,"turns":6},{"damage":80,"enemies":"The Heart","floor":55,"turns":5}],"seed_played":"-2218297080061660105","potions_obtained":[{"floor":1,"key":"Block Potion"},{"floor":7,"key":"FocusPotion"},{"floor":12,"key":"EssenceOfSteel"},{"floor":14,"key":"Regen Potion"},{"floor":16,"key":"Strength Potion"},{"floor":23,"key":"Swift Potion"},{"floor":25,"key":"Explosive Potion"},{"floor":29,"key":"Block Potion"},{"floor":31,"key":"SteroidPotion"},{"floor":33,"key":"Poison Potion"},{"floor":39,"key":"Energy Potion"},{"floor":44,"key":"SpeedPotion"},{"floor":45,"key":"SpeedPotion"},{"floor":48,"key":"AttackPotion"},{"floor":54,"key":"GamblersBrew"}],"is_trial":false,"path_per_floor":["M","?","?","M","$","R","E","R","T","M","E","M","E","M","R","B",null,"M","$","M","?","M","E","M","E","T","M","M","E","$","M","R","B",null,"M","?","$","?","M","R","E","R","T","E","?","M","R","E","R","B",null,"R","$","E","B"],"character_chosen":"DEFECT","items_purchased":["DataDisk","Tiny Chest","Conserve Battery","Loop","Mango","Cold Snap","Steam","Hello World+1","Conserve Battery","SkillPotion","Glacier","Fruit Juice","Static Discharge+1","BootSequence","Explosive Potion","Swift Potion","Block Potion"],"campfire_rested":5,"item_purchase_floors":[5,5,5,5,19,19,19,30,30,30,37,37,53,53,53,53,53],"current_hp_per_floor":[71,71,71,65,65,65,44,66,66,64,30,26,18,17,42,37,73,71,85,80,80,65,52,51,20,20,30,29,11,11,21,65,53,88,98,98,103,103,104,104,67,104,104,95,89,83,83,75,104,63,94,94,94,66,0],"gold":42,"neow_bonus":"TWO_FIFTY_GOLD","is_prod":false,"is_daily":false,"chose_seed":false,"campfire_upgraded":3,"win_rate":0,"timestamp":1549844690,"path_taken":["M","?","?","M","$","R","E","R","T","?","E","M","E","?","R","BOSS","M","$","M","?","M","E","?","E","T","M","M","E","$","M","R","BOSS","M","?","?","?","M","R","E","R","T","E","?","M","R","E","R","BOSS","R","$","E","BOSS"],"build_version":"2019-01-23","purchased_purges":2,"victory":false,"max_hp_per_floor":[75,75,75,75,75,75,75,75,75,75,75,75,85,85,85,85,85,85,99,99,99,99,99,99,99,99,99,99,99,99,99,99,99,99,99,99,104,104,104,104,104,104,104,104,104,104,104,104,104,104,104,104,104,104,104],"card_choices":[{"not_picked":["Streamline","Sweeping Beam"],"picked":"Ball Lightning","floor":1},{"not_picked":["Redo","Aggregate"],"picked":"Steam","floor":4},{"not_picked":["Gash","Double Energy"],"picked":"Capacitor","floor":7},{"not_picked":["Self Repair","Lockon"],"picked":"Conserve Battery","floor":10},{"not_picked":["Reprogram","Recycle"],"picked":"Electrodynamics","floor":11},{"not_picked":["Heatsinks+1","Redo"],"picked":"Cold Snap","floor":12},{"not_picked":["Turbo","Doom and Gloom"],"picked":"Cold Snap","floor":13},{"not_picked":["Go for the Eyes","Melter"],"picked":"Heatsinks+1","floor":14},{"not_picked":["All For One","Meteor Strike"],"picked":"Reboot","floor":16},{"not_picked":["Fusion+1","Reinforced Body"],"picked":"Steam","floor":18},{"not_picked":["Doom and Gloom","Steam"],"picked":"Force Field+1","floor":20},{"not_picked":["Rebound","Streamline"],"picked":"Blizzard","floor":22},{"not_picked":["Stack","All For One"],"picked":"Go for the Eyes+1","floor":23},{"not_picked":["Gash","Turbo"],"picked":"Conserve Battery+1","floor":24},{"not_picked":["Skim","Stack"],"picked":"Self Repair+1","floor":25},{"not_picked":["Darkness","Turbo+1"],"picked":"Beam Cell","floor":27},{"not_picked":["Redo","Coolheaded"],"picked":"Go for the Eyes","floor":28},{"not_picked":["Streamline","Rebound"],"picked":"Hologram","floor":29},{"not_picked":["Chill","Beam Cell"],"picked":"Rainbow","floor":31},{"not_picked":["Rainbow","Multi-Cast"],"picked":"Biased Cognition+1","floor":33},{"not_picked":["Streamline"],"picked":"SKIP","floor":35},{"not_picked":[],"picked":"Turbo","floor":39},{"not_picked":[],"picked":"Gash+1","floor":41},{"not_picked":[],"picked":"Amplify","floor":44},{"not_picked":[],"picked":"Sweeping Beam+1","floor":45},{"not_picked":[],"picked":"Genetic Algorithm+1","floor":46},{"not_picked":[],"picked":"Sweeping Beam","floor":48},{"not_picked":[],"picked":"BootSequence","floor":54}],"player_experience":433747,"relics_obtained":[{"floor":7,"key":"Bottled Lightning"},{"floor":9,"key":"Symbiotic Virus"},{"floor":11,"key":"Frozen Egg 2"},{"floor":13,"key":"Pear"},{"floor":23,"key":"Regal Pillow"},{"floor":25,"key":"Juzu Bracelet"},{"floor":26,"key":"Bronze Scales"},{"floor":29,"key":"Oddly Smooth Stone"},{"floor":41,"key":"Mummified Hand"},{"floor":44,"key":"Ancient Tea Set"},{"floor":45,"key":"Turnip"},{"floor":48,"key":"Vajra"},{"floor":54,"key":"Thread and Needle"}],"event_choices":[{"damage_healed":0,"gold_gain":0,"player_choice":"Take Wound","damage_taken":0,"relics_obtained":["Golden Idol"],"max_hp_gain":0,"max_hp_loss":0,"event_name":"Golden Idol","floor":2,"gold_loss":0,"cards_obtained":["Injury"]},{"damage_healed":0,"gold_gain":275,"player_choice":"Desecrate","damage_taken":0,"max_hp_gain":0,"max_hp_loss":0,"event_name":"Golden Shrine","floor":3,"gold_loss":0,"cards_obtained":["Regret"]},{"damage_healed":0,"gold_gain":0,"player_choice":"Traded Relic","damage_taken":0,"relics_obtained":["Nloth\u0027s Gift"],"max_hp_gain":0,"max_hp_loss":0,"event_name":"N\u0027loth","floor":21,"relics_lost":["Bottled Lightning"],"gold_loss":0},{"damage_healed":0,"gold_gain":0,"player_choice":"Copied","damage_taken":0,"max_hp_gain":0,"max_hp_loss":0,"event_name":"Duplicator","floor":36,"gold_loss":0,"cards_obtained":["Electrodynamics"]},{"damage_healed":0,"gold_gain":0,"player_choice":"Upgraded","damage_taken":0,"max_hp_gain":0,"max_hp_loss":0,"event_name":"Upgrade Shrine","floor":38,"gold_loss":0,"cards_upgraded":["Capacitor"]},{"damage_healed":0,"gold_gain":0,"player_choice":"Fight","damage_taken":0,"max_hp_gain":0,"max_hp_loss":0,"event_name":"Mysterious Sphere","floor":45,"gold_loss":0}],"is_beta":false,"boss_relics":[{"not_picked":["Ectoplasm","Runic Pyramid"],"picked":"FrozenCore"},{"not_picked":["Black Star","Coffee Dripper"],"picked":"Busted Crown"}],"items_purged_floors":[5,19],"is_endless":false,"potions_floor_spawned":[1,7,12,14,16,23,25,29,31,33,39,44,45,48,54],"killed_by":"The Heart","ascension_level":5}