{"gold_per_floor":[113,213,226,8,8,8,18,43,43,43,43,57,85,85,85,180,180,191,207,222,147,197,197,223,240,240,96,115,150,180,212,224,236],"floor_reached":33,"playtime":1002,"items_purged":["Defend_R"],"score":297,"play_id":"e44e6def-d9f7-45f4-948c-b5888ac32ecf","local_time":"20181230144101","is_ascension_mode":false,"campfire_choices":[{"data":"Shrug It Off","floor":6,"key":"SMITH"},{"data":"Cleave","floor":10,"key":"SMITH"},{"data":"Pommel Strike","floor":15,"key":"SMITH"},{"floor":23,"key":"REST"},{"floor":32,"key":"REST"}],"neow_cost":"NONE","seed_source_timestamp":77047724808643,"circlet_count":0,"master_deck":["Strike_R","Strike_R","Strike_R","Strike_R","Strike_R","Defend_R","Bash+1","Shrug It Off+1","Cleave+1","Wild Strike","Pommel Strike+1","Strike_G","Clothesline","Double Tap","Perfected Strike+1","Dual Wield+1","Flame Barrier","Battle Trance","Anger+1","Havoc+1","Searing Blow+1","Twin Strike","Ghostly Armor+1"],"relics":["Black Blood","Strawberry","Pen Nib","Gambling Chip","PreservedInsect","Meat on the Bone","Pantograph","Ancient Tea Set","Vajra","Bronze Scales","MawBank"],"potions_floor_usage":[8,20,25,28,33,33],"damage_taken":[{"damage":13,"enemies":"Jaw Worm","floor":1,"turns":3},{"damage":6,"enemies":"Cultist","floor":3,"turns":3},{"damage":0,"enemies":"Small Slimes","floor":7,"turns":3},{"damage":22,"enemies":"3 Sentries","floor":8,"turns":6},{"damage":10,"enemies":"Looter","floor":12,"turns":2},{"damage":5,"enemies":"Gremlin Nob","floor":13,"turns":3},{"damage":82,"enemies":"Hexaghost","floor":16,"turns":11},{"damage":41,"enemies":"Shell Parasite","floor":18,"turns":5},{"damage":36,"enemies":"3 Byrds","floor":19,"turns":5},{"damage":38,"enemies":"Centurion and Healer","floor":20,"turns":6},{"damage":57,"enemies":"Gremlin Leader","floor":24,"turns":5},{"damage":12,"enemies":"Cultist and Chosen","floor":25,"turns":7},{"damage":3,"enemies":"Chosen and Byrds","floor":28,"turns":3},{"damage":22,"enemies":"Book of Stabbing","floor":29,"turns":3},{"damage":25,"enemies":"Centurion and Healer","floor":30,"turns":4},{"damage":7,"enemies":"Cultist and Chosen","floor":31,"turns":5},{"damage":103,"enemies":"Collector","floor":33,"turns":6}],"seed_played":"-6270167278600866756","potions_obtained":[{"floor":7,"key":"Explosive Potion"},{"floor":16,"key":"BloodPotion"},{"floor":19,"key":"SpeedPotion"},{"floor":25,"key":"Regen Potion"},{"floor":29,"key":"Swift Potion"},{"floor":31,"key":"Fire Potion"}],"is_trial":false,"path_per_floor":["M","?","M","$","?","R","M","E","T","R","?","M","E","?","R","B",null,"M","M","M","?","?","R","E","M","T","$","M","E","M","M","R","B"],"character_chosen":"IRONCLAD","items_purchased":["Pen Nib","Bronze Scales"],"campfire_rested":2,"item_purchase_floors":[4,27],"current_hp_per_floor":[80,80,80,80,73,73,79,63,63,63,63,59,60,60,60,21,87,56,42,34,34,34,60,25,35,35,35,59,59,56,59,85,0],"gold":236,"neow_bonus":"RANDOM_COMMON_RELIC","is_prod":false,"is_daily":false,"chose_seed":false,"campfire_upgraded":3,"win_rate":0,"timestamp":1546198861,"path_taken":["M","?","?","$","?","R","M","E","T","R","?","?","E","?","R","BOSS","M","M","?","?","?","R","E","?","T","$","?","E","M","M","R","BOSS"],"build_version":"2018-12-20","purchased_purges":1,"victory":false,"max_hp_per_floor":[87,87,87,87,87,87,87,87,87,87,87,87,87,87,87,87,87,87,87,87,87,87,87,87,87,87,87,87,87,87,87,87,87],"card_choices":[{"not_picked":["Wild Strike","Sentinel"],"picked":"Shrug It Off","floor":1},{"not_picked":["Armaments","Carnage"],"picked":"Cleave","floor":3},{"not_picked":["Armaments","Dual Wield"],"picked":"Wild Strike","floor":7},{"not_picked":["Clash","Heavy Blade"],"picked":"Pommel Strike","floor":8},{"not_picked":["Heavy Blade","Body Slam","Perfected Strike"],"picked":"SKIP","floor":12},{"not_picked":["Juggernaut","Warcry"],"picked":"Clothesline","floor":13},{"not_picked":["Juggernaut","Limit Break"],"picked":"Double Tap","floor":16},{"not_picked":["Rage","Clash"],"picked":"Perfected Strike+1","floor":18},{"not_picked":["Rupture","Clash"],"picked":"Dual Wield+1","floor":19},{"not_picked":["Havoc","Fire Breathing"],"picked":"Flame Barrier","floor":20},{"not_picked":["Double Tap","Power Through"],"picked":"Battle Trance","floor":24},{"not_picked":["Metallicize","Rupture"],"picked":"Anger+1","floor":25},{"not_picked":["Pommel Strike","Wild Strike"],"picked":"Havoc+1","floor":28},{"not_picked":["Clash","Corruption"],"picked":"Searing Blow+1","floor":29},{"not_picked":["Clothesline","Intimidate"],"picked":"Twin Strike","floor":30},{"not_picked":["Wild Strike","Pummel"],"picked":"Ghostly Armor+1","floor":31}],"player_experience":280721,"relics_obtained":[{"floor":8,"key":"PreservedInsect"},{"floor":9,"key":"Meat on the Bone"},{"floor":13,"key":"Pantograph"},{"floor":24,"key":"Ancient Tea Set"},{"floor":26,"key":"Vajra"},{"floor":29,"key":"MawBank"}],"event_choices":[{"damage_healed":0,"gold_gain":100,"player_choice":"Pray","damage_taken":0,"max_hp_gain":0,"max_hp_loss":0,"event_name":"Golden Shrine","floor":2,"gold_loss":0},{"damage_healed":0,"gold_gain":0,"player_choice":"Success","damage_taken":7,"relics_obtained":["Gambling Chip"],"max_hp_gain":0,"max_hp_loss":0,"event_name":"Scrap Ooze","floor":5,"gold_loss":0},{"cards_removed":["Defend_R"],"damage_healed":0,"gold_gain":0,"player_choice":"Took Card","damage_taken":0,"max_hp_gain":0,"max_hp_loss":0,"event_name":"NoteForYourself","floor":11,"gold_loss":0,"cards_obtained":["Strike_G"]},{"damage_healed":0,"gold_gain":0,"player_choice":"Upgraded","damage_taken":0,"max_hp_gain":0,"max_hp_loss":0,"event_name":"Upgrade Shrine","floor":14,"gold_loss":0,"cards_upgraded":["Bash"]},{"cards_removed":["Defend_R"],"damage_healed":0,"gold_gain":0,"player_choice":"Gave Gold","damage_taken":0,"max_hp_gain":0,"max_hp_loss":0,"event_name":"Beggar","floor":21,"gold_loss":75},{"damage_healed":0,"gold_gain":100,"player_choice":"Bet on Murderer","damage_taken":0,"max_hp_gain":0,"max_hp_loss":0,"event_name":"The Joust","floor":22,"gold_loss":50}],"is_beta":false,"boss_relics":[{"not_picked":["Runic Cube","Mark of Pain"],"picked":"Black Blood"}],"items_purged_floors":[4],"is_endless":false,"potions_floor_spawned":[7,16,19,25,29,31],"killed_by":"Collector","ascension_level":0}