{"gold_per_floor":[112,112,112,129,129,163,175,210,289,314,314,328,345,360,360,456,756,771,789,789,227,142,142,172,172],"floor_reached":25,"playtime":1036,"items_purged":["Regret"],"score":457,"play_id":"b9858577-996c-40b1-994e-963c66bb5c73","local_time":"20190911141720","is_ascension_mode":true,"campfire_choices":[{"floor":11,"key":"REST"},{"floor":15,"key":"REST"},{"floor":23,"key":"REST"}],"neow_cost":"NONE","seed_source_timestamp":421269147944800,"circlet_count":0,"master_deck":["Strike_B","Strike_B","Strike_B","Defend_B","Defend_B","Defend_B","Defend_B","Zap","Dualcast","Cold Snap","Hello World","Steam","FTL","Cold Snap","Beam Cell","Gash","Capacitor","Hologram","Echo Form","Writhe","Pain","Cold Snap","All For One","Mayhem","Storm","Gash","Stack","Hello World"],"relics":["Cracked Core","NeowsBlessing","Dodecahedron","Gremlin Horn","StoneCalendar","Torii","Mercury Hourglass","Pen Nib","Calling Bell","Blood Vial","Blue Candle","Old Coin","Spirit Poop","Membership Card","Strawberry","PreservedInsect","Orichalcum","Art of War"],"potions_floor_usage":[8,16,24,24,24],"damage_taken":[{"damage":0,"enemies":"2 Louse","floor":1,"turns":1},{"damage":0,"enemies":"Jaw Worm","floor":4,"turns":1},{"damage":0,"enemies":"3 Sentries","floor":6,"turns":1},{"damage":2,"enemies":"Small Slimes","floor":7,"turns":4},{"damage":25,"enemies":"Gremlin Nob","floor":8,"turns":4},{"damage":18,"enemies":"3 Sentries","floor":10,"turns":5},{"damage":20,"enemies":"Exordium Thugs","floor":12,"turns":3},{"damage":6,"enemies":"3 Louse","floor":13,"turns":2},{"damage":1,"enemies":"2 Fungi Beasts","floor":14,"turns":3},{"damage":4,"enemies":"Slime Boss","floor":16,"turns":7},{"damage":24,"enemies":"3 Byrds","floor":18,"turns":5},{"damage":37,"enemies":"Spheric Guardian","floor":19,"turns":6},{"damage":33,"enemies":"Slavers","floor":24,"turns":5},{"damage":14,"enemies":"Snake Plant","floor":25,"turns":1}],"seed_played":"2839661247724477574","potions_obtained":[{"floor":1,"key":"Poison Potion"},{"floor":10,"key":"Poison Potion"},{"floor":12,"key":"SpeedPotion"},{"floor":14,"key":"Strength Potion"},{"floor":16,"key":"Energy Potion"}],"is_trial":false,"path_per_floor":["M","?","?","M","T","E","M","E","T","E","R","M","M","M","R","B",null,"M","M","?","$","?","R","E","M"],"character_chosen":"DEFECT","items_purchased":["Membership Card","Strawberry","PreservedInsect","Mayhem","Storm","Gash","Stack"],"campfire_rested":3,"item_purchase_floors":[21,21,21,21,21,21,21],"current_hp_per_floor":[68,61,61,61,61,61,59,34,34,16,38,18,12,11,33,29,64,42,7,7,14,14,38,7,0],"gold":172,"neow_bonus":"THREE_ENEMY_KILL","is_prod":false,"is_daily":false,"chose_seed":false,"campfire_upgraded":0,"win_rate":0,"timestamp":1568225840,"path_taken":["M","?","?","M","?","E","M","E","T","E","R","M","M","M","R","BOSS","M","M","?","?","?","R","E","M"],"build_version":"2019-07-17","purchased_purges":1,"victory":false,"max_hp_per_floor":[75,75,75,75,75,75,75,75,75,75,75,75,75,75,75,75,75,75,75,75,82,82,82,82,82],"card_choices":[{"not_picked":["Rip and Tear","Compile Driver"],"picked":"Cold Snap","floor":1},{"not_picked":["Go for the Eyes","Coolheaded"],"picked":"Hello World","floor":4},{"not_picked":["Reprogram","Gash"],"picked":"Steam","floor":6},{"not_picked":["Turbo","Ball Lightning"],"picked":"FTL","floor":7},{"not_picked":["Melter","Genetic Algorithm"],"picked":"Cold Snap","floor":8},{"not_picked":["Turbo","Chill"],"picked":"Beam Cell","floor":10},{"not_picked":["Sunder","Rainbow"],"picked":"Gash","floor":12},{"not_picked":["Beam Cell","BootSequence"],"picked":"Capacitor","floor":13},{"not_picked":["Steam","Double Energy"],"picked":"Hologram","floor":14},{"not_picked":["Amplify","Thunder Strike"],"picked":"Echo Form","floor":16},{"not_picked":["Chaos","Heatsinks"],"picked":"Cold Snap","floor":18},{"not_picked":["Redo","Reinforced Body"],"picked":"All For One","floor":19},{"not_picked":["Rip and Tear","Reinforced Body"],"picked":"Hello World","floor":24}],"player_experience":565096,"relics_obtained":[{"floor":5,"key":"Gremlin Horn"},{"floor":6,"key":"StoneCalendar"},{"floor":8,"key":"Torii"},{"floor":9,"key":"Mercury Hourglass"},{"floor":10,"key":"Pen Nib"},{"floor":17,"key":"Blood Vial"},{"floor":17,"key":"Blue Candle"},{"floor":17,"key":"Old Coin"},{"floor":24,"key":"Art of War"}],"event_choices":[{"cards_removed":["Strike_B"],"damage_healed":0,"gold_gain":0,"player_choice":"Card Removal","damage_taken":7,"max_hp_gain":0,"max_hp_loss":0,"event_name":"Golden Wing","floor":2,"gold_loss":0},{"damage_healed":0,"gold_gain":0,"player_choice":"Box","damage_taken":0,"relics_obtained":["Dodecahedron"],"max_hp_gain":0,"max_hp_loss":0,"event_name":"Big Fish","floor":3,"gold_loss":0,"cards_obtained":["Regret"]},{"cards_removed":["Normality"],"damage_healed":0,"gold_gain":0,"player_choice":"Offered Curse","damage_taken":0,"relics_obtained":["Spirit Poop"],"max_hp_gain":0,"max_hp_loss":0,"event_name":"Bonfire Elementals","floor":20,"gold_loss":0},{"damage_healed":0,"gold_gain":0,"player_choice":"Obtained Relic","damage_taken":0,"relics_obtained":["Orichalcum"],"max_hp_gain":0,"max_hp_loss":0,"event_name":"Addict","floor":22,"gold_loss":85}],"is_beta":false,"boss_relics":[{"not_picked":["Empty Cage","Coffee Dripper"],"picked":"Calling Bell"}],"items_purged_floors":[21],"is_endless":false,"potions_floor_spawned":[1,10,12,14,16,19],"killed_by":"Snake Plant","ascension_level":9}