{"gold_per_floor":[110,125,145,145,320,354,368,368,368,401,14,36,51,66,66,171,171,181,181,197,209,226,237,263,263,263,292,692,630,630],"floor_reached":30,"playtime":1655,"items_purged":["Doubt"],"score":430,"play_id":"b040b284-be1a-41b7-a72e-7c5d6ac8c25b","local_time":"20190916195043","is_ascension_mode":true,"campfire_choices":[{"floor":8,"key":"REST"},{"floor":15,"key":"REST"},{"floor":25,"key":"REST"}],"neow_cost":"NONE","seed_source_timestamp":350420628780800,"circlet_count":0,"master_deck":["Strike_G","Strike_G","Strike_G+1","Strike_G","Strike_G","Defend_G","Defend_G+1","Defend_G","Defend_G","Defend_G","Survivor","Neutralize","PiercingWail","Backstab","Escape Plan","Slice","Sucker Punch","Quick Slash","Slice","Good Instincts+1","Flechettes","Infinite Blades","PiercingWail+1","Corpse Explosion+1","Terror+1","Choke","Caltrops","PiercingWail+1","Deflect+1","Dodge and Roll+1","Reflex+1","Deadly Poison+1"],"relics":["Ring of the Snake","Lantern","Matryoshka","Toxic Egg 2","Toolbox","Odd Mushroom","Busted Crown","MutagenicStrength","Torii","Sundial","Gremlin Horn","PreservedInsect","Old Coin","Mercury Hourglass","FossilizedHelix"],"potions_floor_usage":[6,6,10,13,16,22,24,28],"damage_taken":[{"damage":1,"enemies":"Small Slimes","floor":1,"turns":4},{"damage":7,"enemies":"Jaw Worm","floor":2,"turns":6},{"damage":0,"enemies":"2 Louse","floor":3,"turns":2},{"damage":24,"enemies":"Lagavulin","floor":6,"turns":8},{"damage":0,"enemies":"2 Fungi Beasts","floor":7,"turns":3},{"damage":16,"enemies":"Gremlin Nob","floor":10,"turns":5},{"damage":0,"enemies":"The Mushroom Lair","floor":12,"turns":4},{"damage":2,"enemies":"Exordium Wildlife","floor":13,"turns":4},{"damage":6,"enemies":"Gremlin Gang","floor":14,"turns":4},{"damage":30,"enemies":"The Guardian","floor":16,"turns":12},{"damage":31,"enemies":"Shell Parasite","floor":18,"turns":6},{"damage":0,"enemies":"Chosen","floor":20,"turns":4},{"damage":11,"enemies":"Snake Plant","floor":21,"turns":2},{"damage":5,"enemies":"Centurion and Healer","floor":22,"turns":4},{"damage":0,"enemies":"3 Cultists","floor":23,"turns":2},{"damage":0,"enemies":"Slavers","floor":24,"turns":2},{"damage":20,"enemies":"Gremlin Leader","floor":27,"turns":6},{"damage":7,"enemies":"Colosseum Slavers","floor":28,"turns":4},{"damage":0,"enemies":"Colosseum Nobs","floor":28,"turns":4},{"damage":12,"enemies":"Snake Plant","floor":30,"turns":2}],"seed_played":"-6888748471604514191","potions_obtained":[{"floor":2,"key":"SkillPotion"},{"floor":3,"key":"SteroidPotion"},{"floor":7,"key":"Poison Potion"},{"floor":10,"key":"Block Potion"},{"floor":13,"key":"PowerPotion"},{"floor":18,"key":"SpeedPotion"},{"floor":23,"key":"Swift Potion"},{"floor":27,"key":"LiquidBronze"}],"is_trial":false,"path_per_floor":["M","M","M","?","?","E","M","R","T","E","$","?","M","M","R","B",null,"M","?","M","M","M","M","E","R","T","E","?","?","M"],"character_chosen":"THE_SILENT","items_purchased":["Toolbox","Slice","Good Instincts+1"],"campfire_rested":3,"item_purchase_floors":[11,11,11],"current_hp_per_floor":[69,62,62,47,47,23,23,46,46,30,30,30,28,22,45,15,62,31,31,31,20,15,15,15,38,38,18,11,11,0],"gold":630,"neow_bonus":"TEN_PERCENT_HP_BONUS","is_prod":false,"is_daily":false,"chose_seed":false,"campfire_upgraded":0,"win_rate":0,"timestamp":1568677843,"path_taken":["M","M","M","?","?","E","M","R","T","E","?","?","M","M","R","BOSS","M","?","M","M","M","M","E","R","T","E","?","?","?"],"build_version":"2019-07-17","purchased_purges":1,"victory":false,"max_hp_per_floor":[77,77,77,77,77,77,77,77,77,77,77,77,77,77,77,77,77,77,77,77,77,77,77,77,77,77,77,77,77,77],"card_choices":[{"not_picked":["Endless Agony","Backflip"],"picked":"PiercingWail","floor":1},{"not_picked":["Flying Knee","Catalyst"],"picked":"Backstab","floor":2},{"not_picked":["Slice","Acrobatics"],"picked":"Escape Plan","floor":3},{"not_picked":["Expertise","Dagger Spray"],"picked":"Slice","floor":6},{"not_picked":["Blade Dance","Dodge and Roll"],"picked":"Sucker Punch","floor":7},{"not_picked":["Choke","Bane"],"picked":"Quick Slash","floor":10},{"not_picked":["Riddle With Holes","Bane"],"picked":"Flechettes","floor":12},{"not_picked":["Dagger Throw","Dodge and Roll+1"],"picked":"Infinite Blades","floor":13},{"not_picked":["Dodge and Roll+1","Poisoned Stab"],"picked":"PiercingWail+1","floor":14},{"not_picked":["Doppelganger+1","Burst+1"],"picked":"Corpse Explosion+1","floor":16},{"not_picked":[],"picked":"Terror+1","floor":18},{"not_picked":[],"picked":"Choke","floor":20},{"not_picked":[],"picked":"Caltrops","floor":21},{"not_picked":[],"picked":"PiercingWail+1","floor":22},{"not_picked":[],"picked":"Deflect+1","floor":23},{"not_picked":[],"picked":"Dodge and Roll+1","floor":24},{"not_picked":[],"picked":"Reflex+1","floor":27},{"not_picked":[],"picked":"Deadly Poison+1","floor":28}],"player_experience":651761,"relics_obtained":[{"floor":6,"key":"Lantern"},{"floor":9,"key":"Matryoshka"},{"floor":10,"key":"Toxic Egg 2"},{"floor":12,"key":"Odd Mushroom"},{"floor":24,"key":"Torii"},{"floor":26,"key":"Sundial"},{"floor":26,"key":"Gremlin Horn"},{"floor":27,"key":"PreservedInsect"},{"floor":28,"key":"Old Coin"},{"floor":28,"key":"Mercury Hourglass"}],"event_choices":[{"damage_healed":0,"gold_gain":0,"player_choice":"Entered Light","damage_taken":15,"max_hp_gain":0,"max_hp_loss":0,"event_name":"Shining Light","floor":4,"gold_loss":0,"cards_upgraded":["Strike_G","Defend_G"]},{"damage_healed":0,"gold_gain":175,"player_choice":"AGREE","damage_taken":0,"max_hp_gain":0,"max_hp_loss":0,"event_name":"Liars Game","floor":5,"gold_loss":0,"cards_obtained":["Doubt"]},{"damage_healed":0,"gold_gain":0,"player_choice":"Fought Mushrooms","damage_taken":0,"max_hp_gain":0,"max_hp_loss":0,"event_name":"Mushrooms","floor":12,"gold_loss":0},{"damage_healed":0,"gold_gain":0,"player_choice":"Inject Mutagens","damage_taken":0,"relics_obtained":["MutagenicStrength"],"max_hp_gain":0,"max_hp_loss":0,"event_name":"Drug Dealer","floor":19,"gold_loss":0},{"damage_healed":0,"gold_gain":0,"player_choice":"Fight","damage_taken":0,"max_hp_gain":0,"max_hp_loss":0,"event_name":"Colosseum","floor":28,"gold_loss":0},{"damage_healed":0,"gold_gain":0,"player_choice":"Fought Nobs","damage_taken":0,"max_hp_gain":0,"max_hp_loss":0,"event_name":"Colosseum","floor":28,"gold_loss":0},{"damage_healed":0,"gold_gain":0,"player_choice":"Paid Gold","damage_taken":0,"relics_obtained":["FossilizedHelix"],"max_hp_gain":0,"max_hp_loss":0,"event_name":"WeMeetAgain","floor":29,"gold_loss":62}],"is_beta":false,"boss_relics":[{"not_picked":["Orrery","Fusion Hammer"],"picked":"Busted Crown"}],"items_purged_floors":[11],"is_endless":false,"potions_floor_spawned":[2,3,7,10,13,18,23,27],"killed_by":"Snake Plant","ascension_level":8}