{"gold_per_floor":[109,109,126,144,144,177,187,187],"floor_reached":8,"playtime":559,"items_purged":[],"score":75,"play_id":"11f0dbe1-7448-461a-8f96-b75783936dd5","local_time":"20181231145639","is_ascension_mode":true,"campfire_choices":[],"neow_cost":"NONE","seed_source_timestamp":164826126310653,"circlet_count":0,"master_deck":["Strike_R","Strike_R","Strike_R","Strike_R","Defend_R","Defend_R","Defend_R","Defend_R","Bash","Pommel Strike","Seeing Red","Pommel Strike","Bash","Evolve","Seeing Red+1","Anger"],"relics":["Burning Blood","NeowsBlessing","Toxic Egg 2"],"potions_floor_usage":[8],"damage_taken":[{"damage":0,"enemies":"Small Slimes","floor":1,"turns":1},{"damage":0,"enemies":"Cultist","floor":3,"turns":1},{"damage":0,"enemies":"Jaw Worm","floor":4,"turns":1},{"damage":56,"enemies":"Lagavulin","floor":6,"turns":6},{"damage":14,"enemies":"Red Slaver","floor":7,"turns":2},{"damage":30,"enemies":"3 Sentries","floor":8,"turns":4}],"seed_played":"-9069205568426248909","potions_obtained":[{"floor":7,"key":"Explosive Potion"}],"is_trial":false,"path_per_floor":["M","?","M","M","?","E","M","E"],"character_chosen":"IRONCLAD","items_purchased":[],"campfire_rested":0,"item_purchase_floors":[],"current_hp_per_floor":[78,78,80,80,80,30,22,0],"gold":187,"neow_bonus":"THREE_ENEMY_KILL","is_prod":false,"is_daily":false,"chose_seed":false,"campfire_upgraded":0,"win_rate":0,"timestamp":1546286199,"path_taken":["M","?","?","M","?","E","?","E"],"build_version":"2018-12-20","purchased_purges":0,"victory":false,"max_hp_per_floor":[80,80,80,80,80,80,80,80],"card_choices":[{"not_picked":["Perfected Strike","Wild Strike"],"picked":"Pommel Strike","floor":1},{"not_picked":["Blood for Blood","Twin Strike"],"picked":"Seeing Red","floor":3},{"not_picked":["Flex","Sever Soul"],"picked":"Pommel Strike","floor":4},{"not_picked":["Clothesline","Anger"],"picked":"Seeing Red","floor":6},{"not_picked":["Body Slam","Hemokinesis"],"picked":"Anger","floor":7}],"player_experience":292368,"relics_obtained":[{"floor":6,"key":"Toxic Egg 2"}],"event_choices":[{"cards_removed":["Strike_R"],"damage_healed":0,"gold_gain":0,"player_choice":"Offered Basic","damage_taken":0,"max_hp_gain":0,"max_hp_loss":0,"event_name":"Bonfire Elementals","floor":2,"gold_loss":0},{"damage_healed":0,"gold_gain":0,"player_choice":"2 cards matched","damage_taken":0,"max_hp_gain":0,"max_hp_loss":0,"event_name":"Match and Keep!","floor":5,"gold_loss":0,"cards_obtained":["Bash","Evolve"]}],"is_beta":false,"boss_relics":[],"items_purged_floors":[],"is_endless":false,"potions_floor_spawned":[7],"killed_by":"3 Sentries","ascension_level":6}