{"gold_per_floor":[116,41,59,234,67,67,79,112,112,112,127,141,16,35,35,131,131,147,166,183,193,193,218,218],"floor_reached":24,"playtime":867,"items_purged":["Defend_B","Doubt","Strike_B"],"score":231,"play_id":"fd294fb8-4b00-457a-98fc-c973ee500061","local_time":"20190919172812","is_ascension_mode":true,"campfire_choices":[{"data":"Doom and Gloom","floor":6,"key":"SMITH"},{"data":"Genetic Algorithm","floor":10,"key":"SMITH"},{"data":"Zap","floor":15,"key":"SMITH"}],"neow_cost":"NONE","seed_source_timestamp":288555313006662,"circlet_count":0,"master_deck":["Strike_B","Strike_B+1","Strike_B","Defend_B","Defend_B","Zap+1","Dualcast","Cold Snap+1","FTL","Doom and Gloom+1","Genetic Algorithm+1","Recycle+1"],"relics":["FrozenCore","Whetstone","Sundial","PreservedInsect","Dream Catcher"],"potions_floor_usage":[24],"damage_taken":[{"damage":1,"enemies":"Jaw Worm","floor":1,"turns":3},{"damage":0,"enemies":"Cultist","floor":3,"turns":3},{"damage":3,"enemies":"Small Slimes","floor":7,"turns":2},{"damage":26,"enemies":"Lagavulin","floor":8,"turns":5},{"damage":6,"enemies":"2 Fungi Beasts","floor":11,"turns":3},{"damage":5,"enemies":"Exordium Thugs","floor":12,"turns":4},{"damage":0,"enemies":"Large Slime","floor":14,"turns":4},{"damage":20,"enemies":"Hexaghost","floor":16,"turns":9},{"damage":15,"enemies":"2 Thieves","floor":18,"turns":4},{"damage":2,"enemies":"Chosen","floor":19,"turns":5},{"damage":28,"enemies":"Snecko","floor":20,"turns":7},{"damage":0,"enemies":"3 Cultists","floor":21,"turns":4},{"damage":26,"enemies":"Slavers","floor":23,"turns":5},{"damage":5,"enemies":"Snake Plant","floor":24,"turns":2}],"seed_played":"4285437183429334163","potions_obtained":[{"floor":7,"key":"SpeedPotion"},{"floor":8,"key":"SkillPotion"},{"floor":19,"key":"Explosive Potion"}],"is_trial":false,"path_per_floor":["M","$","M","?","$","R","M","E","T","R","M","M","$","M","R","B",null,"M","M","M","M","?","E","M"],"character_chosen":"DEFECT","items_purchased":["Doom and Gloom"],"campfire_rested":0,"item_purchase_floors":[5],"current_hp_per_floor":[74,74,74,74,74,74,71,45,45,45,39,34,34,34,34,14,75,60,58,30,30,30,4,0],"gold":218,"neow_bonus":"REMOVE_CARD","is_prod":false,"is_daily":false,"chose_seed":false,"campfire_upgraded":3,"win_rate":0,"timestamp":1568892492,"path_taken":["M","$","M","?","$","R","M","E","T","R","M","M","?","M","R","BOSS","M","?","M","M","?","E","M"],"build_version":"2019-07-17","purchased_purges":3,"victory":false,"max_hp_per_floor":[75,75,75,75,75,75,75,75,75,75,75,75,75,75,75,75,75,75,75,75,75,75,75,75],"card_choices":[{"not_picked":["Aggregate","Turbo"],"picked":"Cold Snap","floor":1},{"not_picked":["Leap","Chaos"],"picked":"FTL","floor":3},{"not_picked":["Leap","Compile Driver"],"picked":"Genetic Algorithm","floor":7},{"not_picked":["Leap","Go for the Eyes","Skim"],"picked":"SKIP","floor":8},{"not_picked":["Ball Lightning","Beam Cell","Steam Power"],"picked":"SKIP","floor":11},{"not_picked":["Steam","Chaos","Rebound"],"picked":"SKIP","floor":12},{"not_picked":["Chaos","Coolheaded","Turbo"],"picked":"SKIP","floor":14},{"not_picked":["Sweeping Beam","Reinforced Body","Stack"],"picked":"SKIP","floor":18},{"not_picked":["Undo","Compile Driver","Streamline+1"],"picked":"SKIP","floor":19},{"not_picked":["Hello World","Glacier"],"picked":"Recycle+1","floor":20},{"not_picked":["Sweeping Beam+1","Leap+1","Turbo"],"picked":"SKIP","floor":21},{"not_picked":["Buffer","Steam Power","Coolheaded"],"picked":"SKIP","floor":23}],"player_experience":1739447,"relics_obtained":[{"floor":8,"key":"Whetstone"},{"floor":9,"key":"Sundial"},{"floor":23,"key":"Dream Catcher"}],"event_choices":[{"damage_healed":0,"gold_gain":175,"player_choice":"AGREE","damage_taken":0,"max_hp_gain":0,"max_hp_loss":0,"event_name":"Liars Game","floor":4,"gold_loss":0,"cards_obtained":["Doubt"]},{"damage_healed":0,"gold_gain":0,"player_choice":"Opened","damage_taken":0,"relics_obtained":["PreservedInsect"],"max_hp_gain":0,"max_hp_loss":0,"event_name":"The Mausoleum","floor":22,"gold_loss":0}],"is_beta":false,"boss_relics":[{"not_picked":["Coffee Dripper","Calling Bell"],"picked":"FrozenCore"}],"items_purged_floors":[2,5,13],"is_endless":false,"potions_floor_spawned":[7,8,19],"killed_by":"Snake Plant","ascension_level":1}