{"gold_per_floor":[112,112,124,138,138,171,171,200,272,272,291,291,306,323,323,423,423,441,39,53,72,90,90,107,107,107,107,122,122,150,150,150,249,249,267,47,59,79,79,79,109,109,188,188,188,235,235,0,0,0],"floor_reached":51,"playtime":5754,"items_purged":["Defend_B"],"score":652,"play_id":"1dd01d3f-ffd2-47a8-9b1b-f7f44de03818","local_time":"20181222144940","is_ascension_mode":false,"campfire_choices":[{"data":"Redo","floor":7,"key":"SMITH"},{"data":"Buffer","floor":12,"key":"SMITH"},{"floor":15,"key":"REST"},{"data":"Buffer","floor":23,"key":"SMITH"},{"data":"Redo","floor":25,"key":"SMITH"},{"data":"Loop","floor":27,"key":"SMITH"},{"data":"Machine Learning","floor":29,"key":"SMITH"},{"data":"Hologram","floor":32,"key":"SMITH"},{"data":"Transmutation","floor":40,"key":"SMITH"},{"data":"Clumsy","floor":45,"key":"PURGE"},{"data":"Doubt","floor":49,"key":"PURGE"}],"neow_cost":"PERCENT_DAMAGE","seed_source_timestamp":160333055777743,"circlet_count":0,"master_deck":["Strike_B","Strike_B","Defend_B","Defend_B","Zap","Dualcast+1","Reinforced Body","Streamline","Stack","Redo+1","Go for the Eyes","Doom and Gloom","Buffer+1","Stack","Redo+1","Machine Learning+1","Cold Snap","Buffer+1","Glacier","Thunder Strike","Loop+1","Cold Snap","Hologram+1","Barrage+1","Streamline","Hologram+1","Rainbow","Compile Driver+1","Mayhem","Force Field+1","Melter+1","Secret Technique","Transmutation+1","HandOfGreed","Reprogram+1","Go for the Eyes+1"],"relics":["Cracked Core","Peace Pipe","Bag of Preparation","Pear","Sozu","Matryoshka","Centennial Puzzle","Regal Pillow","Smiling Mask","Ginger","Cursed Key","Juzu Bracelet","Gremlin Horn","Calipers","Red Mask"],"potions_floor_usage":[16,18,30],"damage_taken":[{"damage":0,"enemies":"2 Louse","floor":1,"turns":2},{"damage":1,"enemies":"Cultist","floor":3,"turns":3},{"damage":6,"enemies":"Jaw Worm","floor":4,"turns":2},{"damage":22,"enemies":"3 Sentries","floor":6,"turns":9},{"damage":22,"enemies":"Gremlin Nob","floor":8,"turns":4},{"damage":0,"enemies":"2 Fungi Beasts","floor":11,"turns":3},{"damage":10,"enemies":"Gremlin Gang","floor":13,"turns":6},{"damage":0,"enemies":"Blue Slaver","floor":14,"turns":2},{"damage":5,"enemies":"The Guardian","floor":16,"turns":10},{"damage":3,"enemies":"3 Byrds","floor":18,"turns":5},{"damage":7,"enemies":"Chosen","floor":20,"turns":5},{"damage":14,"enemies":"Centurion and Healer","floor":21,"turns":7},{"damage":21,"enemies":"Cultist and Chosen","floor":22,"turns":7},{"damage":2,"enemies":"Shelled Parasite and Fungi","floor":24,"turns":9},{"damage":2,"enemies":"Chosen and Byrds","floor":28,"turns":6},{"damage":14,"enemies":"Slavers","floor":30,"turns":9},{"damage":20,"enemies":"Automaton","floor":33,"turns":10},{"damage":23,"enemies":"3 Darklings","floor":35,"turns":6},{"damage":7,"enemies":"3 Shapes","floor":37,"turns":3},{"damage":0,"enemies":"Transient","floor":38,"turns":5},{"damage":1,"enemies":"Sphere and 2 Shapes","floor":41,"turns":5},{"damage":19,"enemies":"2 Orb Walkers","floor":46,"turns":5},{"damage":65,"enemies":"Time Eater","floor":50,"turns":12}],"seed_played":"-1862625364306148391","potions_obtained":[{"floor":3,"key":"EssenceOfSteel"},{"floor":8,"key":"Fire Potion"},{"floor":11,"key":"SpeedPotion"},{"floor":14,"key":"Energy Potion"}],"is_trial":false,"path_per_floor":["M","?","M","M","?","E","R","E","T","?","M","R","M","M","R","B",null,"M","$","M","M","M","R","M","R","T","R","M","R","E","?","R","B",null,"M","$","M","M","?","R","M","?","T","?","R","?","?","?","R","B",null],"character_chosen":"DEFECT","items_purchased":["Thunder Strike","Matryoshka","Mayhem"],"campfire_rested":1,"item_purchase_floors":[19,19,36],"current_hp_per_floor":[54,54,53,47,47,25,25,3,13,13,13,13,3,3,28,23,85,82,82,75,61,40,40,38,38,38,38,36,36,22,22,22,2,85,62,62,55,55,45,45,44,44,44,44,44,25,81,81,81,16],"gold":0,"neow_bonus":"TRANSFORM_TWO_CARDS","is_prod":false,"is_daily":false,"chose_seed":false,"campfire_upgraded":8,"win_rate":0.0,"timestamp":1545508180,"path_taken":["M","?","M","M","?","E","R","E","T","?","M","R","?","M","R","BOSS","M","$","M","M","?","R","M","R","T","R","M","R","E","?","R","BOSS","M","$","M","M","?","R","M","?","T","?","R","?","?","?","R","BOSS"],"build_version":"2018-12-20","purchased_purges":1,"victory":true,"max_hp_per_floor":[75,75,75,75,75,75,75,75,85,85,85,85,85,85,85,85,85,85,85,85,85,85,85,85,85,85,85,85,85,85,85,85,85,85,85,85,85,85,85,85,85,81,81,81,81,81,81,81,81,81],"card_choices":[{"not_picked":["Go for the Eyes","Barrage"],"picked":"Stack","floor":1},{"not_picked":["Sweeping Beam","Hologram"],"picked":"Redo","floor":3},{"not_picked":["Compile Driver","Leap"],"picked":"Go for the Eyes","floor":4},{"not_picked":["Leap","Compile Driver"],"picked":"Doom and Gloom","floor":6},{"not_picked":["Ball Lightning","Conserve Battery"],"picked":"Buffer","floor":8},{"not_picked":["Sweeping Beam","Force Field"],"picked":"Redo","floor":11},{"not_picked":["Fusion","Tempest"],"picked":"Machine Learning","floor":13},{"not_picked":["Sweeping Beam","Rip and Tear"],"picked":"Cold Snap","floor":14},{"not_picked":["Machine Learning","Seek"],"picked":"Buffer","floor":16},{"not_picked":["Auto Shields+1","Barrage"],"picked":"Glacier","floor":18},{"not_picked":["Ball Lightning","Skim"],"picked":"Loop","floor":20},{"not_picked":["Leap","Barrage"],"picked":"Cold Snap","floor":21},{"not_picked":["Beam Cell+1","Scrape"],"picked":"Hologram","floor":22},{"not_picked":["Beam Cell","Lockon+1"],"picked":"Barrage+1","floor":24},{"not_picked":["Stack","Compile Driver"],"picked":"Streamline","floor":28},{"not_picked":["Auto Shields","Steam+1"],"picked":"Hologram+1","floor":30},{"not_picked":["Electrodynamics","Amplify"],"picked":"Rainbow","floor":33},{"not_picked":["Beam Cell+1","Stack+1"],"picked":"Compile Driver+1","floor":35},{"not_picked":["Rip and Tear","Sweeping Beam"],"picked":"Force Field+1","floor":37},{"not_picked":["Cold Snap+1","Storm"],"picked":"Melter+1","floor":38},{"not_picked":["Enlightenment","Blind"],"picked":"Secret Technique","floor":39},{"not_picked":["Finesse","Impatience"],"picked":"Transmutation","floor":39},{"not_picked":["Blind","Deep Breath"],"picked":"HandOfGreed","floor":39},{"not_picked":["Conserve Battery","Capacitor"],"picked":"Reprogram+1","floor":41},{"not_picked":["Streamline+1","Hologram"],"picked":"Go for the Eyes+1","floor":46}],"player_experience":51192,"relics_obtained":[{"floor":6,"key":"Peace Pipe"},{"floor":8,"key":"Bag of Preparation"},{"floor":9,"key":"Pear"},{"floor":26,"key":"Centennial Puzzle"},{"floor":26,"key":"Regal Pillow"},{"floor":30,"key":"Smiling Mask"},{"floor":43,"key":"Juzu Bracelet"},{"floor":43,"key":"Gremlin Horn"},{"floor":46,"key":"Calipers"}],"event_choices":[{"damage_healed":0,"gold_gain":0,"player_choice":"Grow","damage_taken":0,"max_hp_gain":0,"max_hp_loss":0,"event_name":"Living Wall","floor":2,"gold_loss":0,"cards_upgraded":["Dualcast"]},{"damage_healed":0,"gold_gain":0,"player_choice":"Fled","damage_taken":0,"max_hp_gain":0,"max_hp_loss":0,"event_name":"Scrap Ooze","floor":5,"gold_loss":0},{"damage_healed":0,"gold_gain":0,"cards_transformed":["Strike_B"],"player_choice":"Transformed","damage_taken":0,"max_hp_gain":0,"max_hp_loss":0,"event_name":"Transmorgrifier","floor":10,"gold_loss":0,"cards_obtained":["Stack"]},{"damage_healed":0,"gold_gain":0,"player_choice":"Opened","damage_taken":0,"relics_obtained":["Ginger"],"max_hp_gain":0,"max_hp_loss":0,"event_name":"The Mausoleum","floor":31,"gold_loss":0},{"damage_healed":0,"gold_gain":0,"player_choice":"Memory 3","damage_taken":10,"max_hp_gain":0,"max_hp_loss":0,"event_name":"SensoryStone","floor":39,"gold_loss":0},{"damage_healed":0,"gold_gain":0,"player_choice":"Max HP","damage_taken":0,"max_hp_gain":0,"max_hp_loss":4,"event_name":"Winding Halls","floor":42,"gold_loss":0},{"damage_healed":0,"gold_gain":0,"player_choice":"Ignored","damage_taken":0,"max_hp_gain":0,"max_hp_loss":0,"event_name":"NoteForYourself","floor":44,"gold_loss":0},{"damage_healed":0,"gold_gain":0,"player_choice":"Fight","damage_taken":0,"max_hp_gain":0,"max_hp_loss":0,"event_name":"Mysterious Sphere","floor":46,"gold_loss":0},{"damage_healed":56,"gold_gain":0,"player_choice":"Heal","damage_taken":0,"max_hp_gain":0,"max_hp_loss":0,"event_name":"MindBloom","floor":47,"gold_loss":0,"cards_obtained":["Doubt"]},{"damage_healed":0,"gold_gain":0,"player_choice":"Paid","damage_taken":0,"relics_obtained":["Red Mask"],"max_hp_gain":0,"max_hp_loss":0,"event_name":"Tomb of Lord Red Mask","floor":48,"gold_loss":235}],"is_beta":false,"boss_relics":[{"not_picked":["Calling Bell","Empty Cage"],"picked":"Sozu"},{"not_picked":["Runic Dome","Philosopher\u0027s Stone"],"picked":"Cursed Key"}],"items_purged_floors":[36],"is_endless":false,"potions_floor_spawned":[3,8,11,14,20,22,24,37,38],"ascension_level":0}