{"gold_per_floor":[99,99,99,99,99,99,64,64,64,64,64,64,64,64,64,64],"floor_reached":16,"playtime":1523,"items_purged":[],"score":124,"play_id":"ced890b9-3b4d-4f7c-b7c8-1aa4fa0e157a","local_time":"20190114192928","is_ascension_mode":true,"campfire_choices":[{"data":"Sucker Punch","floor":11,"key":"SMITH"},{"floor":15,"key":"REST"}],"neow_cost":"NONE","seed_source_timestamp":303824884704,"circlet_count":0,"master_deck":["Defend_G","Defend_G","Defend_G","Defend_G","Defend_G","Strike_G","Strike_G","Strike_G","Strike_G","Survivor","Neutralize","PiercingWail","Sucker Punch+1","Deflect","Tools of the Trade","Tactician","PiercingWail","Expertise","Dodge and Roll","Backflip"],"relics":["Ectoplasm","Tiny Chest","Blood Vial","Odd Mushroom","Pear","Frozen Egg 2"],"potions_floor_usage":[6,8,8,12,16],"damage_taken":[{"damage":3,"enemies":"Jaw Worm","floor":1,"turns":4},{"damage":0,"enemies":"Small Slimes","floor":2,"turns":4},{"damage":3,"enemies":"2 Louse","floor":3,"turns":2},{"damage":3,"enemies":"Exordium Thugs","floor":5,"turns":9},{"damage":17,"enemies":"3 Sentries","floor":6,"turns":13},{"damage":5,"enemies":"Lagavulin","floor":8,"turns":10},{"damage":7,"enemies":"The Mushroom Lair","floor":12,"turns":8},{"damage":29,"enemies":"Gremlin Nob","floor":13,"turns":7},{"damage":60,"enemies":"Hexaghost","floor":16,"turns":22}],"seed_played":"-8339002713248386375","potions_obtained":[{"floor":1,"key":"Dexterity Potion"},{"floor":3,"key":"Regen Potion"},{"floor":6,"key":"AttackPotion"},{"floor":8,"key":"Block Potion"},{"floor":13,"key":"Dexterity Potion"}],"is_trial":false,"path_per_floor":["M","M","M","?","M","E","?","E","T","?","R","?","E","T","R","B"],"character_chosen":"THE_SILENT","items_purchased":[],"campfire_rested":1,"item_purchase_floors":[],"current_hp_per_floor":[67,67,64,64,61,58,70,65,65,54,54,49,32,32,56,0],"gold":64,"neow_bonus":"BOSS_RELIC","is_prod":false,"is_daily":false,"chose_seed":false,"campfire_upgraded":1,"win_rate":0,"timestamp":1547512168,"path_taken":["M","M","M","?","M","E","?","E","T","?","R","?","E","?","R","BOSS"],"build_version":"2019-01-10","purchased_purges":0,"victory":false,"max_hp_per_floor":[70,70,70,70,70,70,70,70,70,70,70,70,80,80,80,80],"card_choices":[{"not_picked":["Eviscerate","Tactician"],"picked":"PiercingWail","floor":1},{"not_picked":["Prepared","Underhanded Strike"],"picked":"Sucker Punch","floor":2},{"not_picked":["Catalyst","Blade Dance"],"picked":"Deflect","floor":3},{"not_picked":["Heel Hook","Outmaneuver"],"picked":"Tactician","floor":5},{"not_picked":["Bane","Unload"],"picked":"PiercingWail","floor":6},{"not_picked":["Setup","Prepared"],"picked":"Expertise","floor":8},{"not_picked":["Riddle With Holes","PiercingWail"],"picked":"Dodge and Roll","floor":12},{"not_picked":["Acrobatics","Quick Slash"],"picked":"Backflip","floor":13}],"player_experience":403949,"relics_obtained":[{"floor":6,"key":"Tiny Chest"},{"floor":8,"key":"Blood Vial"},{"floor":12,"key":"Odd Mushroom"},{"floor":13,"key":"Pear"},{"floor":14,"key":"Frozen Egg 2"}],"event_choices":[{"damage_healed":0,"gold_gain":0,"cards_transformed":["Strike_G"],"player_choice":"Change","damage_taken":0,"max_hp_gain":0,"max_hp_loss":0,"event_name":"Living Wall","floor":4,"gold_loss":0,"cards_obtained":["Tools of the Trade"]},{"damage_healed":17,"gold_gain":0,"player_choice":"Healed","damage_taken":0,"max_hp_gain":0,"max_hp_loss":0,"event_name":"The Cleric","floor":7,"gold_loss":35},{"damage_healed":0,"gold_gain":75,"player_choice":"Gather Gold","damage_taken":11,"max_hp_gain":0,"max_hp_loss":0,"event_name":"World of Goop","floor":10,"gold_loss":0},{"damage_healed":0,"gold_gain":0,"player_choice":"Fought Mushrooms","damage_taken":0,"max_hp_gain":0,"max_hp_loss":0,"event_name":"Mushrooms","floor":12,"gold_loss":0}],"is_beta":false,"boss_relics":[],"items_purged_floors":[],"is_endless":false,"potions_floor_spawned":[1,3,6,8,13],"killed_by":"Hexaghost","ascension_level":1}