{"path_per_floor":["M","M","M","M","?","E","M","?","T","M","E","R","M","M","R","B",null,"M","?","M","?","M","R"],"character_chosen":"IRONCLAD","items_purchased":[],"gold_per_floor":[10,22,35,52,32,66,84,114,114,125,159,159,169,181,181,284,284,294,209,229,229,243,243,243],"floor_reached":24,"campfire_rested":0,"playtime":2924,"item_purchase_floors":[],"current_hp_per_floor":[80,80,80,73,73,55,59,65,65,68,30,30,36,42,42,40,80,80,80,55,55,33,33,0],"items_purged":[],"gold":243,"score":212,"play_id":"d879bad5-34aa-454e-a6df-3f847257ba6b","local_time":"20180622231657","is_prod":false,"is_daily":false,"chose_seed":false,"is_ascension_mode":false,"campfire_upgraded":3,"win_rate":0.0,"timestamp":1529705817,"campfire_choices":[{"data":"Body Slam","floor":12,"key":"SMITH"},{"data":"True Grit","floor":15,"key":"SMITH"},{"data":"Feed","floor":23,"key":"SMITH"}],"path_taken":["M","M","M","M","?","E","M","?","T","M","E","R","M","?","R","BOSS","M","?","M","?","?","R","E"],"build_version":"2018-06-21","seed_source_timestamp":1037911155082878,"purchased_purges":0,"circlet_count":0,"victory":false,"master_deck":["Strike_R","Strike_R","Strike_R","Strike_R","Defend_R","Defend_R","Defend_R","Bash","Cleave","Shrug It Off","Body Slam+1","Iron Wave","Iron Wave","Infernal Blade","Shrug It Off","Seeing Red","Iron Wave","True Grit+1","Pommel Strike","Feed+1","Seeing Red","Second Wind+1","Pommel Strike+1"],"max_hp_per_floor":[80,80,80,80,80,80,80,80,80,80,80,80,80,80,80,80,80,80,80,83,83,83,83,83],"relics":["Burning Blood","Ancient Tea Set","Odd Mushroom","Centennial Puzzle","Kunai","Runic Cube","Matryoshka"],"card_choices":[{"not_picked":["Twin Strike","Spot Weakness"],"picked":"Cleave","floor":1},{"not_picked":["Clothesline","Impervious"],"picked":"Shrug It Off","floor":2},{"not_picked":["Flame Barrier","Flex"],"picked":"Body Slam","floor":3},{"not_picked":["Spot Weakness","Hemokinesis"],"picked":"Iron Wave","floor":4},{"not_picked":["Dual Wield","Sword Boomerang"],"picked":"Iron Wave","floor":6},{"not_picked":["Pommel Strike","Berserk"],"picked":"Infernal Blade","floor":7},{"not_picked":["Anger","Heavy Blade"],"picked":"Shrug It Off","floor":8},{"not_picked":["Anger","Headbutt"],"picked":"Seeing Red","floor":10},{"not_picked":["Hemokinesis","Perfected Strike"],"picked":"Iron Wave","floor":11},{"not_picked":["Iron Wave","Pommel Strike"],"picked":"True Grit","floor":13},{"not_picked":["Flex","Clothesline"],"picked":"Pommel Strike","floor":14},{"not_picked":["Dark Embrace","Bludgeon"],"picked":"Feed","floor":16},{"not_picked":["Second Wind","Dual Wield"],"picked":"Seeing Red","floor":18},{"not_picked":["Twin Strike","Clothesline"],"picked":"Second Wind+1","floor":20},{"not_picked":["Carnage","Warcry"],"picked":"Pommel Strike+1","floor":22}],"player_experience":12092,"potions_floor_usage":[6,11,11,16,24],"damage_taken":[{"damage":1,"enemies":"Cultist","floor":1,"turns":3},{"damage":0,"enemies":"2 Louse","floor":2,"turns":2},{"damage":3,"enemies":"Jaw Worm","floor":3,"turns":4},{"damage":13,"enemies":"Lots of Slimes","floor":4,"turns":3},{"damage":24,"enemies":"Gremlin Nob","floor":6,"turns":4},{"damage":2,"enemies":"Looter","floor":7,"turns":3},{"damage":0,"floor":8,"turns":3},{"damage":3,"enemies":"Red Slaver","floor":10,"turns":4},{"damage":44,"enemies":"Lagavulin","floor":11,"turns":7},{"damage":0,"enemies":"Blue Slaver","floor":13,"turns":2},{"damage":0,"enemies":"Exordium Wildlife","floor":14,"turns":3},{"damage":8,"enemies":"Hexaghost","floor":16,"turns":13},{"damage":0,"enemies":"Chosen","floor":18,"turns":6},{"damage":34,"enemies":"Spheric Guardian","floor":20,"turns":8},{"damage":28,"enemies":"Slaver and Parasite","floor":22,"turns":14},{"damage":40,"enemies":"Gremlin Leader","floor":24,"turns":3}],"relics_obtained":[{"floor":6,"key":"Ancient Tea Set"},{"floor":8,"key":"Odd Mushroom"},{"floor":9,"key":"Centennial Puzzle"},{"floor":11,"key":"Kunai"}],"event_choices":[{"event_name":"The Woman in Blue","player_choice":"Bought 1 Potion","floor":5,"damage_taken":0},{"event_name":"Mushrooms","player_choice":"Fought Mushrooms","floor":8,"damage_taken":0},{"event_name":"Addict","player_choice":"Obtained Relic","floor":19,"damage_taken":0},{"event_name":"Vampires","player_choice":"Ignored","floor":21,"damage_taken":0}],"boss_relics":[{"not_picked":["Astrolabe","Lizard Tail"],"picked":"Runic Cube"}],"items_purged_floors":[],"is_endless":false,"potions_floor_spawned":[2,3,10,13,20],"seed_played":"-4295187183627930459","killed_by":"Gremlin Leader","ascension_level":0,"potions_obtained":[{"floor":2,"key":"Weak Potion"},{"floor":3,"key":"GamblersBrew"},{"floor":5,"key":"Dexterity Potion"},{"floor":10,"key":"SkillPotion"},{"floor":13,"key":"Dexterity Potion"},{"floor":20,"key":"SteroidPotion"}],"is_trial":false}