{"gold_per_floor":[119,119,44,61,79,111,111,140,140,140,140],"floor_reached":11,"playtime":366,"items_purged":["Regret"],"score":113,"play_id":"1112463c-7214-4e32-8ae7-aaa7a0acc361","local_time":"20190919194953","is_ascension_mode":true,"campfire_choices":[{"floor":7,"key":"REST"},{"floor":10,"key":"REST"}],"neow_cost":"CURSE","seed_source_timestamp":179293471197000,"circlet_count":0,"master_deck":["Strike_G","Strike_G","Strike_G","Strike_G","Strike_G","Defend_G","Defend_G","Defend_G","Defend_G","Defend_G","Survivor","Neutralize","Dash","Regret","Dash","Cloak And Dagger","Footwork","Dodge and Roll"],"relics":["Ring of the Snake","Unceasing Top","Potion Belt","Ornamental Fan","Lantern","Happy Flower"],"potions_floor_usage":[4,8],"damage_taken":[{"damage":4,"enemies":"Cultist","floor":1,"turns":4},{"damage":0,"enemies":"Small Slimes","floor":4,"turns":3},{"damage":2,"enemies":"2 Louse","floor":5,"turns":3},{"damage":40,"enemies":"Gremlin Nob","floor":6,"turns":5},{"damage":29,"enemies":"3 Sentries","floor":8,"turns":9},{"damage":39,"enemies":"Lagavulin","floor":11,"turns":8}],"seed_played":"-4722731656367888857","potions_obtained":[{"floor":1,"key":"AttackPotion"},{"floor":6,"key":"Poison Potion"},{"floor":8,"key":"Explosive Potion"}],"is_trial":false,"path_per_floor":["M","?","$","M","M","E","R","E","T","R","E"],"character_chosen":"THE_SILENT","items_purchased":[],"campfire_rested":2,"item_purchase_floors":[],"current_hp_per_floor":[59,59,59,59,57,17,38,9,9,30,0],"gold":140,"neow_bonus":"ONE_RARE_RELIC","is_prod":false,"is_daily":false,"chose_seed":false,"campfire_upgraded":0,"win_rate":0,"timestamp":1568936993,"path_taken":["M","?","$","M","M","E","R","E","T","R","E"],"build_version":"2019-07-17","purchased_purges":1,"victory":false,"max_hp_per_floor":[70,70,70,70,70,70,70,70,70,70,70],"card_choices":[{"not_picked":["Dagger Throw","Deflect"],"picked":"Dash","floor":1},{"not_picked":["Infinite Blades","Catalyst"],"picked":"Dash","floor":4},{"not_picked":["Poisoned Stab","Dagger Throw"],"picked":"Cloak And Dagger","floor":5},{"not_picked":["Sucker Punch","Slice"],"picked":"Footwork","floor":6},{"not_picked":["Outmaneuver","Backflip"],"picked":"Dodge and Roll","floor":8}],"player_experience":677141,"relics_obtained":[{"floor":6,"key":"Ornamental Fan"},{"floor":8,"key":"Lantern"},{"floor":9,"key":"Happy Flower"}],"event_choices":[{"damage_healed":0,"gold_gain":0,"player_choice":"Box","damage_taken":0,"relics_obtained":["Potion Belt"],"max_hp_gain":0,"max_hp_loss":0,"event_name":"Big Fish","floor":2,"gold_loss":0,"cards_obtained":["Regret"]}],"is_beta":false,"boss_relics":[],"items_purged_floors":[3],"is_endless":false,"potions_floor_spawned":[1,6,8],"killed_by":"Lagavulin","ascension_level":8}