{"gold_per_floor":[12,31,46,65,75,109,109,128,153,187,187],"floor_reached":11,"playtime":615,"items_purged":[],"score":117,"play_id":"3ff89a71-be03-486d-9247-b5da170969bc","local_time":"20190910124254","is_ascension_mode":true,"campfire_choices":[{"floor":7,"key":"REST"}],"neow_cost":"NO_GOLD","seed_source_timestamp":329626261411800,"circlet_count":0,"master_deck":["Strike_G","Strike_G","Strike_G","Defend_G","Defend_G","Defend_G","Defend_G","Defend_G","Survivor","Neutralize","Blade Dance","Underhanded Strike","Crippling Poison","Infinite Blades","Accuracy","Deflect","Flying Knee","Sucker Punch"],"relics":["Ring of the Snake","Unceasing Top","Question Card"],"potions_floor_usage":[6,6,10],"damage_taken":[{"damage":2,"enemies":"Small Slimes","floor":1,"turns":6},{"damage":0,"enemies":"Cultist","floor":2,"turns":4},{"damage":6,"enemies":"Jaw Worm","floor":3,"turns":5},{"damage":1,"enemies":"2 Fungi Beasts","floor":4,"turns":4},{"damage":32,"enemies":"Gremlin Gang","floor":5,"turns":5},{"damage":17,"enemies":"Lagavulin","floor":6,"turns":9},{"damage":0,"enemies":"Looter","floor":8,"turns":3},{"damage":19,"enemies":"Gremlin Nob","floor":10,"turns":4},{"damage":8,"enemies":"Exordium Wildlife","floor":11,"turns":1}],"seed_played":"-4620069524287070454","potions_obtained":[{"floor":1,"key":"Weak Potion"},{"floor":3,"key":"LiquidBronze"},{"floor":5,"key":"Block Potion"},{"floor":6,"key":"Explosive Potion"}],"is_trial":false,"path_per_floor":["M","M","M","M","M","E","R","M","T","E","M"],"character_chosen":"THE_SILENT","items_purchased":[],"campfire_rested":1,"item_purchase_floors":[],"current_hp_per_floor":[61,61,55,54,22,5,26,26,26,7,0],"gold":187,"neow_bonus":"REMOVE_TWO","is_prod":false,"is_daily":false,"chose_seed":false,"campfire_upgraded":0,"win_rate":0,"timestamp":1568133774,"path_taken":["M","M","M","M","M","E","R","M","T","E","M"],"build_version":"2019-07-17","purchased_purges":0,"victory":false,"max_hp_per_floor":[70,70,70,70,70,70,70,70,70,70,70],"card_choices":[{"not_picked":["Reflex","Endless Agony"],"picked":"Blade Dance","floor":1},{"not_picked":["Acrobatics","Expertise"],"picked":"Underhanded Strike","floor":2},{"not_picked":["Sucker Punch","Tactician"],"picked":"Crippling Poison","floor":3},{"not_picked":["Underhanded Strike","Slice"],"picked":"Infinite Blades","floor":4},{"not_picked":["Blur","Poisoned Stab"],"picked":"Accuracy","floor":5},{"not_picked":["Caltrops","Outmaneuver"],"picked":"Deflect","floor":6},{"not_picked":["Quick Slash","Poisoned Stab"],"picked":"Flying Knee","floor":8},{"not_picked":["Poisoned Stab","Quick Slash"],"picked":"Sucker Punch","floor":10}],"player_experience":531827,"relics_obtained":[{"floor":6,"key":"Unceasing Top"},{"floor":10,"key":"Question Card"}],"event_choices":[],"is_beta":false,"boss_relics":[],"items_purged_floors":[],"is_endless":false,"potions_floor_spawned":[1,3,5,6],"killed_by":"Exordium Wildlife","ascension_level":7}