{"gold_per_floor":[111,125,145,163,56,56,83,83,83,43,72,82,98,126,126,228,228,238,250,250,261,274,274],"floor_reached":23,"playtime":1127,"items_purged":[],"score":358,"play_id":"540bc6dd-4ff0-4c73-963e-419d41629611","local_time":"20190907163629","is_ascension_mode":true,"campfire_choices":[{"floor":6,"key":"REST"},{"data":"Noxious Fumes","floor":8,"key":"SMITH"},{"floor":15,"key":"REST"}],"neow_cost":"NONE","seed_source_timestamp":83926223453300,"circlet_count":0,"master_deck":["Strike_G","Strike_G","Strike_G","Strike_G","Defend_G","Defend_G","Defend_G","Defend_G","Defend_G","Survivor","Neutralize","Deflect","Dagger Throw","Slice","Footwork","Noxious Fumes+1","Backstab","Calculated Gamble","Dash","Accuracy","Deflect","Noxious Fumes","After Image","Backflip","Bouncing Flask","Dodge and Roll+1","Sucker Punch"],"relics":["Ring of the Snake","Du-Vu Doll","Bottled Tornado","Ninja Scroll","Pen Nib","WristBlade"],"potions_floor_usage":[7,11,13,14,16,21,21,21],"damage_taken":[{"damage":6,"enemies":"Cultist","floor":1,"turns":4},{"damage":4,"enemies":"2 Louse","floor":2,"turns":5},{"damage":3,"enemies":"Jaw Worm","floor":3,"turns":3},{"damage":10,"enemies":"3 Louse","floor":4,"turns":5},{"damage":24,"enemies":"Lagavulin","floor":7,"turns":7},{"damage":10,"enemies":"3 Sentries","floor":11,"turns":6},{"damage":10,"enemies":"Red Slaver","floor":12,"turns":2},{"damage":3,"enemies":"2 Fungi Beasts","floor":13,"turns":3},{"damage":14,"enemies":"Lagavulin","floor":14,"turns":4},{"damage":0,"enemies":"The Guardian","floor":16,"turns":9},{"damage":20,"enemies":"3 Byrds","floor":18,"turns":5},{"damage":10,"enemies":"Spheric Guardian","floor":19,"turns":5},{"damage":13,"enemies":"Snake Plant","floor":21,"turns":4},{"damage":33,"enemies":"Snecko","floor":22,"turns":6},{"damage":10,"enemies":"Gremlin Leader","floor":23,"turns":4}],"seed_played":"7263687020715456362","potions_obtained":[{"floor":3,"key":"Strength Potion"},{"floor":10,"key":"Swift Potion"},{"floor":10,"key":"AttackPotion"},{"floor":10,"key":"Poison Potion"},{"floor":11,"key":"SkillPotion"},{"floor":12,"key":"Regen Potion"},{"floor":14,"key":"SteroidPotion"},{"floor":16,"key":"Regen Potion"},{"floor":18,"key":"PowerPotion"},{"floor":19,"key":"SkillPotion"},{"floor":22,"key":"Weak Potion"}],"is_trial":false,"path_per_floor":["M","M","M","M","$","R","E","R","T","?","E","M","M","E","R","B",null,"M","M","?","M","M","E"],"character_chosen":"THE_SILENT","items_purchased":["Noxious Fumes","Backstab"],"campfire_rested":2,"item_purchase_floors":[5,5],"current_hp_per_floor":[64,60,57,47,47,70,46,46,46,46,36,26,35,21,44,44,69,49,39,39,40,7,0],"gold":274,"neow_bonus":"TEN_PERCENT_HP_BONUS","is_prod":false,"is_daily":false,"chose_seed":false,"campfire_upgraded":1,"win_rate":0,"timestamp":1567888589,"path_taken":["M","M","M","M","?","R","E","R","T","?","E","M","M","E","R","BOSS","M","M","?","M","M","E"],"build_version":"2019-07-17","purchased_purges":0,"victory":false,"max_hp_per_floor":[77,77,77,77,77,77,77,77,77,77,77,77,77,77,77,77,77,77,77,77,77,77,77],"card_choices":[{"not_picked":["Setup","Outmaneuver"],"picked":"Deflect","floor":1},{"not_picked":["Deflect","Dodge and Roll"],"picked":"Dagger Throw","floor":2},{"not_picked":["Flechettes","Night Terror"],"picked":"Slice","floor":3},{"not_picked":["Bane","Masterful Stab"],"picked":"Footwork","floor":4},{"not_picked":["Outmaneuver","Night Terror"],"picked":"Calculated Gamble","floor":7},{"not_picked":["Underhanded Strike","Outmaneuver"],"picked":"Dash","floor":11},{"not_picked":["Well Laid Plans","Skewer"],"picked":"Accuracy","floor":12},{"not_picked":["Reflex","Poisoned Stab"],"picked":"Deflect","floor":13},{"not_picked":["Reflex","Slice"],"picked":"Noxious Fumes","floor":14},{"not_picked":["Glass Knife","Bullet Time"],"picked":"After Image","floor":16},{"not_picked":["Dagger Spray","Dodge and Roll+1"],"picked":"Backflip","floor":18},{"not_picked":["Acrobatics","Dagger Throw"],"picked":"Bouncing Flask","floor":19},{"not_picked":["Expertise","Quick Slash"],"picked":"Dodge and Roll+1","floor":21},{"not_picked":["Deadly Poison+1","Calculated Gamble"],"picked":"Sucker Punch","floor":22}],"player_experience":496555,"relics_obtained":[{"floor":7,"key":"Du-Vu Doll"},{"floor":9,"key":"Bottled Tornado"},{"floor":11,"key":"Ninja Scroll"},{"floor":14,"key":"Pen Nib"}],"event_choices":[{"damage_healed":0,"gold_gain":0,"player_choice":"Bought 3 Potions","damage_taken":0,"max_hp_gain":0,"max_hp_loss":0,"event_name":"The Woman in Blue","floor":10,"gold_loss":0},{"cards_removed":["Strike_G"],"damage_healed":0,"gold_gain":0,"player_choice":"Purged","damage_taken":0,"max_hp_gain":0,"max_hp_loss":0,"event_name":"Purifier","floor":20,"gold_loss":0}],"is_beta":false,"boss_relics":[{"not_picked":["Eternal Feather","Cursed Key"],"picked":"WristBlade"}],"items_purged_floors":[],"is_endless":false,"potions_floor_spawned":[3,11,12,14,16,18,19,22],"killed_by":"Gremlin Leader","ascension_level":7}