{"gold_per_floor":[110,185,204,379,25,54,54,54,100,8,22,22],"floor_reached":12,"playtime":521,"items_purged":[],"score":114,"play_id":"f103a7a9-effa-499c-9fde-cc27e8c5d31d","local_time":"20190912230500","is_ascension_mode":true,"campfire_choices":[{"floor":8,"key":"REST"}],"neow_cost":"CURSE","seed_source_timestamp":17608689705300,"circlet_count":0,"master_deck":["AscendersBane","Strike_R","Strike_R","Strike_R","Strike_R","Strike_R","Defend_R","Defend_R","Defend_R","Defend_R","Bash","Parasite","Dropkick","Flame Barrier","Doubt","Reboot","Deep Breath","Dash"],"relics":["Burning Blood","Torii","PrismaticShard","Bag of Marbles","Anchor","Blood Vial"],"potions_floor_usage":[6,6,12],"damage_taken":[{"damage":21,"enemies":"Jaw Worm","floor":1,"turns":4},{"damage":16,"enemies":"Small Slimes","floor":3,"turns":3},{"damage":31,"enemies":"3 Sentries","floor":6,"turns":12},{"damage":0,"enemies":"2 Louse","floor":11,"turns":3},{"damage":66,"enemies":"Gremlin Nob","floor":12,"turns":5}],"seed_played":"-2868053853156495916","potions_obtained":[{"floor":1,"key":"SteroidPotion"},{"floor":3,"key":"Energy Potion"},{"floor":11,"key":"SteroidPotion"}],"is_trial":false,"path_per_floor":["M","?","M","?","$","E","?","R","T","$","M","E"],"character_chosen":"IRONCLAD","items_purchased":["PrismaticShard","Bag of Marbles","Deep Breath"],"campfire_rested":1,"item_purchase_floors":[5,5,10],"current_hp_per_floor":[57,46,36,36,36,11,11,35,35,35,43,0],"gold":22,"neow_bonus":"ONE_RARE_RELIC","is_prod":false,"is_daily":false,"chose_seed":false,"campfire_upgraded":0,"win_rate":0,"timestamp":1568343900,"path_taken":["M","?","M","?","$","E","?","R","T","$","M","E"],"build_version":"2019-07-17","purchased_purges":0,"victory":false,"max_hp_per_floor":[80,80,80,80,80,80,80,80,80,80,80,80],"card_choices":[{"not_picked":["Rage","Iron Wave"],"picked":"Dropkick","floor":1},{"not_picked":["Burning Pact","Armaments"],"picked":"Flame Barrier","floor":3},{"not_picked":["Prepared","Acrobatics"],"picked":"Reboot","floor":6},{"not_picked":["Enlightenment","Warcry"],"picked":"Dash","floor":11}],"player_experience":584106,"relics_obtained":[{"floor":6,"key":"Anchor"},{"floor":9,"key":"Blood Vial"}],"event_choices":[{"damage_healed":0,"gold_gain":75,"player_choice":"Gather Gold","damage_taken":11,"max_hp_gain":0,"max_hp_loss":0,"event_name":"World of Goop","floor":2,"gold_loss":0},{"damage_healed":0,"gold_gain":175,"player_choice":"AGREE","damage_taken":0,"max_hp_gain":0,"max_hp_loss":0,"event_name":"Liars Game","floor":4,"gold_loss":0,"cards_obtained":["Doubt"]},{"damage_healed":0,"gold_gain":0,"player_choice":"Ignored","damage_taken":0,"max_hp_gain":0,"max_hp_loss":0,"event_name":"Shining Light","floor":7,"gold_loss":0}],"is_beta":false,"boss_relics":[],"items_purged_floors":[],"is_endless":false,"potions_floor_spawned":[1,3,11],"killed_by":"Gremlin Nob","ascension_level":10}