{"gold_per_floor":[109,87,98,108,86,86,186,215,215,215,233,233,246,256,256,256],"floor_reached":16,"playtime":414,"items_purged":[],"score":148,"play_id":"18a8e8c6-a3fc-464b-bfbb-e3d949687bfd","local_time":"20190910174113","is_ascension_mode":true,"campfire_choices":[{"data":"Flame Barrier","floor":6,"key":"SMITH"},{"data":"Immolate","floor":10,"key":"SMITH"},{"data":"Flex","floor":12,"key":"SMITH"},{"data":"Bash","floor":15,"key":"SMITH"}],"neow_cost":"NONE","seed_source_timestamp":347726330984100,"circlet_count":0,"master_deck":["Strike_R","Strike_R","Strike_R","Strike_R","Strike_R","Defend_R","Defend_R","Defend_R","Defend_R","Bash+1","Flame Barrier+1","Shrug It Off","Flex+1","Clothesline","Shrug It Off","Immolate+1","Battle Trance","Dual Wield","Thunderclap"],"relics":["Burning Blood","NeowsBlessing","Meat on the Bone"],"potions_floor_usage":[8],"damage_taken":[{"damage":0,"enemies":"Cultist","floor":1,"turns":1},{"damage":0,"enemies":"Jaw Worm","floor":3,"turns":1},{"damage":0,"enemies":"Small Slimes","floor":4,"turns":2},{"damage":25,"enemies":"Gremlin Nob","floor":8,"turns":5},{"damage":0,"enemies":"Looter","floor":11,"turns":2},{"damage":0,"enemies":"3 Louse","floor":13,"turns":2},{"damage":8,"enemies":"Large Slime","floor":14,"turns":4},{"damage":72,"enemies":"Hexaghost","floor":16,"turns":11}],"seed_played":"4657424190251734743","potions_obtained":[{"floor":3,"key":"Fire Potion"},{"floor":11,"key":"Ancient Potion"},{"floor":14,"key":"Ancient Potion"}],"is_trial":false,"path_per_floor":["M","$","M","M","$","R","?","E","T","R","M","R","M","M","R","B"],"character_chosen":"IRONCLAD","items_purchased":["Shrug It Off","Shrug It Off"],"campfire_rested":0,"item_purchase_floors":[2,5],"current_hp_per_floor":[78,78,80,80,80,80,80,61,61,61,67,67,73,71,71,0],"gold":256,"neow_bonus":"THREE_ENEMY_KILL","is_prod":false,"is_daily":false,"chose_seed":false,"campfire_upgraded":4,"win_rate":0,"timestamp":1568151673,"path_taken":["M","$","?","M","$","R","?","E","T","R","M","R","?","M","R","BOSS"],"build_version":"2019-07-17","purchased_purges":0,"victory":false,"max_hp_per_floor":[80,80,80,80,80,80,80,80,80,80,80,80,80,80,80,80],"card_choices":[{"not_picked":["Clash","Armaments"],"picked":"Flame Barrier","floor":1},{"not_picked":["Headbutt","Metallicize"],"picked":"Flex","floor":3},{"not_picked":["Body Slam","Heavy Blade"],"picked":"Clothesline","floor":4},{"not_picked":["Battle Trance","Pommel Strike"],"picked":"Immolate","floor":8},{"not_picked":["Rupture","Heavy Blade"],"picked":"Battle Trance","floor":11},{"not_picked":["Sever Soul","Disarm"],"picked":"Dual Wield","floor":13},{"not_picked":["Shockwave","Hemokinesis"],"picked":"Thunderclap","floor":14}],"player_experience":549086,"relics_obtained":[{"floor":8,"key":"Meat on the Bone"}],"event_choices":[{"damage_healed":0,"gold_gain":100,"player_choice":"Gold","damage_taken":0,"max_hp_gain":0,"max_hp_loss":0,"event_name":"Wheel of Change","floor":7,"gold_loss":0}],"is_beta":false,"boss_relics":[],"items_purged_floors":[],"is_endless":false,"potions_floor_spawned":[3,11,14],"killed_by":"Hexaghost","ascension_level":9}