{"gold_per_floor":[119,137,62,80,93,93,105,5,5,35,46,63,63,13,13,115,115,125,125,137,137,137,137,171,171,218,218],"floor_reached":27,"playtime":1006,"items_purged":["Clumsy","Strike_B"],"score":268,"play_id":"9094bd99-2540-4277-9a98-3b95369fcd55","local_time":"20190508212848","is_ascension_mode":true,"campfire_choices":[{"data":"Zap","floor":6,"key":"SMITH"},{"data":"Dualcast","floor":13,"key":"SMITH"},{"data":"Darkness","floor":15,"key":"SMITH"},{"data":"Rainbow","floor":23,"key":"SMITH"},{"data":"Leap","floor":25,"key":"SMITH"}],"neow_cost":"CURSE","seed_source_timestamp":8272297640210,"circlet_count":0,"master_deck":["Strike_B","Defend_B","Defend_B","Zap+1","Dualcast+1","Rainbow+1","Glacier","Darkness+1","White Noise","Doom and Gloom","Leap+1","Multi-Cast","Echo Form","Writhe"],"relics":["Cracked Core","Symbiotic Virus","Oddly Smooth Stone","Busted Crown","WingedGreaves","Calipers","Darkstone Periapt","Juzu Bracelet"],"potions_floor_usage":[16,24],"damage_taken":[{"damage":0,"enemies":"Cultist","floor":1,"turns":3},{"damage":1,"enemies":"2 Louse","floor":2,"turns":2},{"damage":2,"enemies":"Jaw Worm","floor":4,"turns":3},{"damage":18,"enemies":"Large Slime","floor":5,"turns":4},{"damage":4,"enemies":"Exordium Wildlife","floor":7,"turns":4},{"damage":0,"enemies":"Exordium Thugs","floor":11,"turns":2},{"damage":1,"enemies":"Looter","floor":12,"turns":2},{"damage":21,"enemies":"The Guardian","floor":16,"turns":7},{"damage":0,"enemies":"Spheric Guardian","floor":18,"turns":3},{"damage":6,"enemies":"Chosen","floor":20,"turns":4},{"damage":35,"enemies":"Book of Stabbing","floor":24,"turns":6},{"damage":39,"enemies":"Slavers","floor":27,"turns":2}],"seed_played":"-8483976029599017642","potions_obtained":[{"floor":1,"key":"SteroidPotion"},{"floor":5,"key":"Energy Potion"},{"floor":11,"key":"SkillPotion"},{"floor":16,"key":"Ancient Potion"},{"floor":18,"key":"Explosive Potion"}],"is_trial":false,"path_per_floor":["M","M","$","M","M","R","M","$","T","?","M","M","R","?","R","B",null,"M","?","M","?","?","R","E","R","T","E"],"character_chosen":"DEFECT","items_purchased":[],"campfire_rested":0,"item_purchase_floors":[],"current_hp_per_floor":[75,74,74,72,54,54,50,50,50,50,50,49,49,49,49,28,75,75,75,69,69,69,69,34,34,34,0],"gold":218,"neow_bonus":"TRANSFORM_TWO_CARDS","is_prod":false,"is_daily":false,"chose_seed":false,"campfire_upgraded":5,"win_rate":0,"timestamp":1557347328,"path_taken":["M","?","$","M","M","R","M","?","T","?","M","M","R","?","R","BOSS","M","?","?","?","?","R","E","R","T","E"],"build_version":"2019-01-23","purchased_purges":2,"victory":false,"max_hp_per_floor":[75,75,75,75,75,75,75,75,75,75,75,75,75,75,75,75,75,75,75,75,75,75,75,75,75,75,75],"card_choices":[{"not_picked":["Compile Driver","Doom and Gloom"],"picked":"Darkness","floor":1},{"not_picked":["Stack","Leap"],"picked":"White Noise","floor":2},{"not_picked":["Capacitor","Sweeping Beam"],"picked":"Doom and Gloom","floor":4},{"not_picked":["Barrage","Go for the Eyes"],"picked":"Leap","floor":5},{"not_picked":["Skim","Barrage"],"picked":"Multi-Cast","floor":7},{"not_picked":["Beam Cell","Stack","Coolheaded"],"picked":"SKIP","floor":11},{"not_picked":["Barrage","Streamline","Tempest"],"picked":"SKIP","floor":12},{"not_picked":["Creative AI","All For One"],"picked":"Echo Form","floor":16},{"not_picked":["Barrage+1"],"picked":"SKIP","floor":18},{"not_picked":["Sweeping Beam"],"picked":"SKIP","floor":20},{"not_picked":["Hologram"],"picked":"SKIP","floor":24}],"player_experience":223651,"relics_obtained":[{"floor":9,"key":"Symbiotic Virus"},{"floor":24,"key":"Darkstone Periapt"},{"floor":26,"key":"Juzu Bracelet"}],"event_choices":[{"damage_healed":0,"gold_gain":30,"player_choice":"Searched \u00272\u0027 times","damage_taken":0,"relics_obtained":["Oddly Smooth Stone"],"max_hp_gain":0,"max_hp_loss":0,"event_name":"Dead Adventurer","floor":10,"gold_loss":0},{"cards_removed":["Defend_B"],"damage_healed":0,"gold_gain":0,"player_choice":"Card Removal","damage_taken":0,"max_hp_gain":0,"max_hp_loss":0,"event_name":"The Cleric","floor":14,"gold_loss":50},{"damage_healed":0,"gold_gain":0,"player_choice":"Gave Potion","damage_taken":0,"relics_obtained":["WingedGreaves"],"max_hp_gain":0,"max_hp_loss":0,"event_name":"WeMeetAgain","floor":19,"gold_loss":0},{"cards_removed":["Strike_B"],"damage_healed":0,"gold_gain":0,"player_choice":"Elegance","damage_taken":0,"max_hp_gain":0,"max_hp_loss":0,"event_name":"Back to Basics","floor":21,"gold_loss":0},{"damage_healed":0,"gold_gain":0,"player_choice":"Opened","damage_taken":0,"relics_obtained":["Calipers"],"max_hp_gain":0,"max_hp_loss":0,"event_name":"The Mausoleum","floor":22,"gold_loss":0,"cards_obtained":["Writhe"]}],"is_beta":false,"boss_relics":[{"not_picked":["Eternal Feather","Empty Cage"],"picked":"Busted Crown"}],"items_purged_floors":[3,8],"is_endless":false,"potions_floor_spawned":[1,5,11,16,18],"killed_by":"Slavers","ascension_level":4}