{"gold_per_floor":[119,294,307,382,382,407,407,421,421,421,23,42,70,70,70,173,173,189,206,131,144,157,157],"floor_reached":23,"playtime":1471,"items_purged":["Regret"],"score":305,"play_id":"0cd3d3b3-f702-44d6-922d-48ed4faa8bc5","local_time":"20190910131643","is_ascension_mode":true,"campfire_choices":[{"data":"Dodge and Roll","floor":7,"key":"SMITH"},{"floor":10,"key":"REST"},{"data":"Setup","floor":15,"key":"SMITH"}],"neow_cost":"NONE","seed_source_timestamp":330799147795300,"circlet_count":0,"master_deck":["Survivor","Neutralize","Poisoned Stab","Dodge and Roll+1","Leg Sweep","Prepared","Leg Sweep","Bouncing Flask","Setup+1","Adrenaline","After Image","Dagger Throw","Infinite Blades","Terror","Masterful Stab","Underhanded Strike","Blur","PiercingWail","Distraction","Skewer","Burst","Flying Knee","Reflex+1","Storm of Steel","Underhanded Strike+1"],"relics":["Ring of the Snake","NeowsBlessing","Kunai","Meat on the Bone","Letter Opener","MealTicket","Bag of Preparation","Pandora\u0027s Box"],"potions_floor_usage":[13,16,16,19,21,23],"damage_taken":[{"damage":0,"enemies":"Cultist","floor":1,"turns":1},{"damage":0,"enemies":"Jaw Worm","floor":3,"turns":1},{"damage":0,"enemies":"Gremlin Nob","floor":6,"turns":1},{"damage":4,"enemies":"Small Slimes","floor":8,"turns":5},{"damage":4,"enemies":"3 Louse","floor":12,"turns":4},{"damage":21,"enemies":"3 Sentries","floor":13,"turns":4},{"damage":11,"enemies":"Hexaghost","floor":16,"turns":10},{"damage":0,"enemies":"Chosen","floor":18,"turns":5},{"damage":0,"enemies":"3 Byrds","floor":19,"turns":5},{"damage":19,"enemies":"Snake Plant","floor":21,"turns":3},{"damage":10,"enemies":"Centurion and Healer","floor":22,"turns":6},{"damage":59,"enemies":"Gremlin Leader","floor":23,"turns":6}],"seed_played":"3726915341800521756","potions_obtained":[{"floor":6,"key":"SkillPotion"},{"floor":13,"key":"Block Potion"},{"floor":14,"key":"Fire Potion"},{"floor":14,"key":"FearPotion"},{"floor":19,"key":"EntropicBrew"},{"floor":22,"key":"Block Potion"}],"is_trial":false,"path_per_floor":["M","?","M","?","?","E","R","M","T","R","$","M","E","?","R","B",null,"M","M","?","M","M","E"],"character_chosen":"THE_SILENT","items_purchased":["MealTicket","Leg Sweep","Bouncing Flask"],"campfire_rested":1,"item_purchase_floors":[11,11,11],"current_hp_per_floor":[63,63,63,52,52,52,52,48,48,69,69,65,44,44,44,45,64,64,64,64,45,47,0],"gold":157,"neow_bonus":"THREE_ENEMY_KILL","is_prod":false,"is_daily":false,"chose_seed":false,"campfire_upgraded":2,"win_rate":0,"timestamp":1568135803,"path_taken":["M","?","M","?","?","E","R","M","T","R","$","M","E","?","R","BOSS","M","?","?","M","M","E"],"build_version":"2019-07-17","purchased_purges":1,"victory":false,"max_hp_per_floor":[70,70,70,70,70,70,70,70,70,70,70,70,70,70,70,70,70,70,70,70,70,70,70],"card_choices":[{"not_picked":["Expertise","Underhanded Strike"],"picked":"Poisoned Stab","floor":1},{"not_picked":["Tactician","Eviscerate"],"picked":"Dodge and Roll","floor":3},{"not_picked":["Bane","Backflip"],"picked":"Leg Sweep","floor":6},{"not_picked":["Catalyst","Backflip"],"picked":"Prepared","floor":8},{"not_picked":["Endless Agony","Eviscerate"],"picked":"Setup","floor":12},{"not_picked":["Cloak And Dagger","Wraith Form v2"],"picked":"Adrenaline","floor":13},{"not_picked":["Wraith Form v2","Grand Finale"],"picked":"After Image","floor":16},{"not_picked":["Backflip","Terror"],"picked":"Flying Knee","floor":18},{"not_picked":["Endless Agony","Quick Slash"],"picked":"Reflex+1","floor":19},{"not_picked":["Sucker Punch","Underhanded Strike"],"picked":"Storm of Steel","floor":21},{"not_picked":["Leg Sweep+1","Dagger Spray+1"],"picked":"Underhanded Strike+1","floor":22}],"player_experience":532974,"relics_obtained":[{"floor":6,"key":"Meat on the Bone"},{"floor":9,"key":"Letter Opener"},{"floor":13,"key":"Bag of Preparation"}],"event_choices":[{"damage_healed":0,"gold_gain":175,"player_choice":"AGREE","damage_taken":0,"max_hp_gain":0,"max_hp_loss":0,"event_name":"Liars Game","floor":2,"gold_loss":0,"cards_obtained":["Doubt"]},{"damage_healed":0,"gold_gain":75,"player_choice":"Gather Gold","damage_taken":11,"max_hp_gain":0,"max_hp_loss":0,"event_name":"World of Goop","floor":4,"gold_loss":0},{"damage_healed":0,"gold_gain":0,"player_choice":"Box","damage_taken":0,"relics_obtained":["Kunai"],"max_hp_gain":0,"max_hp_loss":0,"event_name":"Big Fish","floor":5,"gold_loss":0,"cards_obtained":["Regret"]},{"damage_healed":0,"gold_gain":0,"player_choice":"Got Potions","damage_taken":0,"max_hp_gain":0,"max_hp_loss":0,"event_name":"Lab","floor":14,"gold_loss":0},{"cards_removed":["Doubt"],"damage_healed":0,"gold_gain":0,"player_choice":"Gave Gold","damage_taken":0,"max_hp_gain":0,"max_hp_loss":0,"event_name":"Beggar","floor":20,"gold_loss":75}],"is_beta":false,"boss_relics":[{"not_picked":["Orrery","Sozu"],"picked":"Pandora\u0027s Box"}],"items_purged_floors":[11],"is_endless":false,"potions_floor_spawned":[6,13,19,22],"killed_by":"Gremlin Leader","ascension_level":7}