{"gold_per_floor":[114,114,125,300,311,338,73,73,73,99,99,99,99,109,109,205,205,220,234,248,13,26,51,51,69,69,100,112,112,128,141,141,236,236,256,0,18,18,31,31,61,61,87,87,98,98,116,116,116,116,116,116,43,74,74],"floor_reached":55,"playtime":2816,"items_purged":["Doubt","Strike_B"],"score":1133,"play_id":"e27c046f-84af-4276-8bdb-d093cf195127","local_time":"20190930235035","is_ascension_mode":true,"campfire_choices":[{"floor":8,"key":"REST"},{"floor":11,"key":"REST"},{"data":"Defragment","floor":13,"key":"SMITH"},{"data":"Zap","floor":15,"key":"SMITH"},{"floor":24,"key":"REST"},{"floor":32,"key":"REST"},{"floor":40,"key":"RECALL"},{"data":"Dualcast","floor":46,"key":"SMITH"},{"data":"Hello World","floor":49,"key":"SMITH"},{"data":"Sweeping Beam","floor":52,"key":"SMITH"}],"neow_cost":"NONE","seed_source_timestamp":1141689582026500,"circlet_count":0,"master_deck":["AscendersBane","Strike_B","Defend_B","Defend_B","Defend_B","Defend_B","Zap+1","Dualcast+1","BootSequence","Sweeping Beam+1","Genetic Algorithm","FTL","Defragment+1","Conserve Battery","Lockon","Electrodynamics","Glacier","Cold Snap+1","Steam+1","Discovery+1","FTL+1","Self Repair+1","Capacitor","Defragment+1","Barrage","Echo Form","RitualDagger","Hello World+1","Ball Lightning","Redo+1","Electrodynamics","Storm+1","Beam Cell","Hologram+1","Conserve Battery+1","Chill+1","Cold Snap","Stack","Biased Cognition"],"relics":["FrozenCore","Question Card","PreservedInsect","Ancient Tea Set","Dream Catcher","Blue Candle","Blood Vial","Sozu","Red Mask","Pear","Pantograph","War Paint","Oddly Smooth Stone"],"potions_floor_usage":[6,6,10,16,25,27,31,33],"damage_taken":[{"damage":1,"enemies":"Cultist","floor":1,"turns":3},{"damage":1,"enemies":"2 Louse","floor":3,"turns":3},{"damage":0,"enemies":"Small Slimes","floor":5,"turns":2},{"damage":37,"enemies":"3 Sentries","floor":6,"turns":8},{"damage":31,"enemies":"Lagavulin","floor":10,"turns":4},{"damage":1,"enemies":"Blue Slaver","floor":14,"turns":4},{"damage":58,"enemies":"Hexaghost","floor":16,"turns":10},{"damage":1,"enemies":"Shell Parasite","floor":18,"turns":7},{"damage":18,"enemies":"2 Thieves","floor":19,"turns":4},{"damage":1,"enemies":"Snecko","floor":20,"turns":6},{"damage":6,"enemies":"Chosen and Byrds","floor":22,"turns":6},{"damage":19,"enemies":"Slavers","floor":23,"turns":2},{"damage":25,"enemies":"Snake Plant","floor":25,"turns":5},{"damage":9,"enemies":"Book of Stabbing","floor":27,"turns":6},{"damage":17,"enemies":"Centurion and Healer","floor":28,"turns":5},{"damage":0,"enemies":"Cultist and Chosen","floor":30,"turns":6},{"damage":17,"enemies":"Shelled Parasite and Fungi","floor":31,"turns":5},{"damage":7,"enemies":"Collector","floor":33,"turns":12},{"damage":5,"enemies":"Orb Walker","floor":35,"turns":5},{"damage":8,"enemies":"3 Shapes","floor":37,"turns":3},{"damage":7,"enemies":"Sphere and 2 Shapes","floor":39,"turns":5},{"damage":19,"enemies":"Giant Head","floor":41,"turns":6},{"damage":24,"enemies":"3 Darklings","floor":45,"turns":5},{"damage":14,"enemies":"Maw","floor":47,"turns":7},{"damage":53,"enemies":"Donu and Deca","floor":50,"turns":9},{"damage":75,"enemies":"Shield and Spear","floor":54,"turns":7},{"damage":45,"enemies":"The Heart","floor":55,"turns":2}],"seed_played":"-454678650948284262","potions_obtained":[{"floor":1,"key":"Weak Potion"},{"floor":5,"key":"Weak Potion"},{"floor":6,"key":"AttackPotion"},{"floor":14,"key":"Dexterity Potion"},{"floor":19,"key":"SmokeBomb"},{"floor":25,"key":"PowerPotion"},{"floor":30,"key":"SkillPotion"},{"floor":31,"key":"FocusPotion"}],"is_trial":false,"path_per_floor":["M","?","M","?","M","E","$","R","T","E","R","?","R","M","R","B",null,"M","M","M","$","M","E","R","M","T","E","M","?","M","M","R","B",null,"M","?","M","$","M","R","E","T","T","?","M","R","M","?","R","B",null,"R","$","E","B"],"character_chosen":"DEFECT","items_purchased":["Defragment","PreservedInsect","Discovery","PowerPotion","Cold Snap","Stack"],"campfire_rested":4,"item_purchase_floors":[7,7,21,21,53,53],"current_hp_per_floor":[74,79,78,78,78,41,41,67,67,36,62,62,62,61,61,3,66,65,47,46,46,40,21,47,32,32,33,28,22,44,29,55,70,83,87,87,87,87,80,80,83,83,83,83,81,81,79,79,79,39,79,79,79,6,0],"gold":74,"neow_bonus":"TEN_PERCENT_HP_BONUS","is_prod":false,"is_daily":false,"chose_seed":false,"campfire_upgraded":5,"win_rate":0,"timestamp":1569901835,"path_taken":["M","?","M","?","M","E","$","R","T","E","R","?","R","M","R","BOSS","M","?","M","$","M","E","R","M","T","E","M","?","M","M","R","BOSS","M","?","M","$","M","R","E","?","T","?","M","R","?","?","R","BOSS","R","$","E","BOSS"],"build_version":"2019-07-17","purchased_purges":2,"victory":false,"max_hp_per_floor":[82,87,87,87,87,87,87,87,87,87,87,87,87,87,87,87,87,87,87,87,87,87,87,87,87,87,87,87,87,87,87,87,87,87,87,87,87,87,87,87,97,97,97,92,92,92,92,92,92,92,92,92,92,92,92],"card_choices":[{"not_picked":["Steam","Streamline"],"picked":"BootSequence","floor":1},{"not_picked":["Beam Cell","Stack"],"picked":"Sweeping Beam","floor":3},{"not_picked":["Streamline","Rebound"],"picked":"Genetic Algorithm","floor":5},{"not_picked":["Lockon","Steam Power"],"picked":"FTL","floor":6},{"not_picked":["Hologram","Beam Cell","Rebound"],"picked":"Conserve Battery","floor":10},{"not_picked":["Streamline","Conserve Battery","Barrage"],"picked":"Lockon","floor":14},{"not_picked":["All For One","Seek","Meteor Strike"],"picked":"Electrodynamics","floor":16},{"not_picked":["Reinforced Body+1","Leap+1","Fusion"],"picked":"Glacier","floor":18},{"not_picked":["Turbo","Sweeping Beam","Beam Cell"],"picked":"Cold Snap+1","floor":19},{"not_picked":["Auto Shields+1","Consume","Force Field"],"picked":"Steam+1","floor":20},{"not_picked":["Stack","Heatsinks","Beam Cell"],"picked":"FTL+1","floor":22},{"not_picked":["Hyperbeam","White Noise","Conserve Battery"],"picked":"Self Repair+1","floor":23},{"not_picked":["Coolheaded","Sweeping Beam","Loop"],"picked":"Capacitor","floor":24},{"not_picked":["Ball Lightning","Auto Shields","Capacitor+1"],"picked":"Defragment+1","floor":25},{"not_picked":["Stack","Rip and Tear","Compile Driver"],"picked":"Barrage","floor":27},{"not_picked":["Coolheaded","Beam Cell+1","Barrage"],"picked":"Echo Form","floor":28},{"not_picked":["Aggregate","Stack","Tempest"],"picked":"Hello World","floor":30},{"not_picked":["Auto Shields","Steam Power","FTL"],"picked":"Ball Lightning","floor":31},{"not_picked":["Ball Lightning","Conserve Battery","Streamline+1"],"picked":"Redo+1","floor":32},{"not_picked":["Machine Learning","Thunder Strike","Hyperbeam"],"picked":"Electrodynamics","floor":33},{"not_picked":["Steam+1","Rebound","Turbo"],"picked":"Storm+1","floor":35},{"not_picked":["Genetic Algorithm","Stack","Streamline+1"],"picked":"Beam Cell","floor":37},{"not_picked":["Compile Driver+1","All For One","Redo"],"picked":"Hologram","floor":39},{"not_picked":["Ball Lightning","Gash","Recycle+1"],"picked":"Conserve Battery+1","floor":41},{"not_picked":["Coolheaded","Compile Driver+1","FTL"],"picked":"Chill+1","floor":45},{"not_picked":["Rebound+1","Steam Power+1","Beam Cell","Sweeping Beam"],"picked":"SKIP","floor":47},{"not_picked":["Seek","Scrape+1","Darkness"],"picked":"Biased Cognition","floor":54}],"player_experience":749179,"relics_obtained":[{"floor":6,"key":"Question Card"},{"floor":10,"key":"Ancient Tea Set"},{"floor":23,"key":"Dream Catcher"},{"floor":26,"key":"Blue Candle"},{"floor":27,"key":"Blood Vial"},{"floor":41,"key":"Pear"},{"floor":42,"key":"Pantograph"},{"floor":43,"key":"War Paint"},{"floor":54,"key":"Oddly Smooth Stone"}],"event_choices":[{"damage_healed":0,"gold_gain":0,"player_choice":"Donut","damage_taken":0,"max_hp_gain":5,"max_hp_loss":0,"event_name":"Big Fish","floor":2,"gold_loss":0},{"damage_healed":0,"gold_gain":175,"player_choice":"AGREE","damage_taken":0,"max_hp_gain":0,"max_hp_loss":0,"event_name":"Liars Game","floor":4,"gold_loss":0,"cards_obtained":["Doubt"]},{"cards_removed":["Strike_B"],"damage_healed":0,"gold_gain":0,"player_choice":"Offered Basic","damage_taken":0,"max_hp_gain":0,"max_hp_loss":0,"event_name":"Bonfire Elementals","floor":12,"gold_loss":0},{"damage_healed":0,"gold_gain":0,"player_choice":"Joined the Cult","damage_taken":6,"max_hp_gain":0,"max_hp_loss":0,"event_name":"Nest","floor":29,"gold_loss":0,"cards_obtained":["RitualDagger"]},{"damage_healed":0,"gold_gain":0,"player_choice":"Paid","damage_taken":0,"relics_obtained":["Red Mask"],"max_hp_gain":0,"max_hp_loss":0,"event_name":"Tomb of Lord Red Mask","floor":36,"gold_loss":256},{"damage_healed":0,"gold_gain":0,"player_choice":"Max HP","damage_taken":0,"max_hp_gain":0,"max_hp_loss":5,"event_name":"Winding Halls","floor":44,"gold_loss":0},{"cards_removed":["Strike_B"],"damage_healed":0,"gold_gain":0,"player_choice":"Removed Attack","damage_taken":0,"max_hp_gain":0,"max_hp_loss":0,"event_name":"Falling","floor":48,"gold_loss":0}],"is_beta":false,"boss_relics":[{"not_picked":["Ectoplasm","Fusion Hammer"],"picked":"FrozenCore"},{"not_picked":["White Beast Statue","Snecko Eye"],"picked":"Sozu"}],"items_purged_floors":[7,21],"is_endless":false,"potions_floor_spawned":[1,5,6,14,19,25,30,31,45,47,54],"killed_by":"The Heart","ascension_level":11}