{"gold_per_floor":[112,125,50,50,0,26,26,46,96,109,109,124,139,139,139,242,242,253,273,273,273,291,291,191,225,274,305,317,334,354,372,372,372],"floor_reached":33,"playtime":3726,"items_purged":["Defend_G","Strike_G"],"score":316,"play_id":"da20859e-5ced-42ca-8107-c62e1157bb7d","local_time":"20181201190941","is_ascension_mode":false,"campfire_choices":[{"data":"Terror","floor":11,"key":"SMITH"},{"data":"Neutralize","floor":15,"key":"SMITH"},{"floor":23,"key":"RECALL"},{"floor":32,"key":"REST"}],"neow_cost":"NONE","seed_source_timestamp":3243767638570,"circlet_count":0,"master_deck":["Defend_G","Defend_G","Defend_G","Defend_G","Strike_G","Strike_G","Strike_G","Survivor","Neutralize+1","Cloak And Dagger","Terror+1","Outmaneuver","Acrobatics","Escape Plan","Deadly Poison","Venomology","Distraction","Cloak And Dagger","Outmaneuver+1","Calculated Gamble","Deadly Poison"],"relics":["Ring of the Snake","Pear","Letter Opener","Ninja Scroll","Snake Skull","Fusion Hammer","Pen Nib","Vajra","Paper Crane"],"potions_floor_usage":[12,16,16,16,18,22,22,25,27,28,29,29,30,30,31,33,33,33],"damage_taken":[{"damage":0,"enemies":"Cultist","floor":1,"turns":4},{"damage":0,"enemies":"Small Slimes","floor":2,"turns":4},{"damage":46,"enemies":"Lagavulin","floor":6,"turns":6},{"damage":0,"enemies":"2 Louse","floor":8,"turns":2},{"damage":0,"enemies":"Looter","floor":10,"turns":4},{"damage":0,"enemies":"Gremlin Gang","floor":12,"turns":4},{"damage":0,"enemies":"Exordium Wildlife","floor":13,"turns":4},{"damage":13,"enemies":"Slime Boss","floor":16,"turns":11},{"damage":13,"enemies":"Spheric Guardian","floor":18,"turns":6},{"damage":0,"enemies":"Chosen","floor":19,"turns":3},{"damage":0,"enemies":"Sentry and Sphere","floor":22,"turns":3},{"damage":19,"enemies":"Slavers","floor":25,"turns":5},{"damage":8,"enemies":"Book of Stabbing","floor":27,"turns":6},{"damage":6,"enemies":"Shelled Parasite and Fungi","floor":28,"turns":4},{"damage":4,"enemies":"Cultist and Chosen","floor":29,"turns":5},{"damage":14,"enemies":"Snake Plant","floor":30,"turns":5},{"damage":8,"enemies":"Sentry and Sphere","floor":31,"turns":5},{"damage":57,"enemies":"Champ","floor":33,"turns":10}],"seed_played":"2589655868678932400","potions_obtained":[{"floor":6,"key":"Swift Potion"},{"floor":10,"key":"Strength Potion"},{"floor":12,"key":"GamblersBrew"},{"floor":13,"key":"Energy Potion"},{"floor":16,"key":"Swift Potion"},{"floor":18,"key":"AttackPotion"},{"floor":25,"key":"Weak Potion"},{"floor":27,"key":"GamblersBrew"},{"floor":28,"key":"Poison Potion"},{"floor":31,"key":"Dexterity Potion"}],"is_trial":false,"path_per_floor":["M","M","$","?","?","E","T","M","T","M","R","M","M","?","R","B",null,"M","M","?","?","M","R","$","E","T","E","M","M","M","M","R","B"],"character_chosen":"THE_SILENT","items_purchased":[],"campfire_rested":1,"item_purchase_floors":[],"current_hp_per_floor":[77,77,77,87,87,41,41,41,41,41,41,41,41,34,34,21,87,74,74,74,74,74,74,74,55,55,47,41,37,23,15,41,0],"gold":372,"neow_bonus":"TEN_PERCENT_HP_BONUS","is_prod":false,"is_daily":false,"chose_seed":false,"campfire_upgraded":2,"win_rate":0,"timestamp":1543691381,"path_taken":["M","M","?","?","?","E","?","M","T","M","R","?","M","?","R","BOSS","M","M","?","?","M","R","$","E","T","E","M","M","M","M","R","BOSS"],"build_version":"2018-11-15","purchased_purges":2,"victory":false,"max_hp_per_floor":[77,77,77,87,87,87,87,87,87,87,87,87,87,87,87,87,87,87,87,87,87,87,87,87,87,87,87,87,87,87,87,87,87],"card_choices":[{"not_picked":["Calculated Gamble","Dagger Spray"],"picked":"Cloak And Dagger","floor":1},{"not_picked":["Deflect","PiercingWail"],"picked":"Terror","floor":2},{"not_picked":["Calculated Gamble","Backflip"],"picked":"Outmaneuver","floor":6},{"not_picked":["Slice","Dagger Throw"],"picked":"Acrobatics","floor":8},{"not_picked":["Acrobatics","Deflect","Dagger Spray"],"picked":"SKIP","floor":10},{"not_picked":["Caltrops","Backstab"],"picked":"Escape Plan","floor":12},{"not_picked":["Underhanded Strike","Phantasmal Killer"],"picked":"Deadly Poison","floor":13},{"not_picked":["Die Die Die","Malaise"],"picked":"Venomology","floor":16},{"not_picked":["Backflip+1","Slice+1"],"picked":"Distraction","floor":18},{"not_picked":["Quick Slash+1","Underhanded Strike","Slice"],"picked":"SKIP","floor":19},{"not_picked":["Deflect","Slice+1"],"picked":"Cloak And Dagger","floor":22},{"not_picked":["Wraith Form v2","Eviscerate","Bane"],"picked":"SKIP","floor":25},{"not_picked":["Reflex","Underhanded Strike","Tools of the Trade"],"picked":"SKIP","floor":27},{"not_picked":["Cloak And Dagger","PiercingWail"],"picked":"Outmaneuver+1","floor":28},{"not_picked":["Caltrops","Flechettes+1"],"picked":"Calculated Gamble","floor":29},{"not_picked":["Underhanded Strike","Heel Hook","Dodge and Roll"],"picked":"SKIP","floor":30},{"not_picked":["Dagger Throw","Calculated Gamble"],"picked":"Deadly Poison","floor":31}],"player_experience":173403,"relics_obtained":[{"floor":6,"key":"Letter Opener"},{"floor":7,"key":"Ninja Scroll"},{"floor":9,"key":"Snake Skull"},{"floor":25,"key":"Pen Nib"},{"floor":26,"key":"Vajra"},{"floor":27,"key":"Paper Crane"}],"event_choices":[{"damage_healed":0,"gold_gain":0,"player_choice":"Box","damage_taken":0,"relics_obtained":["Pear"],"max_hp_gain":0,"max_hp_loss":0,"event_name":"Big Fish","floor":4,"gold_loss":0,"cards_obtained":["Regret"]},{"cards_removed":["Regret"],"damage_healed":0,"gold_gain":0,"player_choice":"Card Removal","damage_taken":0,"max_hp_gain":0,"max_hp_loss":0,"event_name":"The Cleric","floor":5,"gold_loss":50},{"cards_removed":["Strike_G"],"damage_healed":0,"gold_gain":0,"player_choice":"Card Removal","damage_taken":7,"max_hp_gain":0,"max_hp_loss":0,"event_name":"Golden Wing","floor":14,"gold_loss":0},{"damage_healed":0,"gold_gain":0,"player_choice":"Ignored","damage_taken":0,"max_hp_gain":0,"max_hp_loss":0,"event_name":"Ghosts","floor":20,"gold_loss":0},{"damage_healed":0,"gold_gain":0,"player_choice":"Ignored","damage_taken":0,"max_hp_gain":0,"max_hp_loss":0,"event_name":"Vampires","floor":21,"gold_loss":0}],"is_beta":true,"boss_relics":[{"not_picked":["Snecko Eye","Sozu"],"picked":"Fusion Hammer"}],"items_purged_floors":[3,24],"is_endless":false,"potions_floor_spawned":[6,10,12,13,16,18,25,27,28,31],"killed_by":"Champ","ascension_level":0}