{"gold_per_floor":[20,20,39,54,28,28,57,57,57,67,78,105,105,105,105,105],"floor_reached":16,"playtime":734,"items_purged":[],"score":199,"play_id":"5ab0fad8-1f00-4a06-9387-3ba98612d460","local_time":"20190915194837","is_ascension_mode":true,"campfire_choices":[{"floor":6,"key":"REST"},{"floor":8,"key":"REST"},{"floor":15,"key":"REST"}],"neow_cost":"NO_GOLD","seed_source_timestamp":264816442497800,"circlet_count":0,"master_deck":["AscendersBane","Strike_R","Strike_R","Strike_R","Strike_R","Strike_R","Defend_R","Defend_R","Defend_R","Defend_R","Bash","Feed+1","Feel No Pain","Clash","Pummel","Warcry","Clash","Pommel Strike","Heavy Blade","Sentinel","Regret"],"relics":["Burning Blood","Matryoshka","Ancient Tea Set","Art of War","Paper Frog","Anchor"],"potions_floor_usage":[3,11,12],"damage_taken":[{"damage":7,"enemies":"Jaw Worm","floor":1,"turns":3},{"damage":2,"enemies":"2 Louse","floor":3,"turns":4},{"damage":3,"enemies":"Small Slimes","floor":4,"turns":4},{"damage":41,"enemies":"Exordium Thugs","floor":5,"turns":5},{"damage":42,"enemies":"3 Sentries","floor":7,"turns":13},{"damage":21,"enemies":"Blue Slaver","floor":10,"turns":6},{"damage":10,"enemies":"Gremlin Gang","floor":11,"turns":3},{"damage":25,"enemies":"Lagavulin","floor":12,"turns":5},{"damage":73,"enemies":"Hexaghost","floor":16,"turns":9}],"seed_played":"5521929526313278776","potions_obtained":[{"floor":1,"key":"EssenceOfSteel"},{"floor":7,"key":"Fire Potion"},{"floor":11,"key":"Weak Potion"}],"is_trial":false,"path_per_floor":["M","?","M","M","M","R","E","R","T","M","M","E","?","?","R","B"],"character_chosen":"IRONCLAD","items_purchased":[],"campfire_rested":3,"item_purchase_floors":[],"current_hp_per_floor":[74,74,82,89,54,81,49,77,77,66,66,47,40,40,70,0],"gold":105,"neow_bonus":"THREE_RARE_CARDS","is_prod":false,"is_daily":false,"chose_seed":false,"campfire_upgraded":0,"win_rate":0,"timestamp":1568591317,"path_taken":["M","?","M","M","M","R","E","R","T","M","M","E","?","?","R","BOSS"],"build_version":"2019-07-17","purchased_purges":0,"victory":false,"max_hp_per_floor":[83,83,87,91,91,91,95,95,95,99,103,103,103,103,103,103],"card_choices":[{"not_picked":["Impervious","Dark Embrace"],"picked":"Feed","floor":0},{"not_picked":["Rage","Havoc"],"picked":"Feel No Pain","floor":1},{"not_picked":["Rampage","Perfected Strike"],"picked":"Clash","floor":3},{"not_picked":["Sword Boomerang","True Grit"],"picked":"Pummel","floor":4},{"not_picked":["Armaments","Pommel Strike"],"picked":"Warcry","floor":5},{"not_picked":["Clothesline","Fire Breathing"],"picked":"Clash","floor":7},{"not_picked":["Armaments","Sever Soul"],"picked":"Pommel Strike","floor":10},{"not_picked":["Wild Strike","Body Slam"],"picked":"Heavy Blade","floor":11},{"not_picked":["Sword Boomerang","Warcry"],"picked":"Sentinel","floor":12}],"player_experience":641544,"relics_obtained":[{"floor":7,"key":"Matryoshka"},{"floor":9,"key":"Ancient Tea Set"},{"floor":12,"key":"Art of War"}],"event_choices":[{"damage_healed":0,"gold_gain":0,"player_choice":"Grow","damage_taken":0,"max_hp_gain":0,"max_hp_loss":0,"event_name":"Living Wall","floor":2,"gold_loss":0,"cards_upgraded":["Feed"]},{"damage_healed":0,"gold_gain":0,"player_choice":"Success","damage_taken":7,"relics_obtained":["Paper Frog"],"max_hp_gain":0,"max_hp_loss":0,"event_name":"Scrap Ooze","floor":13,"gold_loss":0},{"damage_healed":0,"gold_gain":0,"player_choice":"Box","damage_taken":0,"relics_obtained":["Anchor"],"max_hp_gain":0,"max_hp_loss":0,"event_name":"Big Fish","floor":14,"gold_loss":0,"cards_obtained":["Regret"]}],"is_beta":false,"boss_relics":[],"items_purged_floors":[],"is_endless":false,"potions_floor_spawned":[1,7,11],"killed_by":"Hexaghost","ascension_level":11}