{"gold_per_floor":[117,132,144,144,155,181,106,106,106,134,153,180,180,200,200,200],"floor_reached":16,"playtime":969,"items_purged":["Regret"],"score":122,"play_id":"add8d99c-5a40-4f88-8bae-44785077e2c1","local_time":"20181124201513","is_ascension_mode":false,"campfire_choices":[{"floor":13,"key":"RECALL"},{"data":"Body Slam","floor":15,"key":"SMITH"}],"neow_cost":"NONE","seed_source_timestamp":263186291063269,"circlet_count":0,"master_deck":["Strike_R","Strike_R","Strike_R","Strike_R","Strike_R+1","Defend_R+1","Defend_R","Defend_R","Defend_R","Bash","Body Slam+1","Hemokinesis","Bloodletting","Ghostly Armor","Feed","Havoc","Body Slam","Fire Breathing","Seeing Red","Rupture"],"relics":["Burning Blood","Bronze Scales","Oddly Smooth Stone","Kunai","StoneCalendar","Prayer Wheel"],"potions_floor_usage":[3,6,10,12],"damage_taken":[{"damage":0,"enemies":"2 Louse","floor":1,"turns":2},{"damage":5,"enemies":"Small Slimes","floor":2,"turns":3},{"damage":4,"enemies":"Jaw Worm","floor":3,"turns":3},{"damage":9,"enemies":"3 Louse","floor":5,"turns":3},{"damage":32,"enemies":"Lagavulin","floor":6,"turns":7},{"damage":20,"enemies":"Gremlin Nob","floor":10,"turns":3},{"damage":6,"enemies":"Exordium Wildlife","floor":11,"turns":7},{"damage":18,"enemies":"3 Sentries","floor":12,"turns":6},{"damage":4,"enemies":"Large Slime","floor":14,"turns":5},{"damage":18,"enemies":"The Guardian","floor":16,"turns":4}],"seed_played":"4476582398496180551","potions_obtained":[{"floor":2,"key":"Swift Potion"},{"floor":5,"key":"FearPotion"},{"floor":6,"key":"Fire Potion"},{"floor":11,"key":"Fire Potion"}],"is_trial":false,"path_per_floor":["M","M","M","?","M","E","$","?","T","E","M","E","R","M","R","B"],"character_chosen":"IRONCLAD","items_purchased":[],"campfire_rested":0,"item_purchase_floors":[],"current_hp_per_floor":[80,80,80,80,77,51,51,35,35,21,21,12,12,14,14,0],"gold":200,"neow_bonus":"RANDOM_COMMON_RELIC","is_prod":false,"is_daily":false,"chose_seed":false,"campfire_upgraded":1,"win_rate":0,"timestamp":1543090513,"path_taken":["M","M","M","?","M","E","$","?","T","E","?","E","R","M","R","BOSS"],"build_version":"2018-11-15","purchased_purges":1,"victory":false,"max_hp_per_floor":[80,80,80,80,80,80,80,80,80,80,80,83,83,83,83,83],"card_choices":[{"not_picked":["Twin Strike","Dropkick"],"picked":"Body Slam","floor":1},{"not_picked":["Clothesline","Clash"],"picked":"Hemokinesis","floor":2},{"not_picked":["Headbutt","Twin Strike"],"picked":"Bloodletting","floor":3},{"not_picked":["Armaments","Headbutt"],"picked":"Ghostly Armor","floor":5},{"not_picked":["Seeing Red","Burning Pact"],"picked":"Feed","floor":6},{"not_picked":["Dropkick","Clash"],"picked":"Havoc","floor":10},{"not_picked":["Iron Wave","Clothesline"],"picked":"Body Slam","floor":11},{"not_picked":["Sever Soul","Pommel Strike"],"picked":"Fire Breathing","floor":12},{"not_picked":["Headbutt","Sword Boomerang"],"picked":"Seeing Red","floor":14},{"not_picked":["Thunderclap","Clash"],"picked":"Rupture","floor":14}],"player_experience":93140,"relics_obtained":[{"floor":6,"key":"Kunai"},{"floor":10,"key":"StoneCalendar"},{"floor":12,"key":"Prayer Wheel"}],"event_choices":[{"damage_healed":0,"gold_gain":0,"player_choice":"Box","damage_taken":0,"relics_obtained":["Oddly Smooth Stone"],"max_hp_gain":0,"max_hp_loss":0,"event_name":"Big Fish","floor":4,"gold_loss":0,"cards_obtained":["Regret"]},{"damage_healed":0,"gold_gain":0,"player_choice":"Entered Light","damage_taken":16,"max_hp_gain":0,"max_hp_loss":0,"event_name":"Shining Light","floor":8,"gold_loss":0,"cards_upgraded":["Defend_R","Strike_R"]}],"is_beta":true,"boss_relics":[],"items_purged_floors":[7],"is_endless":false,"potions_floor_spawned":[2,5,6,11],"killed_by":"The Guardian","ascension_level":0}