{"gold_per_floor":[119,136,153,62,72,102,121,132,207,235,252,272,272,306,306,405,405,421,389,402,415,431,431,444,444],"floor_reached":25,"playtime":2206,"items_purged":[],"score":413,"play_id":"39a808be-e912-4253-8325-be95853dde49","local_time":"20191002175802","is_ascension_mode":true,"campfire_choices":[{"floor":13,"key":"REST"},{"floor":15,"key":"REST"},{"floor":23,"key":"REST"}],"neow_cost":"NONE","seed_source_timestamp":1293950218086200,"circlet_count":0,"master_deck":["AscendersBane","Strike_R","Strike_R","Strike_R","Strike_R","Strike_R","Defend_R","Defend_R","Defend_R","Defend_R","Bash","Havoc","Perfected Strike","Armaments","Metallicize","Shrug It Off","Ghostly Armor","Ghostly Armor","Feel No Pain","Ghostly Armor","Rage","Intimidate","Burning Pact","Barricade","Reaper","Warcry","Feel No Pain","Entrench","Shrug It Off+1","Pommel Strike"],"relics":["Burning Blood","NeowsBlessing","Pen Nib","Matryoshka","Dead Branch","Ginger","White Beast Statue"],"potions_floor_usage":[6,6,16,18,18,20,20,21,22,24,25],"damage_taken":[{"damage":0,"enemies":"Small Slimes","floor":1,"turns":1},{"damage":0,"enemies":"Cultist","floor":2,"turns":1},{"damage":0,"enemies":"Jaw Worm","floor":3,"turns":1},{"damage":9,"enemies":"3 Louse","floor":5,"turns":5},{"damage":26,"enemies":"Gremlin Nob","floor":6,"turns":4},{"damage":0,"enemies":"Large Slime","floor":7,"turns":8},{"damage":9,"enemies":"Red Slaver","floor":8,"turns":5},{"damage":25,"enemies":"3 Sentries","floor":10,"turns":20},{"damage":7,"enemies":"Exordium Wildlife","floor":11,"turns":8},{"damage":3,"enemies":"Looter","floor":12,"turns":3},{"damage":27,"enemies":"Gremlin Nob","floor":14,"turns":5},{"damage":25,"enemies":"The Guardian","floor":16,"turns":8},{"damage":17,"enemies":"Spheric Guardian","floor":18,"turns":10},{"damage":29,"enemies":"2 Thieves","floor":19,"turns":5},{"damage":25,"enemies":"Centurion and Healer","floor":20,"turns":16},{"damage":32,"enemies":"Shelled Parasite and Fungi","floor":21,"turns":14},{"damage":7,"enemies":"Cultist and Chosen","floor":22,"turns":8},{"damage":30,"enemies":"Snake Plant","floor":24,"turns":11},{"damage":59,"enemies":"Gremlin Leader","floor":25,"turns":4}],"seed_played":"5698878910784201724","potions_obtained":[{"floor":1,"key":"Strength Potion"},{"floor":2,"key":"Strength Potion"},{"floor":12,"key":"LiquidBronze"},{"floor":14,"key":"Explosive Potion"},{"floor":16,"key":"BloodPotion"},{"floor":18,"key":"FearPotion"},{"floor":19,"key":"Block Potion"},{"floor":20,"key":"EssenceOfSteel"},{"floor":21,"key":"Ancient Potion"},{"floor":22,"key":"Regen Potion"},{"floor":24,"key":"Weak Potion"}],"is_trial":false,"path_per_floor":["M","M","M","$","M","E","M","M","T","E","M","M","R","E","R","B",null,"M","M","M","M","M","R","M","E"],"character_chosen":"IRONCLAD","items_purchased":["Metallicize","Shrug It Off"],"campfire_rested":3,"item_purchase_floors":[4,4],"current_hp_per_floor":[78,80,80,80,77,57,63,60,60,41,40,43,67,46,70,51,73,80,57,48,27,26,50,42,0],"gold":444,"neow_bonus":"THREE_ENEMY_KILL","is_prod":false,"is_daily":false,"chose_seed":false,"campfire_upgraded":0,"win_rate":0,"timestamp":1570053482,"path_taken":["M","M","M","$","M","E","M","M","T","E","M","M","R","E","R","BOSS","M","M","M","M","M","R","M","E"],"build_version":"2019-07-17","purchased_purges":0,"victory":false,"max_hp_per_floor":[80,80,80,80,80,80,80,80,80,80,80,80,80,80,80,80,80,80,80,80,80,80,80,80,80],"card_choices":[{"not_picked":["Whirlwind","Feel No Pain"],"picked":"Havoc","floor":1},{"not_picked":["Flex","Clash"],"picked":"Perfected Strike","floor":2},{"not_picked":["Bloodletting","Heavy Blade"],"picked":"Armaments","floor":3},{"not_picked":["Rupture","Clothesline"],"picked":"Ghostly Armor","floor":5},{"not_picked":["Power Through","Heavy Blade"],"picked":"Ghostly Armor","floor":6},{"not_picked":["Combust","Armaments"],"picked":"Feel No Pain","floor":7},{"not_picked":["Dropkick","Blood for Blood"],"picked":"Ghostly Armor","floor":8},{"not_picked":["Anger","Thunderclap"],"picked":"Rage","floor":10},{"not_picked":["Anger","Cleave"],"picked":"Intimidate","floor":11},{"not_picked":["Blood for Blood","Flex"],"picked":"Burning Pact","floor":12},{"not_picked":["Bloodletting","Battle Trance"],"picked":"Barricade","floor":14},{"not_picked":["Berserk","Double Tap"],"picked":"Reaper","floor":16},{"not_picked":["Flex","Iron Wave"],"picked":"Warcry","floor":18},{"not_picked":["Heavy Blade","Searing Blow"],"picked":"Feel No Pain","floor":19},{"not_picked":["True Grit+1","Armaments"],"picked":"Entrench","floor":20},{"not_picked":["Whirlwind","Clash","Headbutt+1"],"picked":"SKIP","floor":21},{"not_picked":["Dropkick","Intimidate"],"picked":"Shrug It Off+1","floor":22},{"not_picked":["Heavy Blade","Wild Strike"],"picked":"Pommel Strike","floor":24}],"player_experience":773258,"relics_obtained":[{"floor":6,"key":"Pen Nib"},{"floor":9,"key":"Matryoshka"},{"floor":10,"key":"Dead Branch"},{"floor":14,"key":"Ginger"}],"event_choices":[],"is_beta":false,"boss_relics":[{"not_picked":["Astrolabe","Orrery"],"picked":"White Beast Statue"}],"items_purged_floors":[],"is_endless":false,"potions_floor_spawned":[1,2,5,12,14,16,18,19,20,21,22,24],"killed_by":"Gremlin Leader","ascension_level":12}