{"gold_per_floor":[110,35,35,52,70,70,87,87,113,127,159,159,159,109,109,229,229,242,242,266,280,280,280,314,314],"floor_reached":25,"playtime":1280,"items_purged":["Defend_G"],"score":287,"play_id":"29b91594-ae64-433b-90a9-a5e4fa61fa49","local_time":"20190920183658","is_ascension_mode":true,"campfire_choices":[{"data":"Neutralize","floor":6,"key":"SMITH"},{"data":"Corpse Explosion","floor":8,"key":"SMITH"},{"data":"Dagger Throw","floor":12,"key":"SMITH"},{"floor":15,"key":"REST"},{"floor":23,"key":"REST"}],"neow_cost":"NONE","seed_source_timestamp":109557539177200,"circlet_count":0,"master_deck":["Strike_G","Strike_G","Strike_G","Defend_G","Defend_G+1","Survivor+1","Neutralize+1","Reflex","Masterful Stab","PiercingWail","Corpse Explosion+1","Dagger Throw+1","A Thousand Cuts","Catalyst+1","Sucker Punch+1","PiercingWail+1","Tactician"],"relics":["Empty Cage","Omamori","War Paint","Golden Idol","Velvet Choker","GremlinMask","Nilry\u0027s Codex","Letter Opener"],"potions_floor_usage":[11],"damage_taken":[{"damage":6,"enemies":"Jaw Worm","floor":1,"turns":6},{"damage":3,"enemies":"2 Louse","floor":4,"turns":3},{"damage":0,"enemies":"Small Slimes","floor":5,"turns":4},{"damage":0,"enemies":"Gremlin Gang","floor":7,"turns":3},{"damage":16,"enemies":"Large Slime","floor":10,"turns":7},{"damage":20,"enemies":"Lagavulin","floor":11,"turns":5},{"damage":6,"enemies":"Hexaghost","floor":16,"turns":8},{"damage":6,"enemies":"Shell Parasite","floor":18,"turns":5},{"damage":13,"enemies":"Spheric Guardian","floor":20,"turns":5},{"damage":16,"enemies":"3 Cultists","floor":21,"turns":3},{"damage":18,"enemies":"Book of Stabbing","floor":24,"turns":6},{"damage":13,"enemies":"Snake Plant","floor":25,"turns":1}],"seed_played":"-6899275679565619227","potions_obtained":[{"floor":5,"key":"SmokeBomb"},{"floor":10,"key":"SkillPotion"},{"floor":16,"key":"SteroidPotion"}],"is_trial":false,"path_per_floor":["M","$","?","M","M","R","M","R","T","M","E","R","?","?","R","B",null,"M","?","M","M","?","R","E","M"],"character_chosen":"THE_SILENT","items_purchased":[],"campfire_rested":2,"item_purchase_floors":[],"current_hp_per_floor":[57,57,57,54,54,54,54,54,54,38,18,18,1,1,22,16,57,51,51,38,22,6,27,9,0],"gold":314,"neow_bonus":"BOSS_RELIC","is_prod":false,"is_daily":false,"chose_seed":false,"campfire_upgraded":3,"win_rate":0,"timestamp":1569001018,"path_taken":["M","$","?","M","M","R","M","R","T","M","E","R","?","?","R","BOSS","M","?","?","?","?","R","E","M"],"build_version":"2019-07-17","purchased_purges":1,"victory":false,"max_hp_per_floor":[70,70,70,70,70,70,70,70,70,70,70,70,70,70,70,70,70,70,70,70,70,70,70,70,70],"card_choices":[{"not_picked":["Backflip","Prepared"],"picked":"Reflex","floor":1},{"not_picked":["Flechettes","Slice"],"picked":"Masterful Stab","floor":4},{"not_picked":["Blur","Slice"],"picked":"PiercingWail","floor":5},{"not_picked":["Poisoned Stab","Dodge and Roll"],"picked":"Corpse Explosion","floor":7},{"not_picked":["Acrobatics","Blur","Predator"],"picked":"SKIP","floor":10},{"not_picked":["Poisoned Stab","Blur"],"picked":"Dagger Throw","floor":11},{"not_picked":["Wraith Form v2","Phantasmal Killer"],"picked":"A Thousand Cuts","floor":16},{"not_picked":["Prepared","Distraction"],"picked":"Catalyst+1","floor":18},{"not_picked":["Outmaneuver+1","Concentrate"],"picked":"Sucker Punch+1","floor":20},{"not_picked":["Reflex","Cloak And Dagger"],"picked":"PiercingWail+1","floor":21},{"not_picked":["Prepared","Backflip"],"picked":"Tactician","floor":24}],"player_experience":358740,"relics_obtained":[{"floor":9,"key":"Omamori"},{"floor":11,"key":"War Paint"},{"floor":22,"key":"Nilry\u0027s Codex"},{"floor":24,"key":"Letter Opener"}],"event_choices":[{"cards_removed":["Strike_G"],"damage_healed":0,"gold_gain":0,"player_choice":"Forget","damage_taken":0,"max_hp_gain":0,"max_hp_loss":0,"event_name":"Living Wall","floor":3,"gold_loss":0},{"damage_healed":0,"gold_gain":0,"player_choice":"Take Damage","damage_taken":17,"relics_obtained":["Golden Idol"],"max_hp_gain":0,"max_hp_loss":0,"event_name":"Golden Idol","floor":13,"gold_loss":0},{"cards_removed":["Strike_G"],"damage_healed":0,"gold_gain":0,"player_choice":"Card Removal","damage_taken":0,"max_hp_gain":0,"max_hp_loss":0,"event_name":"The Cleric","floor":14,"gold_loss":50},{"damage_healed":0,"gold_gain":0,"player_choice":"Trade","damage_taken":0,"relics_obtained":["GremlinMask"],"max_hp_gain":0,"max_hp_loss":0,"event_name":"FaceTrader","floor":19,"gold_loss":0},{"damage_healed":0,"gold_gain":0,"player_choice":"Obtained Book","damage_taken":16,"max_hp_gain":0,"max_hp_loss":0,"event_name":"Cursed Tome","floor":22,"gold_loss":0}],"is_beta":false,"boss_relics":[{"not_picked":["Orrery","White Beast Statue"],"picked":"Velvet Choker"}],"items_purged_floors":[2],"is_endless":false,"potions_floor_spawned":[5,10,16],"killed_by":"Snake Plant","ascension_level":6}