{"gold_per_floor":[13,13,0,0,15,53,74,74,97,116,116,116,18,72,72,72],"floor_reached":16,"playtime":612,"items_purged":["Strike_G"],"score":147,"play_id":"eb5019e0-3da8-4ea4-b5fb-bfd0f2ac4764","local_time":"20190921003654","is_ascension_mode":true,"campfire_choices":[{"floor":8,"key":"REST"},{"data":"Skewer","floor":11,"key":"SMITH"},{"floor":15,"key":"REST"}],"neow_cost":"NO_GOLD","seed_source_timestamp":28640214094226,"circlet_count":0,"master_deck":["AscendersBane","Strike_G","Strike_G","Strike_G","Strike_G","Defend_G","Defend_G","Defend_G","Defend_G","Defend_G","Survivor","Neutralize","Adrenaline+1","Quick Slash","Deflect","Skewer+1","Dagger Spray","Dagger Throw"],"relics":["Ring of the Snake","Golden Idol","Juzu Bracelet","Snake Skull"],"potions_floor_usage":[10],"damage_taken":[{"damage":0,"enemies":"Cultist","floor":1,"turns":4},{"damage":0,"enemies":"2 Louse","floor":5,"turns":2},{"damage":39,"enemies":"3 Sentries","floor":6,"turns":15},{"damage":6,"enemies":"Jaw Worm","floor":7,"turns":6},{"damage":13,"enemies":"Exordium Wildlife","floor":10,"turns":9},{"damage":36,"enemies":"The Guardian","floor":16,"turns":2}],"seed_played":"-1727197970083532115","potions_obtained":[{"floor":5,"key":"SpeedPotion"},{"floor":6,"key":"Energy Potion"}],"is_trial":false,"path_per_floor":["M","?","?","?","M","E","M","R","T","M","R","?","$","?","R","B"],"character_chosen":"THE_SILENT","items_purchased":["Dagger Throw"],"campfire_rested":2,"item_purchase_floors":[13],"current_hp_per_floor":[63,63,63,46,46,7,1,22,22,9,9,2,2,2,23,0],"gold":72,"neow_bonus":"THREE_RARE_CARDS","is_prod":false,"is_daily":false,"chose_seed":false,"campfire_upgraded":1,"win_rate":0,"timestamp":1569019014,"path_taken":["M","?","?","?","M","E","M","R","T","M","R","?","$","?","R","BOSS"],"build_version":"2019-07-17","purchased_purges":1,"victory":false,"max_hp_per_floor":[70,70,70,70,70,70,70,70,70,70,70,70,70,70,70,70],"card_choices":[{"not_picked":["Unload","After Image"],"picked":"Adrenaline","floor":0},{"not_picked":["Bouncing Flask","Expertise"],"picked":"Quick Slash","floor":1},{"not_picked":["Underhanded Strike","Blade Dance"],"picked":"Deflect","floor":5},{"not_picked":["Underhanded Strike","Outmaneuver","Noxious Fumes"],"picked":"SKIP","floor":6},{"not_picked":["Well Laid Plans","Escape Plan"],"picked":"Skewer","floor":7},{"not_picked":["Sucker Punch","Flying Knee"],"picked":"Dagger Spray","floor":10}],"player_experience":395328,"relics_obtained":[{"floor":6,"key":"Juzu Bracelet"},{"floor":9,"key":"Snake Skull"}],"event_choices":[{"damage_healed":0,"gold_gain":0,"player_choice":"Grow","damage_taken":0,"max_hp_gain":0,"max_hp_loss":0,"event_name":"Living Wall","floor":2,"gold_loss":0,"cards_upgraded":["Adrenaline"]},{"damage_healed":0,"gold_gain":0,"player_choice":"Left Gold","damage_taken":0,"max_hp_gain":0,"max_hp_loss":0,"event_name":"World of Goop","floor":3,"gold_loss":13},{"damage_healed":0,"gold_gain":0,"player_choice":"Take Damage","damage_taken":17,"relics_obtained":["Golden Idol"],"max_hp_gain":0,"max_hp_loss":0,"event_name":"Golden Idol","floor":4,"gold_loss":0},{"damage_healed":0,"gold_gain":0,"player_choice":"Fled","damage_taken":7,"max_hp_gain":0,"max_hp_loss":0,"event_name":"Scrap Ooze","floor":12,"gold_loss":0},{"damage_healed":0,"gold_gain":54,"player_choice":"Gained Gold","damage_taken":0,"max_hp_gain":0,"max_hp_loss":0,"event_name":"Golden Wing","floor":14,"gold_loss":0}],"is_beta":false,"boss_relics":[],"items_purged_floors":[13],"is_endless":false,"potions_floor_spawned":[5,6],"killed_by":"The Guardian","ascension_level":10}