{"gold_per_floor":[116,116,66,141,241,276,276,295,295,309,339,359,50,69,69,164,164,178,178,197,276,189,189,206,220,220,220],"floor_reached":27,"playtime":2251,"items_purged":[],"score":335,"play_id":"5853c677-a406-46d8-b93c-513f997852e5","local_time":"20190102132021","is_ascension_mode":true,"campfire_choices":[{"data":"Headbutt","floor":7,"key":"SMITH"},{"data":"Armaments","floor":15,"key":"SMITH"},{"floor":23,"key":"REST"}],"neow_cost":"NONE","seed_source_timestamp":55954221253799,"circlet_count":0,"master_deck":["Strike_R","Strike_R","Strike_R","Strike_R","Defend_R","Defend_R","Defend_R","Defend_R","Bash","Heavy Blade","Headbutt+1","Rupture","Power Through","True Grit","Pommel Strike","Armaments+1","Offering","Second Wind","Intimidate+1","Inflame","Havoc","Wild Strike+1","Metallicize","Impervious"],"relics":["Burning Blood","NeowsBlessing","Dream Catcher","Sundial","Dead Branch","Mark of Pain","Question Card","Darkstone Periapt"],"potions_floor_usage":[11,11,12,16,25],"damage_taken":[{"damage":0,"enemies":"2 Louse","floor":1,"turns":1},{"damage":0,"enemies":"Gremlin Nob","floor":6,"turns":1},{"damage":0,"enemies":"Small Slimes","floor":8,"turns":1},{"damage":10,"enemies":"Cultist","floor":10,"turns":4},{"damage":37,"enemies":"Lagavulin","floor":11,"turns":7},{"damage":6,"enemies":"Exordium Wildlife","floor":12,"turns":4},{"damage":14,"enemies":"Exordium Thugs","floor":14,"turns":6},{"damage":31,"enemies":"Slime Boss","floor":16,"turns":15},{"damage":12,"enemies":"Spheric Guardian","floor":18,"turns":4},{"damage":12,"enemies":"3 Byrds","floor":20,"turns":7},{"damage":39,"enemies":"Shelled Parasite and Fungi","floor":24,"turns":3},{"damage":19,"enemies":"Centurion and Healer","floor":25,"turns":9},{"damage":24,"enemies":"Book of Stabbing","floor":27,"turns":5}],"seed_played":"-6296092047838315537","potions_obtained":[{"floor":6,"key":"Weak Potion"},{"floor":10,"key":"FearPotion"},{"floor":12,"key":"Fruit Juice"},{"floor":14,"key":"Fire Potion"},{"floor":24,"key":"SpeedPotion"}],"is_trial":false,"path_per_floor":["M","?","?","?","?","E","R","M","T","M","E","M","$","M","R","B",null,"M","?","M","T","$","R","M","M","T","E"],"character_chosen":"IRONCLAD","items_purchased":["Dead Branch","Inflame","Havoc"],"campfire_rested":1,"item_purchase_floors":[13,22,22],"current_hp_per_floor":[78,78,78,67,67,73,73,79,79,75,44,49,49,41,41,16,68,62,46,40,40,40,67,34,21,21,0],"gold":220,"neow_bonus":"THREE_ENEMY_KILL","is_prod":false,"is_daily":false,"chose_seed":false,"campfire_upgraded":2,"win_rate":0,"timestamp":1546453221,"path_taken":["M","?","?","?","?","E","R","M","T","?","E","M","$","M","R","BOSS","M","?","M","?","$","R","M","?","T","E"],"build_version":"2018-12-20","purchased_purges":0,"victory":false,"max_hp_per_floor":[80,80,80,80,80,80,80,80,80,80,80,85,85,85,85,85,85,85,90,90,90,90,90,90,90,90,90],"card_choices":[{"not_picked":["Flex","Body Slam"],"picked":"Heavy Blade","floor":1},{"not_picked":["Iron Wave","Power Through"],"picked":"Headbutt","floor":6},{"not_picked":["Iron Wave","Reckless Charge"],"picked":"Rupture","floor":8},{"not_picked":["Heavy Blade","Body Slam"],"picked":"Power Through","floor":10},{"not_picked":["Burning Pact","Uppercut"],"picked":"True Grit","floor":11},{"not_picked":["Power Through","Juggernaut"],"picked":"Pommel Strike","floor":12},{"not_picked":["Heavy Blade","Inflame"],"picked":"Armaments","floor":14},{"not_picked":["Double Tap","Berserk"],"picked":"Offering","floor":16},{"not_picked":["Body Slam","Heavy Blade"],"picked":"Second Wind","floor":18},{"not_picked":["Warcry+1","Perfected Strike+1"],"picked":"Intimidate+1","floor":20},{"not_picked":["Heavy Blade+1","Disarm","Hemokinesis"],"picked":"Wild Strike+1","floor":23},{"not_picked":["Battle Trance","Perfected Strike","Flex+1"],"picked":"Metallicize","floor":24},{"not_picked":["Warcry+1","Thunderclap+1","Wild Strike"],"picked":"Impervious","floor":25}],"player_experience":320825,"relics_obtained":[{"floor":6,"key":"Dream Catcher"},{"floor":11,"key":"Sundial"},{"floor":21,"key":"Question Card"},{"floor":26,"key":"Darkstone Periapt"}],"event_choices":[{"damage_healed":0,"gold_gain":0,"player_choice":"Ignored","damage_taken":0,"max_hp_gain":0,"max_hp_loss":0,"event_name":"Liars Game","floor":2,"gold_loss":0},{"cards_removed":["Strike_R"],"damage_healed":0,"gold_gain":0,"player_choice":"Card Removal","damage_taken":0,"max_hp_gain":0,"max_hp_loss":0,"event_name":"The Cleric","floor":3,"gold_loss":50},{"damage_healed":0,"gold_gain":75,"player_choice":"Gather Gold","damage_taken":11,"max_hp_gain":0,"max_hp_loss":0,"event_name":"World of Goop","floor":4,"gold_loss":0},{"damage_healed":0,"gold_gain":100,"player_choice":"Pray","damage_taken":0,"max_hp_gain":0,"max_hp_loss":0,"event_name":"Golden Shrine","floor":5,"gold_loss":0},{"damage_healed":0,"gold_gain":0,"player_choice":"Shed Blood","damage_taken":21,"max_hp_gain":5,"max_hp_loss":0,"event_name":"Forgotten Altar","floor":19,"gold_loss":0}],"is_beta":false,"boss_relics":[{"not_picked":["Velvet Choker","Runic Dome"],"picked":"Mark of Pain"}],"items_purged_floors":[],"is_endless":false,"potions_floor_spawned":[6,10,12,14,24],"killed_by":"Book of Stabbing","ascension_level":7}