{"gold_per_floor":[19,39,39,214,214,244,244,259,259,273,286,304,206,237,237,336,336,316,334,52,52,52,52,31,31,31,61,61,61,90,100,100,100],"floor_reached":33,"playtime":1313,"items_purged":["Defend_R"],"score":454,"play_id":"fbc43489-7ee6-4b15-a666-b8f3dda41b2c","local_time":"20190907171502","is_ascension_mode":true,"campfire_choices":[{"floor":7,"key":"REST"},{"floor":15,"key":"REST"},{"floor":23,"key":"REST"},{"data":"Infernal Blade","floor":28,"key":"SMITH"},{"floor":32,"key":"REST"}],"neow_cost":"NO_GOLD","seed_source_timestamp":86052465455500,"circlet_count":0,"master_deck":["Strike_R","Strike_R","Strike_R+1","Strike_R","Strike_R","Defend_R","Defend_R+1","Defend_R","Bash","Clash","Clothesline","Flex","Metallicize","Havoc","Thunderclap","Infernal Blade+1","Flex","Battle Trance+1","Heavy Blade","Spot Weakness","Ghostly","Ghostly","Ghostly","Ghostly","Ghostly","Flex","Shame","Battle Trance+1"],"relics":["Burning Blood","Ice Cream","Shuriken","The Courier","Singing Bowl","Mark of Pain","Thread and Needle","Toxic Egg 2","Strawberry","Enchiridion","Ginger"],"potions_floor_usage":[14,14,14,16,33,33],"damage_taken":[{"damage":10,"enemies":"Small Slimes","floor":1,"turns":4},{"damage":2,"enemies":"Jaw Worm","floor":2,"turns":4},{"damage":22,"enemies":"3 Sentries","floor":6,"turns":7},{"damage":2,"enemies":"2 Louse","floor":8,"turns":3},{"damage":16,"enemies":"Exordium Wildlife","floor":10,"turns":5},{"damage":0,"enemies":"Large Slime","floor":11,"turns":5},{"damage":7,"enemies":"3 Louse","floor":12,"turns":2},{"damage":14,"enemies":"Lagavulin","floor":14,"turns":3},{"damage":62,"enemies":"Hexaghost","floor":16,"turns":9},{"damage":22,"enemies":"2 Thieves","floor":18,"turns":4},{"damage":16,"enemies":"Spheric Guardian","floor":19,"turns":4},{"damage":0,"enemies":"Book of Stabbing","floor":27,"turns":7},{"damage":24,"enemies":"Slavers","floor":30,"turns":6},{"damage":0,"enemies":"Centurion and Healer","floor":31,"turns":4},{"damage":50,"enemies":"Champ","floor":33,"turns":8}],"seed_played":"-4928804458367941652","potions_obtained":[{"floor":6,"key":"Strength Potion"},{"floor":11,"key":"FearPotion"},{"floor":12,"key":"SteroidPotion"},{"floor":14,"key":"Poison Potion"},{"floor":27,"key":"SpeedPotion"},{"floor":31,"key":"Block Potion"}],"is_trial":false,"path_per_floor":["M","M","?","?","?","E","R","M","T","M","M","M","$","E","R","B",null,"M","M","$","?","?","R","$","?","T","E","R","?","E","M","R","B"],"character_chosen":"IRONCLAD","items_purchased":["Flex","Thread and Needle","Spot Weakness","Flex"],"campfire_rested":4,"item_purchase_floors":[13,20,20,24],"current_hp_per_floor":[68,72,56,56,56,40,64,68,68,58,64,63,63,57,81,27,70,54,44,44,28,28,41,41,41,41,53,53,37,19,27,43,0],"gold":100,"neow_bonus":"ONE_RARE_RELIC","is_prod":false,"is_daily":false,"chose_seed":false,"campfire_upgraded":1,"win_rate":0,"timestamp":1567890902,"path_taken":["M","M","?","?","?","E","R","?","T","M","M","M","$","E","R","BOSS","M","M","$","?","?","R","$","?","T","E","R","?","E","M","R","BOSS"],"build_version":"2019-07-17","purchased_purges":1,"victory":false,"max_hp_per_floor":[80,80,80,80,80,80,80,80,80,80,80,80,80,82,82,84,84,84,84,84,89,44,44,44,44,44,53,53,53,53,55,55,55],"card_choices":[{"not_picked":["Thunderclap","Wild Strike"],"picked":"Clash","floor":1},{"not_picked":["Wild Strike","True Grit"],"picked":"Clothesline","floor":2},{"not_picked":["Sentinel","Pommel Strike"],"picked":"Flex","floor":6},{"not_picked":["Warcry","Iron Wave"],"picked":"Metallicize","floor":8},{"not_picked":["Evolve","Clothesline"],"picked":"Havoc","floor":10},{"not_picked":["Bloodletting","Burning Pact"],"picked":"Thunderclap","floor":11},{"not_picked":["Whirlwind","Headbutt"],"picked":"Infernal Blade","floor":12},{"not_picked":["Cleave","Thunderclap","Blood for Blood"],"picked":"Singing Bowl","floor":14},{"not_picked":["Dark Embrace","Brutality","Limit Break"],"picked":"Singing Bowl","floor":16},{"not_picked":["Sword Boomerang","Clash"],"picked":"Battle Trance+1","floor":18},{"not_picked":["Sword Boomerang","Corruption"],"picked":"Heavy Blade","floor":19},{"not_picked":["Combust","Body Slam+1","Searing Blow+1"],"picked":"Singing Bowl","floor":27},{"not_picked":["Clothesline","Sever Soul"],"picked":"Battle Trance+1","floor":30},{"not_picked":["Wild Strike","Thunderclap","Disarm+1"],"picked":"Singing Bowl","floor":31}],"player_experience":498624,"relics_obtained":[{"floor":6,"key":"Shuriken"},{"floor":9,"key":"The Courier"},{"floor":14,"key":"Singing Bowl"},{"floor":27,"key":"Strawberry"},{"floor":29,"key":"Enchiridion"},{"floor":30,"key":"Ginger"}],"event_choices":[{"damage_healed":0,"gold_gain":0,"player_choice":"Entered Light","damage_taken":16,"max_hp_gain":0,"max_hp_loss":0,"event_name":"Shining Light","floor":3,"gold_loss":0,"cards_upgraded":["Strike_R","Defend_R"]},{"damage_healed":0,"gold_gain":175,"player_choice":"AGREE","damage_taken":0,"max_hp_gain":0,"max_hp_loss":0,"event_name":"Liars Game","floor":4,"gold_loss":0,"cards_obtained":["Doubt"]},{"cards_removed":["Doubt"],"damage_healed":0,"gold_gain":0,"player_choice":"Forget","damage_taken":0,"max_hp_gain":0,"max_hp_loss":0,"event_name":"Living Wall","floor":5,"gold_loss":0},{"damage_healed":0,"gold_gain":0,"player_choice":"Shed Blood","damage_taken":21,"max_hp_gain":5,"max_hp_loss":0,"event_name":"Forgotten Altar","floor":21,"gold_loss":0},{"damage_healed":0,"gold_gain":0,"player_choice":"Became a Ghost","damage_taken":0,"max_hp_gain":0,"max_hp_loss":45,"event_name":"Ghosts","floor":22,"gold_loss":0,"cards_obtained":["Ghostly","Ghostly","Ghostly","Ghostly","Ghostly"]},{"damage_healed":0,"gold_gain":0,"player_choice":"Stole Relic","damage_taken":0,"relics_obtained":["Toxic Egg 2"],"max_hp_gain":0,"max_hp_loss":0,"event_name":"Addict","floor":25,"gold_loss":0,"cards_obtained":["Shame"]},{"damage_healed":0,"gold_gain":0,"player_choice":"Obtained Book","damage_taken":16,"max_hp_gain":0,"max_hp_loss":0,"event_name":"Cursed Tome","floor":29,"gold_loss":0}],"is_beta":false,"boss_relics":[{"not_picked":["Runic Cube","Pandora\u0027s Box"],"picked":"Mark of Pain"}],"items_purged_floors":[13],"is_endless":false,"potions_floor_spawned":[6,11,12,14,27,31],"killed_by":"Champ","ascension_level":7}