{"gold_per_floor":[110,110,127,146,159,190,190,209,209,222,222],"floor_reached":11,"playtime":674,"items_purged":[],"score":92,"play_id":"f8d02a20-665c-41e4-b4bb-c4fd3308430c","local_time":"20190114205214","is_ascension_mode":true,"campfire_choices":[{"floor":7,"key":"REST"}],"neow_cost":"TEN_PERCENT_HP_LOSS","seed_source_timestamp":6119543365960,"circlet_count":0,"master_deck":["Strike_B","Strike_B","Strike_B","Defend_B","Defend_B","Defend_B","Defend_B","Zap","Dualcast","Discovery","Forethought","Barrage","Steam","Cold Snap","Stack","Genetic Algorithm","Creative AI","Auto Shields","Glacier"],"relics":["Cracked Core","Bronze Scales","Incense Burner"],"potions_floor_usage":[11,11,11],"damage_taken":[{"damage":3,"enemies":"2 Louse","floor":1,"turns":2},{"damage":5,"enemies":"Jaw Worm","floor":3,"turns":3},{"damage":0,"enemies":"Cultist","floor":4,"turns":2},{"damage":6,"enemies":"Exordium Wildlife","floor":5,"turns":7},{"damage":36,"enemies":"Lagavulin","floor":6,"turns":7},{"damage":22,"enemies":"2 Fungi Beasts","floor":8,"turns":4},{"damage":3,"enemies":"Red Slaver","floor":10,"turns":4},{"damage":18,"enemies":"Gremlin Nob","floor":11,"turns":5}],"seed_played":"-2427350702578452151","potions_obtained":[{"floor":4,"key":"SkillPotion"},{"floor":5,"key":"Ancient Potion"},{"floor":10,"key":"FocusPotion"}],"is_trial":false,"path_per_floor":["M","?","M","M","M","E","R","M","T","M","E"],"character_chosen":"DEFECT","items_purchased":[],"campfire_rested":1,"item_purchase_floors":[],"current_hp_per_floor":[65,65,60,60,54,18,38,16,16,13,0],"gold":222,"neow_bonus":"RANDOM_COLORLESS_2","is_prod":false,"is_daily":false,"chose_seed":false,"campfire_upgraded":0,"win_rate":0,"timestamp":1547517134,"path_taken":["M","?","M","M","M","E","R","M","T","M","E"],"build_version":"2019-01-10","purchased_purges":0,"victory":false,"max_hp_per_floor":[68,68,68,68,68,68,68,68,68,68,68],"card_choices":[{"not_picked":["Steam","Force Field"],"picked":"Barrage","floor":1},{"not_picked":["Barrage","Steam"],"picked":"Cold Snap","floor":3},{"not_picked":["Streamline","Turbo"],"picked":"Stack","floor":4},{"not_picked":["Stack","Gash"],"picked":"Genetic Algorithm","floor":5},{"not_picked":["Capacitor","Chaos"],"picked":"Creative AI","floor":6},{"not_picked":["Aggregate","Go for the Eyes"],"picked":"Auto Shields","floor":8},{"not_picked":["Rip and Tear","Reprogram"],"picked":"Glacier","floor":10}],"player_experience":409334,"relics_obtained":[{"floor":6,"key":"Bronze Scales"},{"floor":9,"key":"Incense Burner"}],"event_choices":[{"damage_healed":0,"gold_gain":0,"cards_transformed":["Strike_B"],"player_choice":"Change","damage_taken":0,"max_hp_gain":0,"max_hp_loss":0,"event_name":"Living Wall","floor":2,"gold_loss":0,"cards_obtained":["Steam"]}],"is_beta":false,"boss_relics":[],"items_purged_floors":[],"is_endless":false,"potions_floor_spawned":[4,5,10],"killed_by":"Gremlin Nob","ascension_level":4}