{"gold_per_floor":[112,128,128,303,30,68,68,89,89,124,139,139,24,48,48,173,173,194,119,119,194,215,251,251,270,270,270,293,309,18,43,43,43],"floor_reached":33,"playtime":2126,"items_purged":["Doubt"],"score":319,"play_id":"e4df4dc8-2160-4e6d-823b-304b86516453","local_time":"20190107193834","is_ascension_mode":true,"campfire_choices":[{"data":"Footwork","floor":7,"key":"SMITH"},{"floor":15,"key":"REST"},{"floor":24,"key":"REST"},{"floor":27,"key":"REST"},{"floor":32,"key":"REST"}],"neow_cost":"NONE","seed_source_timestamp":340068568677551,"circlet_count":0,"master_deck":["Survivor","Neutralize","Leg Sweep","Outmaneuver","Storm of Steel","Distraction","Bouncing Flask","Cloak And Dagger","Reflex","Choke","Crippling Poison","Dagger Spray","Blur","Footwork+1","Predator","PiercingWail","Dash","Footwork","Prepared","A Thousand Cuts","Caltrops","Writhe","Slice","Distraction+1","Terror","Blade Dance","Deadly Poison","Acrobatics"],"relics":["Pandora\u0027s Box","Golden Idol","Toy Ornithopter","Tingsha","Incense Burner","Happy Flower","WristBlade","Ice Cream","Pear","Ornamental Fan"],"potions_floor_usage":[10,16,23,23,25,25,29,31,31],"damage_taken":[{"damage":0,"enemies":"Jaw Worm","floor":1,"turns":5},{"damage":0,"enemies":"2 Louse","floor":2,"turns":3},{"damage":19,"enemies":"Lagavulin","floor":6,"turns":6},{"damage":5,"enemies":"Small Slimes","floor":8,"turns":3},{"damage":22,"enemies":"3 Sentries","floor":10,"turns":8},{"damage":0,"enemies":"Exordium Wildlife","floor":11,"turns":4},{"damage":5,"enemies":"3 Louse","floor":14,"turns":3},{"damage":25,"enemies":"Slime Boss","floor":16,"turns":8},{"damage":11,"enemies":"Spheric Guardian","floor":18,"turns":6},{"damage":18,"enemies":"2 Thieves","floor":22,"turns":4},{"damage":47,"enemies":"Book of Stabbing","floor":23,"turns":6},{"damage":12,"enemies":"Shelled Parasite and Fungi","floor":25,"turns":6},{"damage":31,"enemies":"Centurion and Healer","floor":28,"turns":7},{"damage":0,"enemies":"Snecko","floor":29,"turns":4},{"damage":4,"enemies":"Shelled Parasite and Fungi","floor":31,"turns":7},{"damage":93,"enemies":"Automaton","floor":33,"turns":12}],"seed_played":"-4218817978644660212","potions_obtained":[{"floor":2,"key":"FearPotion"},{"floor":8,"key":"Energy Potion"},{"floor":11,"key":"AttackPotion"},{"floor":16,"key":"Explosive Potion"},{"floor":22,"key":"Strength Potion"},{"floor":23,"key":"Block Potion"},{"floor":28,"key":"PowerPotion"},{"floor":29,"key":"Swift Potion"}],"is_trial":false,"path_per_floor":["M","M","?","?","$","E","R","M","T","E","M","?","$","M","R","B",null,"M","?","?","?","M","E","R","M","T","R","M","M","$","M","R","B"],"character_chosen":"THE_SILENT","items_purchased":["Toy Ornithopter","Footwork","Regen Potion","Ornamental Fan","Block Potion"],"campfire_rested":4,"item_purchase_floors":[5,13,13,30,30],"current_hp_per_floor":[70,70,70,70,70,51,51,46,46,29,29,22,22,17,38,18,70,59,59,59,52,34,22,46,44,44,68,37,42,42,48,72,0],"gold":43,"neow_bonus":"BOSS_RELIC","is_prod":false,"is_daily":false,"chose_seed":false,"campfire_upgraded":1,"win_rate":0,"timestamp":1546907914,"path_taken":["M","M","?","?","$","E","R","M","T","E","M","?","$","?","R","BOSS","M","?","?","?","M","E","R","M","T","R","M","M","$","?","R","BOSS"],"build_version":"2019-01-03v4","purchased_purges":1,"victory":false,"max_hp_per_floor":[70,70,70,70,70,70,70,70,70,70,70,70,70,70,70,70,70,70,70,70,70,70,80,80,80,80,80,80,80,80,80,80,80],"card_choices":[{"not_picked":["PiercingWail","Underhanded Strike"],"picked":"Blur","floor":1},{"not_picked":["Masterful Stab","Noxious Fumes"],"picked":"Footwork","floor":2},{"not_picked":["Bane","Poisoned Stab"],"picked":"Predator","floor":6},{"not_picked":["Skewer","Poisoned Stab"],"picked":"PiercingWail","floor":8},{"not_picked":["Dodge and Roll","Backflip"],"picked":"Dash","floor":10},{"not_picked":["Expertise","Terror"],"picked":"Heel Hook","floor":11},{"not_picked":["Eviscerate","Concentrate"],"picked":"Prepared","floor":14},{"not_picked":["Storm of Steel","Bullet Time"],"picked":"A Thousand Cuts","floor":16},{"not_picked":["Dodge and Roll+1","Calculated Gamble"],"picked":"Caltrops","floor":18},{"not_picked":["Heel Hook","Underhanded Strike"],"picked":"Slice","floor":22},{"not_picked":["Flechettes","Choke"],"picked":"Distraction+1","floor":23},{"not_picked":["Concentrate","Poisoned Stab"],"picked":"Terror","floor":25},{"not_picked":["Outmaneuver","Slice"],"picked":"Blade Dance","floor":28},{"not_picked":["Outmaneuver","Poisoned Stab"],"picked":"Deadly Poison","floor":29},{"not_picked":["Outmaneuver","Deadly Poison"],"picked":"Acrobatics","floor":31}],"player_experience":335720,"relics_obtained":[{"floor":6,"key":"Tingsha"},{"floor":9,"key":"Incense Burner"},{"floor":10,"key":"Happy Flower"},{"floor":23,"key":"Pear"}],"event_choices":[{"damage_healed":0,"gold_gain":0,"player_choice":"Take Wound","damage_taken":0,"relics_obtained":["Golden Idol"],"max_hp_gain":0,"max_hp_loss":0,"event_name":"Golden Idol","floor":3,"gold_loss":0,"cards_obtained":["Injury"]},{"damage_healed":0,"gold_gain":175,"player_choice":"AGREE","damage_taken":0,"max_hp_gain":0,"max_hp_loss":0,"event_name":"Liars Game","floor":4,"gold_loss":0,"cards_obtained":["Doubt"]},{"cards_removed":["Injury"],"damage_healed":0,"gold_gain":0,"player_choice":"Card Removal","damage_taken":7,"max_hp_gain":0,"max_hp_loss":0,"event_name":"Golden Wing","floor":12,"gold_loss":0},{"cards_removed":["Heel Hook"],"damage_healed":0,"gold_gain":0,"player_choice":"Gave Gold","damage_taken":0,"max_hp_gain":0,"max_hp_loss":0,"event_name":"Beggar","floor":19,"gold_loss":75},{"damage_healed":0,"gold_gain":0,"player_choice":"Opened","damage_taken":0,"relics_obtained":["Ice Cream"],"max_hp_gain":0,"max_hp_loss":0,"event_name":"The Mausoleum","floor":20,"gold_loss":0,"cards_obtained":["Writhe"]},{"damage_healed":0,"gold_gain":75,"player_choice":"Touch","damage_taken":7,"max_hp_gain":0,"max_hp_loss":0,"event_name":"FaceTrader","floor":21,"gold_loss":0}],"is_beta":false,"boss_relics":[{"not_picked":["Snecko Eye","Ectoplasm"],"picked":"WristBlade"}],"items_purged_floors":[5],"is_endless":false,"potions_floor_spawned":[2,8,11,16,22,23,28,29],"killed_by":"Automaton","ascension_level":3}