{"gold_per_floor":[113,131,150,167,167,195,195,206,229,255,267,267,296,296,296,392,442,459,267,267,21,36,65,79,79,79,79,98,126,156,179,191,303,315,345,35,35,48,148,148,180,196,196,209,209],"floor_reached":45,"playtime":5201,"items_purged":["Strike_G","Strike_G"],"score":547,"play_id":"21703dbf-df5f-46b9-9d76-0db2ab1fd981","local_time":"20181221143601","is_ascension_mode":false,"campfire_choices":[{"data":"Infinite Blades","floor":7,"key":"SMITH"},{"floor":12,"key":"REST"},{"floor":15,"key":"REST"},{"data":"Caltrops","floor":25,"key":"SMITH"},{"data":"Burst","floor":27,"key":"SMITH"},{"floor":32,"key":"REST"},{"floor":40,"key":"REST"}],"neow_cost":"NONE","seed_source_timestamp":73690785160816,"circlet_count":0,"master_deck":["Defend_G+1","Defend_G","Defend_G","Defend_G","Defend_G","Strike_G+1","Strike_G","Survivor","Neutralize","Infinite Blades+1","Dagger Throw+1","Flying Knee","Poisoned Stab","Poisoned Stab","Distraction+1","Dash","Bouncing Flask","Masterful Stab","Burst+1","Outmaneuver","Deflect+1","Caltrops+1","Expertise","Discovery","Footwork","Leg Sweep","Deflect","Backflip+1","Noxious Fumes+1","Deadly Poison","Quick Slash+1","Die Die Die","Finisher","Panache","Deflect","Blur","Backflip","Skewer+1","Outmaneuver","PiercingWail+1"],"relics":["Eternal Feather","Mango","Strawberry","Odd Mushroom","Blood Vial","Tiny House","Vajra","Snake Skull","Kunai","MawBank","Fusion Hammer","Gambling Chip","Pen Nib","Girya"],"potions_floor_usage":[10,10,16,33,44,45],"damage_taken":[{"damage":0,"enemies":"Cultist","floor":1,"turns":4},{"damage":0,"enemies":"2 Louse","floor":2,"turns":3},{"damage":2,"enemies":"Small Slimes","floor":3,"turns":4},{"damage":1,"enemies":"2 Fungi Beasts","floor":4,"turns":4},{"damage":15,"enemies":"Lagavulin","floor":6,"turns":8},{"damage":9,"enemies":"Blue Slaver","floor":8,"turns":4},{"damage":23,"enemies":"The Mushroom Lair","floor":10,"turns":5},{"damage":21,"enemies":"Lots of Slimes","floor":11,"turns":4},{"damage":26,"enemies":"Gremlin Nob","floor":13,"turns":4},{"damage":32,"enemies":"Slime Boss","floor":16,"turns":11},{"damage":5,"enemies":"Chosen","floor":18,"turns":4},{"damage":4,"enemies":"Shell Parasite","floor":22,"turns":6},{"damage":38,"enemies":"Slavers","floor":23,"turns":6},{"damage":14,"enemies":"Cultist and Chosen","floor":24,"turns":8},{"damage":36,"enemies":"Snake Plant","floor":28,"turns":3},{"damage":25,"enemies":"Book of Stabbing","floor":29,"turns":6},{"damage":10,"enemies":"Chosen and Byrds","floor":30,"turns":6},{"damage":4,"enemies":"Sentry and Sphere","floor":31,"turns":6},{"damage":31,"enemies":"Collector","floor":33,"turns":8},{"damage":5,"enemies":"3 Darklings","floor":35,"turns":4},{"damage":15,"enemies":"3 Shapes","floor":38,"turns":4},{"damage":0,"enemies":"Mind Bloom Boss Battle","floor":39,"turns":4},{"damage":69,"enemies":"Reptomancer","floor":41,"turns":7},{"damage":21,"enemies":"Transient","floor":42,"turns":5},{"damage":10,"enemies":"Sphere and 2 Shapes","floor":44,"turns":3},{"damage":14,"enemies":"Jaw Worm Horde","floor":45,"turns":3}],"seed_played":"1441063213498095172","potions_obtained":[{"floor":3,"key":"PowerPotion"},{"floor":4,"key":"SteroidPotion"},{"floor":10,"key":"Poison Potion"},{"floor":13,"key":"Dexterity Potion"},{"floor":16,"key":"SpeedPotion"},{"floor":17,"key":"FairyPotion"},{"floor":38,"key":"Ancient Potion"},{"floor":41,"key":"Weak Potion"}],"is_trial":false,"path_per_floor":["M","M","M","M","?","E","R","M","T","?","M","R","E","?","R","B",null,"M","$","?","$","M","E","M","R","T","R","M","E","M","M","R","B",null,"M","$","?","M","?","R","E","M","T","M","M"],"character_chosen":"THE_SILENT","items_purchased":["Caltrops","Expertise","Discovery","Vajra","Panache","Deflect"],"campfire_rested":4,"item_purchase_floors":[19,19,21,21,36,36],"current_hp_per_floor":[70,70,68,67,60,59,68,59,66,43,22,58,32,14,53,23,96,91,91,91,91,89,53,41,56,56,71,37,14,6,4,50,21,96,91,91,96,81,83,96,27,8,8,9,0],"gold":209,"neow_bonus":"BOSS_RELIC","is_prod":false,"is_daily":false,"chose_seed":false,"campfire_upgraded":3,"win_rate":0.0,"timestamp":1545420961,"path_taken":["M","?","?","M","?","E","R","M","T","?","M","R","E","?","R","BOSS","M","$","?","$","M","E","M","R","T","R","M","E","?","M","R","BOSS","M","$","?","?","?","R","E","M","T","M","M"],"build_version":"2018-12-20","purchased_purges":2,"victory":false,"max_hp_per_floor":[70,70,70,70,70,84,84,84,91,91,91,91,91,91,91,91,96,96,96,96,96,96,96,96,96,96,96,96,96,96,96,96,96,96,96,96,96,96,96,96,96,96,96,96,96],"card_choices":[{"not_picked":["Blade Dance","Bane"],"picked":"Infinite Blades","floor":1},{"not_picked":["Well Laid Plans","Acrobatics"],"picked":"Dagger Throw","floor":2},{"not_picked":["Heel Hook","Infinite Blades"],"picked":"Flying Knee","floor":3},{"not_picked":["Quick Slash","Dagger Spray"],"picked":"Poisoned Stab","floor":4},{"not_picked":["Footwork","Dagger Spray"],"picked":"Poisoned Stab","floor":6},{"not_picked":["Crippling Poison","Poisoned Stab"],"picked":"Distraction","floor":8},{"not_picked":["Choke","Well Laid Plans"],"picked":"Dash","floor":10},{"not_picked":["Backstab","Dash"],"picked":"Bouncing Flask","floor":11},{"not_picked":["Dagger Throw","Choke"],"picked":"Masterful Stab","floor":13},{"not_picked":["Phantasmal Killer","Malaise"],"picked":"Burst","floor":16},{"not_picked":["Infinite Blades","Dagger Spray"],"picked":"Outmaneuver","floor":17},{"not_picked":["Calculated Gamble","Flying Knee"],"picked":"Deflect+1","floor":18},{"not_picked":["Deadly Poison+1","Dagger Spray"],"picked":"Footwork","floor":22},{"not_picked":["Endless Agony","Dodge and Roll"],"picked":"Leg Sweep","floor":23},{"not_picked":["Tools of the Trade","Infinite Blades"],"picked":"Deflect","floor":24},{"not_picked":["Underhanded Strike+1","Outmaneuver"],"picked":"Backflip+1","floor":28},{"not_picked":["Acrobatics+1","Footwork"],"picked":"Noxious Fumes+1","floor":29},{"not_picked":["Quick Slash","Calculated Gamble"],"picked":"Deadly Poison","floor":30},{"not_picked":["Endless Agony","Outmaneuver"],"picked":"Quick Slash+1","floor":31},{"not_picked":["Unload","Bullet Time"],"picked":"Die Die Die","floor":33},{"not_picked":["Endless Agony","Sucker Punch"],"picked":"Finisher","floor":35},{"not_picked":["Deadly Poison","PiercingWail"],"picked":"Blur","floor":38},{"not_picked":["Quick Slash","Expertise"],"picked":"Backflip","floor":39},{"not_picked":["Masterful Stab","Dagger Spray"],"picked":"Skewer+1","floor":41},{"not_picked":["Quick Slash","Acrobatics"],"picked":"Outmaneuver","floor":42},{"not_picked":["Dagger Spray+1","Dodge and Roll+1"],"picked":"PiercingWail+1","floor":44}],"player_experience":17952,"relics_obtained":[{"floor":6,"key":"Mango"},{"floor":9,"key":"Strawberry"},{"floor":10,"key":"Odd Mushroom"},{"floor":13,"key":"Blood Vial"},{"floor":23,"key":"Snake Skull"},{"floor":26,"key":"Kunai"},{"floor":29,"key":"MawBank"},{"floor":39,"key":"Gambling Chip"},{"floor":41,"key":"Pen Nib"},{"floor":43,"key":"Girya"}],"event_choices":[{"cards_removed":["Strike_G"],"damage_healed":0,"gold_gain":0,"player_choice":"Card Removal","damage_taken":7,"max_hp_gain":0,"max_hp_loss":0,"event_name":"Golden Wing","floor":5,"gold_loss":0},{"damage_healed":0,"gold_gain":0,"player_choice":"Fought Mushrooms","damage_taken":0,"max_hp_gain":0,"max_hp_loss":0,"event_name":"Mushrooms","floor":10,"gold_loss":0},{"damage_healed":0,"gold_gain":0,"player_choice":"Entered Light","damage_taken":18,"max_hp_gain":0,"max_hp_loss":0,"event_name":"Shining Light","floor":14,"gold_loss":0,"cards_upgraded":["Dagger Throw","Strike_G"]},{"damage_healed":0,"gold_gain":0,"player_choice":"Forge","damage_taken":0,"max_hp_gain":0,"max_hp_loss":0,"event_name":"Accursed Blacksmith","floor":20,"gold_loss":0,"cards_upgraded":["Distraction"]},{"damage_healed":5,"gold_gain":0,"player_choice":"Full Heal","damage_taken":0,"max_hp_gain":0,"max_hp_loss":0,"event_name":"Wheel of Change","floor":37,"gold_loss":0},{"damage_healed":0,"gold_gain":0,"player_choice":"Fight","damage_taken":0,"max_hp_gain":0,"max_hp_loss":0,"event_name":"MindBloom","floor":39,"gold_loss":0}],"is_beta":false,"boss_relics":[{"not_picked":["Philosopher\u0027s Stone","Empty Cage"],"picked":"Tiny House"},{"not_picked":["Sozu","White Beast Statue"],"picked":"Fusion Hammer"}],"items_purged_floors":[19,36],"is_endless":false,"potions_floor_spawned":[3,4,10,13,16,18,28,29,31,38,41],"killed_by":"Jaw Worm Horde","ascension_level":0}