{"gold_per_floor":[119,119,119,134,148,148,176,176,176,176,51,71,71,96,96,199,199,217,117,117,117,117,117,146,146],"floor_reached":25,"playtime":1195,"items_purged":["Strike_B","Defend_B"],"score":349,"play_id":"17c6729a-20eb-4d9d-975c-88f648ad7d6d","local_time":"20190930200958","is_ascension_mode":true,"campfire_choices":[{"floor":6,"key":"REST"},{"floor":13,"key":"REST"},{"floor":15,"key":"REST"},{"data":"Biased Cognition","floor":23,"key":"SMITH"}],"neow_cost":"NONE","seed_source_timestamp":1130076058967900,"circlet_count":0,"master_deck":["AscendersBane","Strike_B+1","Strike_B+1","Strike_B","Defend_B","Defend_B","Zap","Dualcast","Cold Snap","Zap","Purity","Barrage","Hello World","Heatsinks","Capacitor","Rebound","Cold Snap","Biased Cognition+1","Self Repair","Hologram","Hologram","White Noise"],"relics":["Cracked Core","Juzu Bracelet","Dodecahedron","WingedGreaves","Pear","Nuclear Battery","Bottled Flame"],"potions_floor_usage":[14,18,24,24,25],"damage_taken":[{"damage":1,"enemies":"Cultist","floor":1,"turns":3},{"damage":9,"enemies":"Jaw Worm","floor":4,"turns":3},{"damage":0,"enemies":"Small Slimes","floor":5,"turns":3},{"damage":32,"enemies":"3 Sentries","floor":7,"turns":6},{"damage":4,"enemies":"Looter","floor":12,"turns":3},{"damage":14,"enemies":"Lagavulin","floor":14,"turns":5},{"damage":34,"enemies":"The Guardian","floor":16,"turns":14},{"damage":0,"enemies":"3 Byrds","floor":18,"turns":6},{"damage":61,"enemies":"Gremlin Leader","floor":24,"turns":7},{"damage":31,"enemies":"Masked Bandits","floor":25,"turns":3}],"seed_played":"2466771788570586357","potions_obtained":[{"floor":1,"key":"FearPotion"},{"floor":12,"key":"EssenceOfSteel"},{"floor":14,"key":"SpeedPotion"},{"floor":18,"key":"Explosive Potion"},{"floor":24,"key":"Swift Potion"}],"is_trial":false,"path_per_floor":["M","?","?","M","M","R","E","?","T","?","$","M","R","E","R","B",null,"M","$","?","?","?","R","E","?"],"character_chosen":"DEFECT","items_purchased":["AttackPotion"],"campfire_rested":3,"item_purchase_floors":[11],"current_hp_per_floor":[67,67,52,43,43,65,33,33,33,33,33,29,51,47,72,38,73,73,73,73,73,73,73,19,0],"gold":146,"neow_bonus":"RANDOM_COMMON_RELIC","is_prod":false,"is_daily":false,"chose_seed":false,"campfire_upgraded":1,"win_rate":0,"timestamp":1569888598,"path_taken":["M","?","?","M","M","R","E","?","T","?","$","M","R","E","R","BOSS","M","?","?","?","?","R","E","?"],"build_version":"2019-07-17","purchased_purges":2,"victory":false,"max_hp_per_floor":[75,75,75,75,75,75,75,75,75,75,75,75,75,85,85,85,85,85,85,85,85,85,85,85,85],"card_choices":[{"not_picked":["BootSequence","Gash"],"picked":"Cold Snap","floor":1},{"not_picked":["Gash","Hologram"],"picked":"Barrage","floor":4},{"not_picked":["Fission","Beam Cell"],"picked":"Hello World","floor":5},{"not_picked":["Compile Driver","Auto Shields"],"picked":"Heatsinks","floor":7},{"not_picked":["Skim","Steam"],"picked":"Rebound","floor":12},{"not_picked":["Ball Lightning","BootSequence"],"picked":"Cold Snap","floor":14},{"not_picked":["Core Surge","Creative AI"],"picked":"Biased Cognition","floor":16},{"not_picked":["Scrape","Static Discharge"],"picked":"Self Repair","floor":18},{"not_picked":["Cold Snap","Beam Cell"],"picked":"White Noise","floor":24}],"player_experience":744279,"relics_obtained":[{"floor":7,"key":"Dodecahedron"},{"floor":14,"key":"Pear"},{"floor":24,"key":"Bottled Flame"}],"event_choices":[{"damage_healed":0,"gold_gain":0,"player_choice":"3 cards matched","damage_taken":0,"max_hp_gain":0,"max_hp_loss":0,"event_name":"Match and Keep!","floor":2,"gold_loss":0,"cards_obtained":["Zap","Purity","Meteor Strike"]},{"damage_healed":0,"gold_gain":0,"player_choice":"Entered Light","damage_taken":15,"max_hp_gain":0,"max_hp_loss":0,"event_name":"Shining Light","floor":3,"gold_loss":0,"cards_upgraded":["Strike_B","Strike_B"]},{"damage_healed":0,"gold_gain":0,"cards_transformed":["Meteor Strike"],"player_choice":"Change","damage_taken":0,"max_hp_gain":0,"max_hp_loss":0,"event_name":"Living Wall","floor":8,"gold_loss":0,"cards_obtained":["Capacitor"]},{"damage_healed":0,"gold_gain":0,"player_choice":"Gave Potion","damage_taken":0,"relics_obtained":["WingedGreaves"],"max_hp_gain":0,"max_hp_loss":0,"event_name":"WeMeetAgain","floor":10,"gold_loss":0},{"cards_removed":["Defend_B"],"damage_healed":0,"gold_gain":0,"player_choice":"Elegance","damage_taken":0,"max_hp_gain":0,"max_hp_loss":0,"event_name":"Back to Basics","floor":20,"gold_loss":0},{"damage_healed":0,"gold_gain":0,"player_choice":"Read","damage_taken":0,"max_hp_gain":0,"max_hp_loss":0,"event_name":"The Library","floor":21,"gold_loss":0,"cards_obtained":["Hologram"]},{"damage_healed":0,"gold_gain":0,"player_choice":"Copied","damage_taken":0,"max_hp_gain":0,"max_hp_loss":0,"event_name":"Duplicator","floor":22,"gold_loss":0,"cards_obtained":["Hologram"]},{"damage_healed":0,"gold_gain":0,"player_choice":"Fought Bandits","damage_taken":0,"max_hp_gain":0,"max_hp_loss":0,"event_name":"Masked Bandits","floor":25,"gold_loss":0}],"is_beta":false,"boss_relics":[{"not_picked":["White Beast Statue","Ectoplasm"],"picked":"Nuclear Battery"}],"items_purged_floors":[11,19],"is_endless":false,"potions_floor_spawned":[1,12,14,16,18,24],"killed_by":"Masked Bandits","ascension_level":11}