{"gold_per_floor":[116,126,51,51,71,81,108,128,128,128,186,212,212,212,212,310,310,324,324,337,23,35,63,63,63],"floor_reached":25,"playtime":1559,"items_purged":["Normality"],"score":266,"play_id":"8c13c837-09c3-4a53-8aec-480bf0b55737","local_time":"20190106201340","is_ascension_mode":true,"campfire_choices":[{"floor":10,"key":"REST"},{"data":"Noxious Fumes","floor":13,"key":"SMITH"},{"data":"Noxious Fumes","floor":15,"key":"SMITH"}],"neow_cost":"CURSE","seed_source_timestamp":256340136116585,"circlet_count":0,"master_deck":["Defend_G","Defend_G","Defend_G","Defend_G","Defend_G+1","Strike_G","Strike_G","Strike_G","Strike_G","Survivor","Neutralize","Predator","Dagger Throw","Heel Hook","Noxious Fumes+1","Noxious Fumes+1","Well Laid Plans","Predator","Backflip+1","Cloak And Dagger","Die Die Die","Catalyst","RitualDagger","Bouncing Flask","Dodge and Roll","Leg Sweep"],"relics":["Ring of the Snake","Gremlin Horn","Unceasing Top","Shuriken","Ice Cream","Lizard Tail","FossilizedHelix","Gambling Chip"],"potions_floor_usage":[11,11,12,20,23],"damage_taken":[{"damage":0,"enemies":"Small Slimes","floor":1,"turns":5},{"damage":0,"enemies":"Cultist","floor":2,"turns":3},{"damage":4,"enemies":"2 Louse","floor":5,"turns":2},{"damage":1,"enemies":"Looter","floor":6,"turns":4},{"damage":16,"enemies":"3 Sentries","floor":7,"turns":8},{"damage":4,"enemies":"Large Slime","floor":8,"turns":5},{"damage":10,"enemies":"3 Sentries","floor":11,"turns":5},{"damage":12,"enemies":"Gremlin Nob","floor":12,"turns":3},{"damage":11,"enemies":"Slime Boss","floor":16,"turns":8},{"damage":5,"enemies":"Chosen","floor":18,"turns":5},{"damage":16,"enemies":"2 Thieves","floor":20,"turns":4},{"damage":26,"enemies":"Snecko","floor":22,"turns":7},{"damage":73,"enemies":"Book of Stabbing","floor":23,"turns":8},{"damage":10,"enemies":"Gremlin Leader","floor":25,"turns":2}],"seed_played":"-7428271759592187213","potions_obtained":[{"floor":1,"key":"Block Potion"},{"floor":5,"key":"Explosive Potion"},{"floor":8,"key":"SteroidPotion"},{"floor":16,"key":"Ancient Potion"},{"floor":18,"key":"EssenceOfSteel"},{"floor":22,"key":"Block Potion"},{"floor":23,"key":"FearPotion"}],"is_trial":false,"path_per_floor":["M","M","$","?","M","M","E","M","T","R","?","E","R","?","R","B",null,"M","?","M","$","M","E","?","E"],"character_chosen":"THE_SILENT","items_purchased":["FossilizedHelix"],"campfire_rested":1,"item_purchase_floors":[21],"current_hp_per_floor":[84,84,84,84,80,79,63,59,59,84,74,62,62,45,45,34,84,79,73,57,57,31,2,2,0],"gold":63,"neow_bonus":"TWENTY_PERCENT_HP_BONUS","is_prod":false,"is_daily":false,"chose_seed":false,"campfire_upgraded":2,"win_rate":0,"timestamp":1546823620,"path_taken":["M","M","$","?","?","M","E","M","T","R","?","E","R","?","R","BOSS","M","?","M","$","M","E","?","E"],"build_version":"2019-01-03v4","purchased_purges":1,"victory":false,"max_hp_per_floor":[84,84,84,84,84,84,84,84,84,84,84,84,84,84,84,84,84,84,84,84,84,84,84,84,84],"card_choices":[{"not_picked":["Slice","Deadly Poison"],"picked":"Predator","floor":1},{"not_picked":["Skewer","Deadly Poison"],"picked":"Dagger Throw","floor":2},{"not_picked":["Acrobatics","Outmaneuver"],"picked":"Noxious Fumes","floor":5},{"not_picked":["Backstab","Bane"],"picked":"Noxious Fumes","floor":6},{"not_picked":["Deadly Poison","Die Die Die"],"picked":"Well Laid Plans","floor":7},{"not_picked":["Underhanded Strike","Prepared"],"picked":"Predator","floor":8},{"not_picked":["Underhanded Strike","Sucker Punch"],"picked":"Backflip","floor":11},{"not_picked":["Dagger Throw","Doppelganger"],"picked":"Cloak And Dagger","floor":12},{"not_picked":["Phantasmal Killer","Unload"],"picked":"Die Die Die","floor":16},{"not_picked":["Finisher","Dagger Spray"],"picked":"Catalyst","floor":18},{"not_picked":["Masterful Stab","Eviscerate+1"],"picked":"Bouncing Flask","floor":20},{"not_picked":["Poisoned Stab","Slice+1"],"picked":"Dodge and Roll","floor":22},{"not_picked":["Prepared","Eviscerate"],"picked":"Leg Sweep","floor":23}],"player_experience":332080,"relics_obtained":[{"floor":7,"key":"Gremlin Horn"},{"floor":9,"key":"Unceasing Top"},{"floor":11,"key":"Shuriken"},{"floor":12,"key":"Ice Cream"},{"floor":23,"key":"Gambling Chip"}],"event_choices":[{"damage_healed":0,"gold_gain":0,"cards_transformed":["Strike_G"],"player_choice":"Transformed","damage_taken":0,"max_hp_gain":0,"max_hp_loss":0,"event_name":"Transmorgrifier","floor":4,"gold_loss":0,"cards_obtained":["Heel Hook"]},{"damage_healed":0,"gold_gain":0,"player_choice":"Searched \u00271\u0027 times","damage_taken":0,"max_hp_gain":0,"max_hp_loss":0,"event_name":"Dead Adventurer","floor":11,"gold_loss":0},{"damage_healed":0,"gold_gain":0,"player_choice":"Entered Light","damage_taken":17,"max_hp_gain":0,"max_hp_loss":0,"event_name":"Shining Light","floor":14,"gold_loss":0,"cards_upgraded":["Backflip","Defend_G"]},{"damage_healed":0,"gold_gain":0,"player_choice":"Joined the Cult","damage_taken":6,"max_hp_gain":0,"max_hp_loss":0,"event_name":"Nest","floor":19,"gold_loss":0,"cards_obtained":["RitualDagger"]},{"damage_healed":0,"gold_gain":0,"player_choice":"Ignored","damage_taken":0,"max_hp_gain":0,"max_hp_loss":0,"event_name":"Beggar","floor":24,"gold_loss":0}],"is_beta":false,"boss_relics":[{"not_picked":["Ectoplasm","Sozu"],"picked":"Lizard Tail"}],"items_purged_floors":[3],"is_endless":false,"potions_floor_spawned":[1,5,8,16,18,22,23],"killed_by":"Gremlin Leader","ascension_level":3}