{"gold_per_floor":[114,133,133,147,147,177,177,208,231,156,174,190,207,239,239,239],"floor_reached":16,"playtime":831,"items_purged":["Strike_B"],"score":140,"play_id":"a9820533-c179-45e1-83cd-e4dcfa780215","local_time":"20190419135047","is_ascension_mode":true,"campfire_choices":[{"data":"Zap","floor":7,"key":"SMITH"},{"data":"Fusion","floor":15,"key":"SMITH"}],"neow_cost":"TEN_PERCENT_HP_LOSS","seed_source_timestamp":796748385315,"circlet_count":0,"master_deck":["Strike_B","Strike_B","Defend_B","Defend_B","Defend_B","Zap+1","Dualcast","Tempest","Sunder","White Noise","BootSequence","Seek","Recycle","Fusion+1"],"relics":["Cracked Core","Pocketwatch","Pen Nib","Strawberry","Boot","Incense Burner"],"potions_floor_usage":[6,6,8,14,16],"damage_taken":[{"damage":0,"enemies":"Small Slimes","floor":1,"turns":2},{"damage":0,"enemies":"2 Louse","floor":2,"turns":2},{"damage":2,"enemies":"Jaw Worm","floor":4,"turns":3},{"damage":23,"enemies":"Lagavulin","floor":6,"turns":5},{"damage":10,"enemies":"3 Sentries","floor":8,"turns":4},{"damage":7,"enemies":"2 Fungi Beasts","floor":11,"turns":3},{"damage":3,"enemies":"Blue Slaver","floor":12,"turns":3},{"damage":0,"enemies":"Exordium Wildlife","floor":13,"turns":3},{"damage":15,"enemies":"Lagavulin","floor":14,"turns":5},{"damage":13,"enemies":"Slime Boss","floor":16,"turns":3}],"seed_played":"1206514729163904961","potions_obtained":[{"floor":2,"key":"Energy Potion"},{"floor":4,"key":"Block Potion"},{"floor":6,"key":"Fire Potion"},{"floor":12,"key":"Energy Potion"},{"floor":14,"key":"SkillPotion"}],"is_trial":false,"path_per_floor":["M","M","?","M","?","E","R","E","T","$","M","M","M","E","R","B"],"character_chosen":"DEFECT","items_purchased":[],"campfire_rested":0,"item_purchase_floors":[],"current_hp_per_floor":[68,68,68,66,59,36,36,33,33,33,26,23,23,8,8,0],"gold":239,"neow_bonus":"ONE_RARE_RELIC","is_prod":false,"is_daily":false,"chose_seed":false,"campfire_upgraded":2,"win_rate":0,"timestamp":1555678247,"path_taken":["M","M","?","M","?","E","R","E","T","?","M","M","M","E","R","BOSS"],"build_version":"2019-01-23","purchased_purges":1,"victory":false,"max_hp_per_floor":[68,68,68,68,68,68,68,75,75,75,75,75,75,75,75,75],"card_choices":[{"not_picked":["Barrage","Rebound","Go for the Eyes"],"picked":"SKIP","floor":1},{"not_picked":["Compile Driver","Ball Lightning"],"picked":"Tempest","floor":2},{"not_picked":["Streamline","Steam"],"picked":"Sunder","floor":4},{"not_picked":["Hologram","Stack","Rip and Tear"],"picked":"SKIP","floor":6},{"not_picked":["Heatsinks","Coolheaded"],"picked":"White Noise","floor":8},{"not_picked":["Lockon","Chill"],"picked":"BootSequence","floor":11},{"not_picked":["Sweeping Beam","Recycle"],"picked":"Seek","floor":12},{"not_picked":["Sweeping Beam","Hello World"],"picked":"Recycle","floor":13},{"not_picked":["Redo","Steam"],"picked":"Fusion","floor":14}],"player_experience":179378,"relics_obtained":[{"floor":6,"key":"Pen Nib"},{"floor":8,"key":"Strawberry"},{"floor":9,"key":"Boot"},{"floor":14,"key":"Incense Burner"}],"event_choices":[{"cards_removed":["Strike_B"],"damage_healed":0,"gold_gain":0,"player_choice":"Forget","damage_taken":0,"max_hp_gain":0,"max_hp_loss":0,"event_name":"Living Wall","floor":3,"gold_loss":0},{"cards_removed":["Defend_B"],"damage_healed":0,"gold_gain":0,"player_choice":"Card Removal","damage_taken":7,"max_hp_gain":0,"max_hp_loss":0,"event_name":"Golden Wing","floor":5,"gold_loss":0}],"is_beta":false,"boss_relics":[],"items_purged_floors":[10],"is_endless":false,"potions_floor_spawned":[2,4,6,12,14],"killed_by":"Slime Boss","ascension_level":3}