{"gold_per_floor":[13,26,38,50,69,69,98,129,168,197,3,3,3,31,31,31],"floor_reached":16,"playtime":1128,"items_purged":[],"score":207,"play_id":"31c6ffae-028d-4d42-864f-27a59f4e56c6","local_time":"20191001165129","is_ascension_mode":true,"campfire_choices":[{"data":"Havoc","floor":6,"key":"SMITH"},{"data":"Flame Barrier","floor":13,"key":"SMITH"},{"floor":15,"key":"REST"}],"neow_cost":"NO_GOLD","seed_source_timestamp":1204634519953400,"circlet_count":0,"master_deck":["AscendersBane","Strike_R","Strike_R","Strike_R","Strike_R","Strike_R","Defend_R+1","Defend_R","Defend_R","Defend_R","Bash","Pommel Strike","Shrug It Off","Burning Pact+1","Havoc+1","Flame Barrier+1","Reaper","Clothesline","Shockwave"],"relics":["Burning Blood","MawBank","War Paint","Vajra","Peace Pipe","WingedGreaves"],"potions_floor_usage":[4,7,10,14,16],"damage_taken":[{"damage":6,"enemies":"Cultist","floor":1,"turns":3},{"damage":7,"enemies":"2 Louse","floor":2,"turns":2},{"damage":12,"enemies":"Jaw Worm","floor":3,"turns":3},{"damage":3,"enemies":"3 Louse","floor":4,"turns":5},{"damage":0,"enemies":"Large Slime","floor":5,"turns":4},{"damage":33,"enemies":"Lagavulin","floor":7,"turns":6},{"damage":15,"enemies":"Gremlin Gang","floor":8,"turns":5},{"damage":0,"enemies":"2 Fungi Beasts","floor":10,"turns":4},{"damage":44,"enemies":"3 Sentries","floor":14,"turns":13},{"damage":75,"enemies":"Slime Boss","floor":16,"turns":15}],"seed_played":"4101569546463237007","potions_obtained":[{"floor":2,"key":"Dexterity Potion"},{"floor":5,"key":"PowerPotion"},{"floor":7,"key":"EssenceOfSteel"},{"floor":14,"key":"PowerPotion"}],"is_trial":false,"path_per_floor":["M","M","M","M","M","R","E","M","T","M","$","T","R","E","R","B"],"character_chosen":"IRONCLAD","items_purchased":["Vajra","Fire Potion"],"campfire_rested":1,"item_purchase_floors":[11,11],"current_hp_per_floor":[88,87,81,84,90,90,63,54,54,67,67,67,67,38,66,0],"gold":31,"neow_bonus":"TWENTY_PERCENT_HP_BONUS","is_prod":false,"is_daily":false,"chose_seed":false,"campfire_upgraded":2,"win_rate":0,"timestamp":1569963089,"path_taken":["M","?","M","?","M","R","E","M","T","M","$","?","R","E","R","BOSS"],"build_version":"2019-07-17","purchased_purges":0,"victory":false,"max_hp_per_floor":[96,96,96,96,96,96,96,96,96,96,96,96,96,96,96,96],"card_choices":[{"not_picked":["Evolve","Rupture"],"picked":"Pommel Strike","floor":1},{"not_picked":["Hemokinesis","Iron Wave"],"picked":"Shrug It Off","floor":2},{"not_picked":["Anger","Flex"],"picked":"Burning Pact","floor":3},{"not_picked":["Flex","Body Slam","Anger"],"picked":"SKIP","floor":4},{"not_picked":["Impervious","Sword Boomerang"],"picked":"Havoc","floor":5},{"not_picked":["Armaments","Flex"],"picked":"Flame Barrier","floor":7},{"not_picked":["Clash","Flame Barrier"],"picked":"Reaper","floor":8},{"not_picked":["Heavy Blade","Bloodletting"],"picked":"Clothesline","floor":10},{"not_picked":["Dropkick","Flex"],"picked":"Shockwave","floor":14}],"player_experience":758327,"relics_obtained":[{"floor":7,"key":"MawBank"},{"floor":9,"key":"War Paint"},{"floor":12,"key":"Peace Pipe"},{"floor":14,"key":"WingedGreaves"}],"event_choices":[],"is_beta":false,"boss_relics":[],"items_purged_floors":[],"is_endless":false,"potions_floor_spawned":[2,5,7,14],"killed_by":"Slime Boss","ascension_level":12}