{"gold_per_floor":[111,186,204,204,223,255,255,330,357,367,380,406,417,427,427,523,523,541,641,641,641,652,686,704,704,731,757,856,17,27,45,45,45],"floor_reached":33,"playtime":3645,"items_purged":[],"score":314,"play_id":"8ef3f711-a2f4-4fdb-8519-8fcd758c2e79","local_time":"20181222233136","is_ascension_mode":true,"campfire_choices":[{"data":"Caltrops","floor":7,"key":"SMITH"},{"floor":15,"key":"REST"},{"floor":25,"key":"REST"},{"floor":32,"key":"REST"}],"neow_cost":"NONE","seed_source_timestamp":193745975124492,"circlet_count":0,"master_deck":["Defend_G+1","Defend_G+1","Defend_G+1","Defend_G+1","Strike_G+1","Strike_G+1","Strike_G+1","Survivor","Neutralize","Glass Knife+1","Prepared","Expertise","Backflip","Caltrops+1","Tactician","Outmaneuver","Backflip+1","Glass Knife","Blur+1","Malaise+1","Flechettes+1","Choke+1","Sucker Punch+1","Blade Dance+1","Flying Knee+1","Infinite Blades","Tactician+1","Slice+1","Deadly Poison+1","Secret Weapon+1","Discovery+1","All Out Attack","Leg Sweep+1"],"relics":["Ring of the Snake","Orichalcum","Toxic Egg 2","Astrolabe","Shovel","Matryoshka","Snake Skull","Strawberry","Vajra","Ginger","Gambling Chip","PreservedInsect"],"potions_floor_usage":[6,6,16,16,19,19,23,31,33],"damage_taken":[{"damage":0,"enemies":"2 Louse","floor":1,"turns":2},{"damage":0,"enemies":"Jaw Worm","floor":3,"turns":3},{"damage":0,"enemies":"Cultist","floor":5,"turns":3},{"damage":1,"enemies":"3 Sentries","floor":6,"turns":8},{"damage":0,"enemies":"Looter","floor":10,"turns":3},{"damage":11,"enemies":"Lots of Slimes","floor":11,"turns":3},{"damage":25,"enemies":"Gremlin Nob","floor":12,"turns":5},{"damage":0,"enemies":"2 Fungi Beasts","floor":13,"turns":2},{"damage":2,"enemies":"Blue Slaver","floor":14,"turns":3},{"damage":21,"enemies":"Slime Boss","floor":16,"turns":18},{"damage":0,"enemies":"3 Byrds","floor":18,"turns":4},{"damage":3,"enemies":"Colosseum Slavers","floor":19,"turns":5},{"damage":15,"enemies":"Colosseum Nobs","floor":19,"turns":6},{"damage":0,"enemies":"Chosen","floor":22,"turns":4},{"damage":34,"enemies":"Slavers","floor":23,"turns":6},{"damage":6,"enemies":"Centurion and Healer","floor":24,"turns":4},{"damage":26,"enemies":"Gremlin Leader","floor":27,"turns":9},{"damage":0,"enemies":"Chosen and Byrds","floor":30,"turns":3},{"damage":11,"enemies":"Sentry and Sphere","floor":31,"turns":4},{"damage":69,"enemies":"Automaton","floor":33,"turns":8}],"seed_played":"7554048264897984510","potions_obtained":[{"floor":3,"key":"Energy Potion"},{"floor":5,"key":"Strength Potion"},{"floor":13,"key":"PowerPotion"},{"floor":14,"key":"GhostInAJar"},{"floor":16,"key":"SteroidPotion"},{"floor":18,"key":"Block Potion"},{"floor":19,"key":"LiquidBronze"},{"floor":24,"key":"FairyPotion"}],"is_trial":false,"path_per_floor":["M","?","M","?","M","E","R","?","T","M","M","E","M","M","R","B",null,"M","?","?","?","M","E","M","R","T","E","?","$","M","M","R","B"],"character_chosen":"THE_SILENT","items_purchased":["Gambling Chip","PreservedInsect","Secret Weapon+1","Discovery+1","Fire Potion","SkillPotion"],"campfire_rested":3,"item_purchase_floors":[29,29,29,29,29,29],"current_hp_per_floor":[70,59,59,59,59,58,58,51,51,51,40,15,15,13,34,13,70,70,52,52,52,52,18,12,33,40,14,14,14,14,3,26,0],"gold":45,"neow_bonus":"ONE_RANDOM_RARE_CARD","is_prod":false,"is_daily":false,"chose_seed":false,"campfire_upgraded":1,"win_rate":0,"timestamp":1545539496,"path_taken":["M","?","M","?","?","E","R","?","T","M","M","E","?","M","R","BOSS","M","?","?","?","M","E","M","R","T","E","?","$","M","M","R","BOSS"],"build_version":"2018-12-20","purchased_purges":0,"victory":false,"max_hp_per_floor":[70,70,70,70,70,70,70,70,70,70,70,70,70,70,70,70,70,70,70,70,70,70,70,70,70,77,77,77,77,77,77,77,77],"card_choices":[{"not_picked":["Bane","Footwork"],"picked":"Prepared","floor":1},{"not_picked":["Deflect","Underhanded Strike"],"picked":"Expertise","floor":3},{"not_picked":["Blade Dance","Dagger Throw"],"picked":"Backflip","floor":5},{"not_picked":["Backstab","Tactician"],"picked":"Caltrops","floor":6},{"not_picked":["PiercingWail","Deadly Poison"],"picked":"Tactician","floor":10},{"not_picked":["Backflip","Dagger Spray"],"picked":"Outmaneuver","floor":11},{"not_picked":["Underhanded Strike","Quick Slash"],"picked":"Backflip","floor":12},{"not_picked":["Dagger Spray","Accuracy"],"picked":"Glass Knife","floor":13},{"not_picked":["Tactician+1","Escape Plan+1"],"picked":"Blur+1","floor":14},{"not_picked":["Wraith Form v2","Tools of the Trade"],"picked":"Malaise+1","floor":16},{"not_picked":["PiercingWail+1","Flying Knee"],"picked":"Blade Dance+1","floor":18},{"not_picked":["Bane","Dodge and Roll+1"],"picked":"Flying Knee+1","floor":19},{"not_picked":["Backflip+1","Blade Dance+1"],"picked":"Infinite Blades","floor":22},{"not_picked":["Sucker Punch","Deflect+1"],"picked":"Tactician+1","floor":23},{"not_picked":["Bane+1","Backflip+1"],"picked":"Slice+1","floor":24},{"not_picked":["Poisoned Stab","Dagger Spray"],"picked":"Deadly Poison+1","floor":27},{"not_picked":["Quick Slash","Finisher"],"picked":"All Out Attack","floor":30},{"not_picked":["Phantasmal Killer+1","Skewer"],"picked":"Leg Sweep+1","floor":31}],"player_experience":68719,"relics_obtained":[{"floor":6,"key":"Orichalcum"},{"floor":12,"key":"Toxic Egg 2"},{"floor":19,"key":"Shovel"},{"floor":19,"key":"Matryoshka"},{"floor":23,"key":"Snake Skull"},{"floor":26,"key":"Strawberry"},{"floor":26,"key":"Vajra"},{"floor":27,"key":"Ginger"}],"event_choices":[{"damage_healed":0,"gold_gain":75,"player_choice":"Gather Gold","damage_taken":11,"max_hp_gain":0,"max_hp_loss":0,"event_name":"World of Goop","floor":2,"gold_loss":0},{"damage_healed":0,"gold_gain":0,"player_choice":"Upgraded","damage_taken":0,"max_hp_gain":0,"max_hp_loss":0,"event_name":"Upgrade Shrine","floor":4,"gold_loss":0,"cards_upgraded":["Glass Knife"]},{"damage_healed":0,"gold_gain":75,"player_choice":"Touch","damage_taken":7,"max_hp_gain":0,"max_hp_loss":0,"event_name":"FaceTrader","floor":8,"gold_loss":0},{"damage_healed":0,"gold_gain":0,"player_choice":"Fight","damage_taken":0,"max_hp_gain":0,"max_hp_loss":0,"event_name":"Colosseum","floor":19,"gold_loss":0},{"damage_healed":0,"gold_gain":0,"player_choice":"Fought Nobs","damage_taken":0,"max_hp_gain":0,"max_hp_loss":0,"event_name":"Colosseum","floor":19,"gold_loss":0},{"damage_healed":0,"gold_gain":0,"player_choice":"Ignored","damage_taken":0,"max_hp_gain":0,"max_hp_loss":0,"event_name":"Vampires","floor":20,"gold_loss":0},{"damage_healed":0,"gold_gain":0,"player_choice":"Simplicity","damage_taken":0,"max_hp_gain":0,"max_hp_loss":0,"event_name":"Back to Basics","floor":21,"gold_loss":0,"cards_upgraded":["Defend_G","Defend_G","Defend_G","Defend_G","Strike_G","Strike_G","Strike_G"]},{"damage_healed":0,"gold_gain":99,"player_choice":"Stole From Cult","damage_taken":0,"max_hp_gain":0,"max_hp_loss":0,"event_name":"Nest","floor":28,"gold_loss":0}],"is_beta":false,"boss_relics":[{"not_picked":["Ring of the Serpent","Empty Cage"],"picked":"Astrolabe"}],"items_purged_floors":[],"is_endless":false,"potions_floor_spawned":[3,5,13,14,16,18,19,19,24],"killed_by":"Automaton","ascension_level":1}