{"gold_per_floor":[111,127,143,154,48,77,77,107,107,117,292,23,23,55,55,159,159,175,175,24,34,34,34,49,49],"floor_reached":25,"playtime":1607,"items_purged":["Doubt"],"score":332,"play_id":"69c70f7b-1e93-42ac-8786-22d59e6334f9","local_time":"20190912005743","is_ascension_mode":true,"campfire_choices":[{"floor":7.0,"key":"REST"},{"floor":15.0,"key":"REST"},{"floor":23,"key":"REST"}],"neow_cost":"NONE","seed_source_timestamp":0,"circlet_count":0,"master_deck":["AscendersBane","Strike_R","Strike_R","Strike_R","Strike_R","Strike_R","Defend_R","Defend_R+1","Defend_R","Defend_R+1","Bash","Spot Weakness","Rage","Cleave","Ghostly Armor","Inflame","Rage","Perfected Strike","Demon Form","Perfected Strike","Mayhem","Flex","Shrug It Off","Reaper","Shockwave+1","Clumsy","Metallicize+1","Infernal Blade","Rage"],"special_seed":0,"relics":["Burning Blood","Art of War","War Paint","Bag of Preparation","Pen Nib","Matryoshka","Cursed Key","Frozen Egg 2","Sundial"],"potions_floor_usage":[24,24],"damage_taken":[{"damage":20.0,"enemies":"Small Slimes","floor":1.0,"turns":5.0},{"damage":6.0,"enemies":"Cultist","floor":2.0,"turns":4.0},{"damage":3.0,"enemies":"2 Louse","floor":3.0,"turns":5.0},{"damage":11.0,"enemies":"Blue Slaver","floor":4.0,"turns":3.0},{"damage":34.0,"enemies":"Lagavulin","floor":6.0,"turns":6.0},{"damage":22.0,"enemies":"3 Sentries","floor":8.0,"turns":4.0},{"damage":21.0,"enemies":"Exordium Thugs","floor":10.0,"turns":6.0},{"damage":20.0,"enemies":"Lagavulin","floor":14.0,"turns":5.0},{"damage":26.0,"enemies":"Hexaghost","floor":16.0,"turns":9.0},{"damage":41,"enemies":"2 Thieves","floor":18,"turns":5},{"damage":21,"enemies":"Spheric Guardian","floor":21,"turns":6},{"damage":48,"enemies":"Shelled Parasite and Fungi","floor":24,"turns":6},{"damage":69,"enemies":"Gremlin Leader","floor":25,"turns":6}],"seed_played":"-3722062393624762829","potions_obtained":[{"floor":2.0,"key":"Explosive Potion"},{"floor":4.0,"key":"Poison Potion"},{"floor":14.0,"key":"Block Potion"},{"floor":16.0,"key":"SpeedPotion"},{"floor":18,"key":"Weak Potion"}],"is_trial":false,"path_per_floor":["M","M","M","M","$","E","R","E","T","M","?","$","?","E","R","B",null,"M","T","$","M","$","R","M","E"],"character_chosen":"IRONCLAD","items_purchased":["Inflame","Rage","Fruit Juice","Mayhem","Metallicize+1"],"campfire_rested":3,"item_purchase_floors":[5,5,12,12,20],"current_hp_per_floor":[58,58,61,56,56,28,52,36,36,21,21,26,26,12,37,17,68,43,43,43,28,28,53,43,0],"gold":49,"neow_bonus":"RANDOM_COMMON_RELIC","is_prod":false,"is_daily":false,"chose_seed":false,"campfire_upgraded":0,"win_rate":0,"timestamp":1568264263,"path_taken":["M","M","M","M","$","E","R","E","T","M","?","$","?","E","R","BOSS","M","?","$","M","$","R","M","E"],"build_version":"2019-07-17","purchased_purges":1,"victory":false,"max_hp_per_floor":[80,80,80,80,80,80,80,80,80,80,80,85,85,85,85,85,85,85,85,85,85,85,85,85,85],"card_choices":[{"not_picked":["Wild Strike","True Grit"],"picked":"Spot Weakness","floor":1.0},{"not_picked":["Body Slam","Fire Breathing"],"picked":"Rage","floor":2.0},{"not_picked":["Second Wind","Flex"],"picked":"Cleave","floor":3.0},{"not_picked":["Evolve","Cleave"],"picked":"Ghostly Armor","floor":4.0},{"not_picked":["Metallicize","Armaments"],"picked":"Perfected Strike","floor":6.0},{"not_picked":["Thunderclap","Clash"],"picked":"Demon Form","floor":8.0},{"not_picked":["Heavy Blade","Iron Wave"],"picked":"Perfected Strike","floor":10.0},{"not_picked":["Whirlwind","Sever Soul"],"picked":"Shrug It Off","floor":14.0},{"not_picked":["Limit Break","Brutality"],"picked":"Reaper","floor":16.0},{"not_picked":["Cleave","Feel No Pain"],"picked":"Shockwave+1","floor":18},{"not_picked":["Warcry","Clash"],"picked":"Infernal Blade","floor":21},{"not_picked":["Warcry","Burning Pact"],"picked":"Rage","floor":24}],"player_experience":578705,"relics_obtained":[{"floor":6.0,"key":"War Paint"},{"floor":8.0,"key":"Bag of Preparation"},{"floor":9.0,"key":"Pen Nib"},{"floor":14.0,"key":"Matryoshka"},{"floor":19,"key":"Frozen Egg 2"},{"floor":19,"key":"Sundial"}],"event_choices":[{"damage_healed":0.0,"max_hp_gain":0.0,"max_hp_loss":0.0,"gold_gain":175.0,"event_name":"Liars Game","player_choice":"AGREE","floor":11.0,"gold_loss":0.0,"damage_taken":0.0,"cards_obtained":["Doubt"]},{"damage_healed":0.0,"max_hp_gain":0.0,"max_hp_loss":0.0,"gold_gain":0.0,"event_name":"Match and Keep!","player_choice":"1 cards matched","floor":13.0,"gold_loss":0.0,"damage_taken":0.0,"cards_obtained":["Flex"]}],"is_beta":false,"boss_relics":[{"not_picked":["Orrery","Calling Bell"],"picked":"Cursed Key"}],"items_purged_floors":[20],"is_endless":false,"potions_floor_spawned":[2,4,14,16,18],"killed_by":"Gremlin Leader","ascension_level":10}