{"gold_per_floor":[113,113,63,63,238,266,266,296,296,309,321,340,374,387,387,482,482,498,143,157,72,72,103,103,114,114,143,62,73,91,91,91,91],"floor_reached":33,"playtime":1293,"items_purged":["Doubt"],"score":457,"play_id":"0764cfa9-bdf3-4e77-a2e0-9c0a71bb3d5c","local_time":"20190908085303","is_ascension_mode":true,"campfire_choices":[{"data":"Spot Weakness","floor":7,"key":"SMITH"},{"floor":15,"key":"REST"},{"data":"Double Tap","floor":24,"key":"SMITH"},{"data":"J.A.X.","floor":32,"key":"SMITH"}],"neow_cost":"NONE","seed_source_timestamp":142353595035600,"circlet_count":0,"master_deck":["Defend_R+1","Defend_R","Defend_R","Bash","Cleave","Spot Weakness+1","Wild Strike","Pommel Strike","Flex+1","Sword Boomerang","Double Tap+1","Fiend Fire","Anger+1","Battle Trance","Sword Boomerang+1","Bite+1","Bite+1","Bite+1","Bite+1","Bite+1","Havoc","Spot Weakness","Double Tap","Inflame+1","Sword Boomerang+1","Heavy Blade+1","J.A.X.+1"],"relics":["Burning Blood","NeowsBlessing","Gremlin Horn","Meat on the Bone","Strawberry","Frozen Egg 2","War Paint","Eternal Feather","Molten Egg 2","PreservedInsect","Darkstone Periapt","Ornamental Fan","Blood Vial"],"potions_floor_usage":[16,23,23,33],"damage_taken":[{"damage":0,"enemies":"Small Slimes","floor":1,"turns":1},{"damage":0,"enemies":"Lagavulin","floor":6,"turns":1},{"damage":0,"enemies":"Jaw Worm","floor":10,"turns":1},{"damage":0,"enemies":"2 Louse","floor":11,"turns":1},{"damage":21,"enemies":"Blue Slaver","floor":12,"turns":3},{"damage":30,"enemies":"3 Sentries","floor":13,"turns":6},{"damage":12,"enemies":"2 Fungi Beasts","floor":14,"turns":2},{"damage":76,"enemies":"Hexaghost","floor":16,"turns":9},{"damage":25,"enemies":"Spheric Guardian","floor":18,"turns":4},{"damage":13,"enemies":"3 Byrds","floor":20,"turns":4},{"damage":20,"enemies":"Book of Stabbing","floor":23,"turns":3},{"damage":12,"enemies":"Cultist and Chosen","floor":25,"turns":3},{"damage":14,"enemies":"Gremlin Leader","floor":27,"turns":3},{"damage":0,"enemies":"Sentry and Sphere","floor":29,"turns":2},{"damage":24,"enemies":"Snecko","floor":30,"turns":4},{"damage":102,"enemies":"Collector","floor":33,"turns":6}],"seed_played":"-295152140076063887","potions_obtained":[{"floor":1,"key":"Swift Potion"},{"floor":12,"key":"Weak Potion"},{"floor":14,"key":"Weak Potion"},{"floor":20,"key":"Poison Potion"},{"floor":25,"key":"Poison Potion"},{"floor":27,"key":"LiquidBronze"}],"is_trial":false,"path_per_floor":["M","?","?","T","?","E","R","?","T","M","M","M","E","M","R","B",null,"M","$","M","?","?","E","R","M","T","E","$","M","M","?","R","B"],"character_chosen":"IRONCLAD","items_purchased":["Battle Trance","Molten Egg 2","Inflame+1"],"campfire_rested":1,"item_purchase_floors":[19,19,28],"current_hp_per_floor":[78,75,75,75,75,80,80,87,87,87,87,72,60,54,80,22,71,52,52,57,57,57,46,58,57,57,52,52,60,51,51,60,0],"gold":91,"neow_bonus":"THREE_ENEMY_KILL","is_prod":false,"is_daily":false,"chose_seed":false,"campfire_upgraded":3,"win_rate":0,"timestamp":1567947183,"path_taken":["M","?","?","?","?","E","R","?","T","M","M","?","E","M","R","BOSS","M","$","M","?","?","E","R","M","T","E","?","?","M","?","R","BOSS"],"build_version":"2019-07-17","purchased_purges":1,"victory":false,"max_hp_per_floor":[80,80,80,80,80,80,80,87,87,87,87,87,87,87,87,87,87,87,87,87,87,60,60,60,60,60,60,60,60,60,60,60,60],"card_choices":[{"not_picked":["Pummel","Clothesline"],"picked":"Cleave","floor":1},{"not_picked":["Whirlwind","Clothesline"],"picked":"Spot Weakness","floor":6},{"not_picked":["Power Through","Anger"],"picked":"Wild Strike","floor":10},{"not_picked":["Searing Blow","True Grit"],"picked":"Pommel Strike","floor":11},{"not_picked":["Fire Breathing+1","Bloodletting"],"picked":"Flex","floor":12},{"not_picked":["Corruption+1","Clash"],"picked":"Sword Boomerang","floor":13},{"not_picked":["Hemokinesis","Battle Trance"],"picked":"Double Tap","floor":14},{"not_picked":["Bludgeon","Impervious"],"picked":"Fiend Fire","floor":16},{"not_picked":["Shrug It Off","Headbutt"],"picked":"Anger+1","floor":18},{"not_picked":["Clothesline+1","Warcry"],"picked":"Sword Boomerang+1","floor":20},{"not_picked":["Burning Pact","Sentinel"],"picked":"Havoc","floor":23},{"not_picked":["Body Slam+1","Metallicize+1"],"picked":"Spot Weakness","floor":25},{"not_picked":["Sever Soul+1","Headbutt+1"],"picked":"Double Tap","floor":27},{"not_picked":["Clothesline+1","Spot Weakness+1"],"picked":"Sword Boomerang+1","floor":29},{"not_picked":["Clash+1","Cleave+1"],"picked":"Heavy Blade+1","floor":30}],"player_experience":505003,"relics_obtained":[{"floor":6,"key":"Meat on the Bone"},{"floor":9,"key":"Frozen Egg 2"},{"floor":13,"key":"War Paint"},{"floor":23,"key":"Darkstone Periapt"},{"floor":26,"key":"Ornamental Fan"},{"floor":27,"key":"Blood Vial"}],"event_choices":[{"damage_healed":0,"gold_gain":0,"player_choice":"Success","damage_taken":3,"relics_obtained":["Gremlin Horn"],"max_hp_gain":0,"max_hp_loss":0,"event_name":"Scrap Ooze","floor":2,"gold_loss":0},{"cards_removed":["Defend_R"],"damage_healed":0,"gold_gain":0,"player_choice":"Card Removal","damage_taken":0,"max_hp_gain":0,"max_hp_loss":0,"event_name":"The Cleric","floor":3,"gold_loss":50},{"damage_healed":0,"gold_gain":175,"player_choice":"AGREE","damage_taken":0,"max_hp_gain":0,"max_hp_loss":0,"event_name":"Liars Game","floor":5,"gold_loss":0,"cards_obtained":["Doubt"]},{"damage_healed":0,"gold_gain":30,"player_choice":"Searched \u00273\u0027 times","damage_taken":0,"relics_obtained":["Strawberry"],"max_hp_gain":0,"max_hp_loss":0,"event_name":"Dead Adventurer","floor":8,"gold_loss":0},{"damage_healed":0,"gold_gain":0,"player_choice":"Obtained Relic","damage_taken":0,"relics_obtained":["PreservedInsect"],"max_hp_gain":0,"max_hp_loss":0,"event_name":"Addict","floor":21,"gold_loss":85},{"damage_healed":0,"gold_gain":0,"player_choice":"Became a vampire","damage_taken":0,"max_hp_gain":0,"max_hp_loss":27,"event_name":"Vampires","floor":22,"gold_loss":0,"cards_obtained":["Bite","Bite","Bite","Bite","Bite"]},{"damage_healed":0,"gold_gain":0,"player_choice":"Obtain J.A.X.","damage_taken":0,"max_hp_gain":0,"max_hp_loss":0,"event_name":"Drug Dealer","floor":31,"gold_loss":0,"cards_obtained":["J.A.X."]}],"is_beta":false,"boss_relics":[{"not_picked":["Runic Dome","Sozu"],"picked":"Eternal Feather"}],"items_purged_floors":[19],"is_endless":false,"potions_floor_spawned":[1,12,14,20,25,27,30],"killed_by":"Collector","ascension_level":7}