{"gold_per_floor":[109,127,142,153,172,172,185,213,213,213,163,189,199,199,199,300,300,316,331,331,345,435,460,460,476,476,490,490,500,46,94,94,191,191,210,221,268,268,69,96,96,25,72,72,72,83,97,97,97,97],"floor_reached":51,"playtime":2899,"items_purged":["Hyperbeam","Cold Snap"],"score":1125,"play_id":"9d815b42-bfb3-4f0b-8103-becbbdea5980","local_time":"20190930134041","is_ascension_mode":true,"campfire_choices":[{"data":"Zap","floor":6,"key":"SMITH"},{"data":"Electrodynamics","floor":10,"key":"SMITH"},{"data":"Multi-Cast","floor":15,"key":"SMITH"},{"floor":24,"key":"REST"},{"data":"White Noise","floor":28,"key":"SMITH"},{"data":"Creative AI","floor":32,"key":"SMITH"},{"data":"Redo","floor":41,"key":"SMITH"},{"data":"Tempest","floor":44,"key":"SMITH"},{"data":"Storm","floor":49,"key":"SMITH"}],"neow_cost":"NONE","seed_source_timestamp":954168774281200,"circlet_count":0,"master_deck":["Zap+1","Dualcast","Reinforced Body","Turbo","Electrodynamics+1","BootSequence","White Noise+1","Turbo","Ball Lightning+1","Multi-Cast+1","Thunder Strike","Defragment","Hologram","Melter+1","Capacitor","Auto Shields","Electrodynamics","Leap+1","Ghostly","Ghostly","Ghostly","Ghostly","Ghostly","Go for the Eyes","Defragment","White Noise","Defragment","Creative AI+1","White Noise+1","Self Repair","Creative AI","Reinforced Body+1","Static Discharge+1","Redo+1","Defragment","Tempest+1","Parasite","Storm+1"],"relics":["Cracked Core","theSenshi:SailorFukuRelic","Ornamental Fan","FossilizedHelix","Bottled Lightning","Pandora\u0027s Box","The Courier","Kunai","Pantograph","DollysMirror","Orichalcum","Coffee Dripper","CatCart","Whetstone","Meat on the Bone","Art of War","Strawberry"],"potions_floor_usage":[8,8,12,16,19,23,25,29,47,50,50],"damage_taken":[{"damage":1,"enemies":"Cultist","floor":1,"turns":3},{"damage":0,"enemies":"Small Slimes","floor":2,"turns":3},{"damage":2,"enemies":"Jaw Worm","floor":3,"turns":3},{"damage":9,"enemies":"2 Fungi Beasts","floor":4,"turns":3},{"damage":10,"enemies":"Looter","floor":5,"turns":3},{"damage":17,"enemies":"Exordium Thugs","floor":7,"turns":4},{"damage":6,"enemies":"Lagavulin","floor":8,"turns":6},{"damage":9,"enemies":"3 Sentries","floor":12,"turns":3},{"damage":0,"enemies":"Lots of Slimes","floor":13,"turns":1},{"damage":11,"enemies":"The Guardian","floor":16,"turns":7},{"damage":5,"enemies":"Shell Parasite","floor":18,"turns":4},{"damage":11,"enemies":"2 Thieves","floor":19,"turns":2},{"damage":14,"enemies":"Cultist and Chosen","floor":21,"turns":8},{"damage":0,"enemies":"Gremlin Leader","floor":23,"turns":6},{"damage":0,"enemies":"Shelled Parasite and Fungi","floor":25,"turns":4},{"damage":0,"enemies":"3 Cultists","floor":27,"turns":3},{"damage":0,"enemies":"Centurion and Healer","floor":29,"turns":5},{"damage":17,"enemies":"Collector","floor":33,"turns":10},{"damage":0,"enemies":"3 Darklings","floor":35,"turns":3},{"damage":0,"enemies":"Orb Walker","floor":36,"turns":4},{"damage":0,"enemies":"Orin","floor":37,"turns":5},{"damage":0,"enemies":"Reptomancer","floor":40,"turns":6},{"damage":0,"enemies":"Writhing Mass","floor":46,"turns":7},{"damage":0,"enemies":"3 Darklings","floor":47,"turns":4},{"damage":0,"enemies":"Awakened One","floor":50,"turns":8}],"seed_played":"8591509663591244380","potions_obtained":[{"floor":3,"key":"Dexterity Potion"},{"floor":4,"key":"Regen Potion"},{"floor":8,"key":"AttackPotion"},{"floor":13,"key":"Swift Potion"},{"floor":18,"key":"GamblersBrew"},{"floor":21,"key":"PowerPotion"},{"floor":23,"key":"EssenceOfSteel"},{"floor":40,"key":"SkillPotion"},{"floor":47,"key":"FocusPotion"}],"is_trial":false,"path_per_floor":["M","M","M","M","M","R","M","E","T","R","?","E","M","T","R","B",null,"M","M","?","M","?","E","R","M","T","M","R","M","$","T","R","B",null,"M","M","?","?","$","E","R","$","T","R","T","M","M","?","R","B",null],"character_chosen":"DEFECT","items_purchased":["Pantograph","DollysMirror","Self Repair","Whetstone","SkillPotion","Tempest"],"campfire_rested":1,"item_purchase_floors":[30,30,30,39,42,42],"current_hp_per_floor":[74,74,72,63,53,53,36,45,45,45,45,36,36,36,36,25,68,63,52,41,27,3,3,15,15,15,15,15,15,15,15,15,30,38,38,41,41,41,41,41,41,41,41,41,48,48,48,48,48,48],"gold":97,"neow_bonus":"TEN_PERCENT_HP_BONUS","is_prod":false,"is_daily":false,"chose_seed":false,"campfire_upgraded":8,"win_rate":0,"timestamp":1569847241,"path_taken":["M","M","?","M","M","R","M","E","T","R","?","E","M","?","R","BOSS","M","M","?","M","?","E","R","M","T","?","R","M","$","?","R","BOSS","M","M","?","?","?","E","R","$","T","R","?","M","M","?","R","BOSS"],"build_version":"2019-07-17","purchased_purges":2,"victory":true,"max_hp_per_floor":[82,82,82,82,82,82,82,82,82,82,82,82,82,82,82,82,82,82,82,41,41,41,41,41,41,41,41,41,41,41,41,41,41,41,41,41,41,41,41,41,41,41,41,41,48,48,48,48,48,48],"card_choices":[{"not_picked":["Barrage","Steam"],"picked":"Reinforced Body","floor":1},{"not_picked":["Compile Driver","Cold Snap"],"picked":"Turbo","floor":2},{"not_picked":["Go for the Eyes","Gash"],"picked":"Cold Snap","floor":3},{"not_picked":["Coolheaded","Consume"],"picked":"Electrodynamics","floor":4},{"not_picked":["Redo","Gash"],"picked":"BootSequence","floor":5},{"not_picked":["Scrape","Hello World"],"picked":"White Noise","floor":7},{"not_picked":["Hologram","Go for the Eyes"],"picked":"Turbo","floor":8},{"not_picked":["Gash","Redo"],"picked":"Ball Lightning","floor":12},{"not_picked":["Steam Power","Force Field"],"picked":"Multi-Cast","floor":13},{"not_picked":["Meteor Strike","Electrodynamics"],"picked":"Thunder Strike","floor":16},{"not_picked":["Barrage","Melter"],"picked":"Leap+1","floor":18},{"not_picked":["Melter","Compile Driver","Cold Snap"],"picked":"SKIP","floor":19},{"not_picked":["Rebound","Heatsinks"],"picked":"Go for the Eyes","floor":21},{"not_picked":["Hologram","Compile Driver"],"picked":"Defragment","floor":23},{"not_picked":["Reprogram","Recycle"],"picked":"White Noise","floor":25},{"not_picked":["Cold Snap","Reinforced Body"],"picked":"Defragment","floor":27},{"not_picked":["Hologram","Redo"],"picked":"Creative AI","floor":29},{"not_picked":["Rainbow","Thunder Strike"],"picked":"Creative AI","floor":33},{"not_picked":["Genetic Algorithm+1","Cold Snap"],"picked":"Reinforced Body+1","floor":35},{"not_picked":["Glacier","Coolheaded"],"picked":"Static Discharge+1","floor":36},{"not_picked":["Coolheaded+1","Stack+1"],"picked":"Redo","floor":37},{"not_picked":["Barrage","Undo"],"picked":"Defragment","floor":40},{"not_picked":["Rebound","Coolheaded+1","Darkness"],"picked":"SKIP","floor":46},{"not_picked":["Aggregate","Chaos+1"],"picked":"Storm","floor":47}],"player_experience":428962,"relics_obtained":[{"floor":8,"key":"theSenshi:SailorFukuRelic"},{"floor":9,"key":"Ornamental Fan"},{"floor":12,"key":"FossilizedHelix"},{"floor":14,"key":"Bottled Lightning"},{"floor":23,"key":"The Courier"},{"floor":26,"key":"Kunai"},{"floor":31,"key":"Orichalcum"},{"floor":37,"key":"CatCart"},{"floor":40,"key":"Meat on the Bone"},{"floor":43,"key":"Art of War"},{"floor":45,"key":"Strawberry"}],"event_choices":[{"cards_removed":["Strike_B"],"damage_healed":0,"gold_gain":0,"player_choice":"Card Removal","damage_taken":0,"max_hp_gain":0,"max_hp_loss":0,"event_name":"The Cleric","floor":11,"gold_loss":50},{"damage_healed":0,"gold_gain":0,"player_choice":"Became a Ghost","damage_taken":0,"max_hp_gain":0,"max_hp_loss":41,"event_name":"Ghosts","floor":20,"gold_loss":0,"cards_obtained":["Ghostly","Ghostly","Ghostly","Ghostly","Ghostly"]},{"damage_healed":0,"gold_gain":90,"player_choice":"POTION POTION GOLD ","damage_taken":24,"max_hp_gain":0,"max_hp_loss":0,"event_name":"Knowing Skull","floor":22,"potions_obtained":["Strength Potion","Energy Potion"],"gold_loss":0,"cards_obtained":[]},{"damage_healed":0,"gold_gain":0,"player_choice":"Fight","damage_taken":0,"max_hp_gain":0,"max_hp_loss":0,"event_name":"OrinTheCat","floor":37,"gold_loss":0},{"damage_healed":0,"gold_gain":0,"player_choice":"Ignored","damage_taken":0,"max_hp_gain":0,"max_hp_loss":0,"event_name":"Tomb of Lord Red Mask","floor":38,"gold_loss":0},{"damage_healed":0,"gold_gain":0,"player_choice":"Ignored","damage_taken":0,"max_hp_gain":0,"max_hp_loss":0,"event_name":"SecretPortal","floor":48,"gold_loss":0}],"is_beta":false,"boss_relics":[{"not_picked":["Orrery","Ectoplasm"],"picked":"Pandora\u0027s Box"},{"not_picked":["Busted Crown","Astrolabe"],"picked":"Coffee Dripper"}],"items_purged_floors":[30,39],"is_endless":false,"potions_floor_spawned":[3,4,8,13,18,21,23,40,47],"ascension_level":7}