{"gold_per_floor":[115,133,133,145,160,193,193,227,227,241,241,241,241,257,257,378,378,399,413,328,364,388,432,432,29,53,84,84,6,6,25,25,146,209,232,251,270,20,41,77,77,111,136,136,151,184,30,363,363,363,363,363,37,63,63],"floor_reached":55,"playtime":3240,"items_purged":["Defend_G"],"score":947,"play_id":"70dd2b37-1648-47f2-bac4-ebe4fef41afb","local_time":"20190113014413","is_ascension_mode":true,"campfire_choices":[{"floor":7,"key":"REST"},{"data":"1","floor":13,"key":"LIFT"},{"data":"2","floor":15,"key":"LIFT"},{"data":"3","floor":24,"key":"LIFT"},{"floor":30,"key":"RECALL"},{"floor":32,"key":"REST"},{"floor":41,"key":"REST"},{"floor":44,"key":"REST"},{"floor":49,"key":"REST"},{"floor":52,"key":"REST"}],"neow_cost":"NONE","seed_source_timestamp":369959462517034,"circlet_count":0,"master_deck":["Defend_G","Defend_G","Defend_G","Strike_G+1","Strike_G","Survivor+1","Neutralize","Cloak And Dagger+1","Riddle With Holes","Choke","Backstab","Cloak And Dagger","Cloak And Dagger","Infinite Blades","Finisher","Injury","Blade Dance","Envenom","Flechettes+1","Outmaneuver+1","Grand Finale+1","Deadly Poison+1","Backstab","Infinite Blades+1","Dodge and Roll","Dash","Mayhem","Leg Sweep","Backstab","Leg Sweep+1","A Thousand Cuts","Poisoned Stab","Cloak And Dagger+1","Dash","Noxious Fumes+1","Cloak And Dagger","Predator+1","Dodge and Roll+1","PiercingWail","Dodge and Roll+1","Glass Knife","Endless Agony+1","Escape Plan+1","Noxious Fumes","Accuracy"],"relics":["Fusion Hammer","Darkstone Periapt","Matryoshka","Smiling Mask","Girya","Astrolabe","Gremlin Horn","Red Mask","Paper Crane","Bag of Marbles","Snake Skull","Anchor","Tiny House","Toy Ornithopter","Blood Vial","War Paint","PreservedInsect","Oddly Smooth Stone","Dream Catcher","Ornamental Fan","Lantern"],"potions_floor_usage":[5,22,22,22,23,46,50,50],"damage_taken":[{"damage":4,"enemies":"Cultist","floor":1,"turns":5},{"damage":0,"enemies":"2 Louse","floor":2,"turns":3},{"damage":0,"enemies":"Small Slimes","floor":4,"turns":2},{"damage":3,"enemies":"2 Fungi Beasts","floor":5,"turns":3},{"damage":11,"enemies":"3 Sentries","floor":6,"turns":10},{"damage":13,"enemies":"Lagavulin","floor":8,"turns":5},{"damage":0,"enemies":"3 Louse","floor":10,"turns":3},{"damage":6,"enemies":"Blue Slaver","floor":14,"turns":2},{"damage":13,"enemies":"Hexaghost","floor":16,"turns":7},{"damage":6,"enemies":"Shell Parasite","floor":18,"turns":2},{"damage":5,"enemies":"Chosen","floor":19,"turns":3},{"damage":7,"enemies":"Masked Bandits","floor":21,"turns":4},{"damage":0,"enemies":"Centurion and Healer","floor":22,"turns":3},{"damage":0,"enemies":"Gremlin Leader","floor":23,"turns":4},{"damage":1,"enemies":"Book of Stabbing","floor":27,"turns":4},{"damage":0,"enemies":"Snecko","floor":31,"turns":3},{"damage":25,"enemies":"Collector","floor":33,"turns":7},{"damage":0,"enemies":"Orb Walker","floor":35,"turns":2},{"damage":11,"enemies":"3 Shapes","floor":36,"turns":4},{"damage":18,"enemies":"3 Darklings","floor":37,"turns":4},{"damage":0,"enemies":"4 Shapes","floor":39,"turns":3},{"damage":48,"enemies":"Giant Head","floor":40,"turns":10},{"damage":0,"enemies":"Reptomancer","floor":42,"turns":6},{"damage":2,"enemies":"Jaw Worm Horde","floor":45,"turns":4},{"damage":25,"enemies":"Giant Head","floor":46,"turns":7},{"damage":65,"enemies":"Time Eater","floor":50,"turns":12},{"damage":0,"enemies":"Shield and Spear","floor":54,"turns":4},{"damage":81,"enemies":"The Heart","floor":55,"turns":9}],"seed_played":"5240717931767081621","potions_obtained":[{"floor":2,"key":"Swift Potion"},{"floor":8,"key":"EssenceOfSteel"},{"floor":14,"key":"SkillPotion"},{"floor":21,"key":"AttackPotion"},{"floor":22,"key":"SkillPotion"},{"floor":23,"key":"GamblersBrew"},{"floor":34,"key":"LiquidBronze"},{"floor":36,"key":"Weak Potion"},{"floor":39,"key":"LiquidBronze"}],"is_trial":false,"path_per_floor":["M","M","?","M","M","E","R","E","T","M","?","?","R","M","R","B",null,"M","M","?","?","M","E","R","$","T","E","?","$","R","M","R","B",null,"M","M","M","$","M","E","R","E","T","R","M","E","$","?","R","B",null,"R","$","E","B"],"character_chosen":"THE_SILENT","items_purchased":["Mayhem","Leg Sweep","Bag of Marbles","GhostInAJar","Toy Ornithopter","Cloak And Dagger","Dream Catcher","Ornamental Fan","Noxious Fumes"],"campfire_rested":6,"item_purchase_floors":[25,25,25,29,38,38,47,53,53],"current_hp_per_floor":[66,66,52,52,49,38,59,46,46,46,46,52,52,46,46,33,76,70,65,65,58,58,58,58,58,58,57,57,57,57,57,76,51,81,81,70,52,52,52,4,28,30,30,54,54,36,36,36,60,7,81,81,81,81,0],"gold":63,"neow_bonus":"BOSS_RELIC","is_prod":false,"is_daily":false,"chose_seed":false,"campfire_upgraded":0,"win_rate":0,"timestamp":1547361853,"path_taken":["M","M","?","M","M","E","R","E","T","M","?","?","R","M","R","BOSS","M","M","?","?","M","E","R","$","T","E","?","$","R","?","R","BOSS","M","M","M","$","M","E","R","E","T","R","?","E","$","?","R","BOSS","R","$","E","BOSS"],"build_version":"2019-01-10","purchased_purges":1,"victory":false,"max_hp_per_floor":[70,70,70,70,70,70,70,70,70,70,70,76,76,76,76,76,76,76,76,76,76,76,76,76,76,76,76,76,76,76,76,76,76,81,81,81,81,81,81,81,81,81,81,81,81,81,81,81,81,81,81,81,81,81,81],"card_choices":[{"not_picked":["Quick Slash","Backflip"],"picked":"Cloak And Dagger","floor":1},{"not_picked":["Calculated Gamble","Masterful Stab"],"picked":"Riddle With Holes","floor":2},{"not_picked":["Bane","Catalyst"],"picked":"Choke","floor":4},{"not_picked":["Calculated Gamble","Terror"],"picked":"Backstab","floor":5},{"not_picked":["Backflip","Skewer"],"picked":"Cloak And Dagger","floor":6},{"not_picked":["Poisoned Stab","Outmaneuver"],"picked":"Cloak And Dagger","floor":8},{"not_picked":["Outmaneuver","Dagger Spray"],"picked":"Infinite Blades","floor":10},{"not_picked":["Escape Plan","Dagger Spray"],"picked":"Blade Dance","floor":14},{"not_picked":["A Thousand Cuts","Bullet Time"],"picked":"Envenom","floor":16},{"not_picked":["Bane","Sucker Punch"],"picked":"Deadly Poison+1","floor":18},{"not_picked":["Dagger Throw+1","Distraction"],"picked":"Backstab","floor":19},{"not_picked":["Outmaneuver+1","Flying Knee+1"],"picked":"Infinite Blades","floor":21},{"not_picked":["Dagger Spray","Flying Knee+1"],"picked":"Dodge and Roll","floor":22},{"not_picked":["Quick Slash+1","Unload"],"picked":"Dash","floor":23},{"not_picked":["Concentrate","Poisoned Stab"],"picked":"Backstab","floor":27},{"not_picked":["Deadly Poison","Flying Knee"],"picked":"Leg Sweep+1","floor":31},{"not_picked":["Tools of the Trade","Glass Knife"],"picked":"A Thousand Cuts","floor":33},{"not_picked":["Slice","Acrobatics"],"picked":"Poisoned Stab","floor":34},{"not_picked":["Blade Dance+1","Sucker Punch"],"picked":"Cloak And Dagger","floor":35},{"not_picked":["Calculated Gamble+1","Concentrate"],"picked":"Dash","floor":36},{"not_picked":["Quick Slash+1","Tactician"],"picked":"Noxious Fumes+1","floor":37},{"not_picked":["Poisoned Stab+1","Sucker Punch+1"],"picked":"Predator+1","floor":39},{"not_picked":["Blade Dance","Envenom"],"picked":"Dodge and Roll+1","floor":40},{"not_picked":["Quick Slash+1","Deadly Poison+1"],"picked":"PiercingWail","floor":42},{"not_picked":["Underhanded Strike","Expertise"],"picked":"Dodge and Roll+1","floor":45},{"not_picked":["Deflect+1","All Out Attack+1"],"picked":"Glass Knife","floor":46},{"not_picked":["Dagger Throw","Poisoned Stab"],"picked":"Endless Agony+1","floor":49},{"not_picked":["Bane+1","Acrobatics+1"],"picked":"Escape Plan+1","floor":52},{"not_picked":["Blade Dance+1","Catalyst"],"picked":"Accuracy","floor":54}],"player_experience":392992,"relics_obtained":[{"floor":6,"key":"Darkstone Periapt"},{"floor":8,"key":"Matryoshka"},{"floor":9,"key":"Smiling Mask"},{"floor":9,"key":"Girya"},{"floor":21,"key":"Red Mask"},{"floor":23,"key":"Paper Crane"},{"floor":26,"key":"Snake Skull"},{"floor":27,"key":"Anchor"},{"floor":40,"key":"Blood Vial"},{"floor":42,"key":"War Paint"},{"floor":43,"key":"PreservedInsect"},{"floor":46,"key":"Oddly Smooth Stone"},{"floor":54,"key":"Lantern"}],"event_choices":[{"damage_healed":0,"gold_gain":0,"player_choice":"Entered Light","damage_taken":14,"max_hp_gain":0,"max_hp_loss":0,"event_name":"Shining Light","floor":3,"gold_loss":0,"cards_upgraded":["Survivor","Strike_G"]},{"damage_healed":0,"gold_gain":0,"cards_transformed":["Strike_G"],"player_choice":"Change","damage_taken":0,"max_hp_gain":0,"max_hp_loss":0,"event_name":"Living Wall","floor":11,"gold_loss":0,"cards_obtained":["Finisher"]},{"damage_healed":0,"gold_gain":0,"player_choice":"Take Wound","damage_taken":0,"relics_obtained":["Golden Idol"],"max_hp_gain":0,"max_hp_loss":0,"event_name":"Golden Idol","floor":12,"gold_loss":0,"cards_obtained":["Injury"]},{"damage_healed":0,"gold_gain":0,"player_choice":"Obtained Relic","damage_taken":0,"relics_obtained":["Gremlin Horn"],"max_hp_gain":0,"max_hp_loss":0,"event_name":"Addict","floor":20,"gold_loss":85},{"damage_healed":0,"gold_gain":0,"player_choice":"Fought Bandits","damage_taken":0,"max_hp_gain":0,"max_hp_loss":0,"event_name":"Masked Bandits","floor":21,"gold_loss":0},{"damage_healed":0,"gold_gain":0,"player_choice":"Ignored","damage_taken":0,"max_hp_gain":0,"max_hp_loss":0,"event_name":"NoteForYourself","floor":28,"gold_loss":0},{"damage_healed":0,"gold_gain":333,"player_choice":"Gave Idol","damage_taken":0,"max_hp_gain":0,"max_hp_loss":0,"event_name":"The Moai Head","floor":48,"relics_lost":["Golden Idol"],"gold_loss":0}],"is_beta":false,"boss_relics":[{"not_picked":["White Beast Statue","Calling Bell"],"picked":"Astrolabe"},{"not_picked":["Philosopher\u0027s Stone","Runic Dome"],"picked":"Tiny House"}],"items_purged_floors":[25],"is_endless":false,"potions_floor_spawned":[2,8,14,21,22,23,36,39,40,45],"killed_by":"The Heart","ascension_level":1}