{"gold_per_floor":[118,135,135,149,149,176,101,126,126,140,170,183,47,76,76,178,178,198,398,409,420,440,472,485,485,512,532,542,568,568,568,568,664,664,680,691,691,691,423,457,472,498,522,541,541,153,185,200,200,200],"floor_reached":50,"playtime":6004,"items_purged":["Strike_G","Defend_G","Strike_G","Defend_G"],"score":879,"play_id":"3fb3046d-08e2-48c2-a9f8-6d96156fcaba","local_time":"20181218001743","is_ascension_mode":false,"campfire_choices":[{"data":"Footwork","floor":15,"key":"SMITH"},{"floor":25,"key":"RECALL"},{"floor":30,"key":"DIG"},{"floor":32,"key":"DIG"},{"floor":45,"key":"DIG"},{"floor":49,"key":"DIG"}],"neow_cost":"NONE","seed_source_timestamp":125056478870399,"circlet_count":0,"master_deck":["Defend_G","Defend_G","Strike_G","Survivor","Neutralize+1","Escape Plan+1","Quick Slash","Dash","Dagger Throw","Footwork+1","Flying Knee","Escape Plan","A Thousand Cuts","Flying Knee","Outmaneuver","Choke","Quick Slash","Dagger Throw","Quick Slash","Underhanded Strike+1","Prepared+1","Tools of the Trade","Reflex","Noxious Fumes","Backflip","Calculated Gamble+1","Tools of the Trade","A Thousand Cuts+1","Deadly Poison+1","Bouncing Flask+1","Backflip+1","Predator+1","Prepared","Violence","Quick Slash+1","Eviscerate","Underhanded Strike","Doppelganger","Noxious Fumes","Crippling Poison","Noxious Fumes","Escape Plan","Concentrate+1","Backflip"],"relics":["Coffee Dripper","Thread and Needle","Du-Vu Doll","Torii","Gremlin Horn","Prayer Wheel","Black Star","Shovel","FossilizedHelix","Dream Catcher","Ornamental Fan","WingedGreaves","Matryoshka","Pantograph","Centennial Puzzle","Astrolabe","Snake Skull","Anchor","Omamori","Sundial","Bronze Scales","PreservedInsect","Regal Pillow","The Specimen","Membership Card","War Paint","Turnip","Question Card","Lantern"],"potions_floor_usage":[10,11,14,20,29,33,40,42,42,42,50],"damage_taken":[{"damage":0,"enemies":"Small Slimes","floor":1,"turns":4},{"damage":0,"enemies":"Jaw Worm","floor":2,"turns":3},{"damage":0,"enemies":"Cultist","floor":4,"turns":4},{"damage":4,"enemies":"Lagavulin","floor":6,"turns":7},{"damage":7,"enemies":"3 Sentries","floor":8,"turns":10},{"damage":0,"enemies":"Gremlin Gang","floor":10,"turns":5},{"damage":0,"enemies":"Lagavulin","floor":11,"turns":6},{"damage":0,"enemies":"Large Slime","floor":12,"turns":4},{"damage":0,"enemies":"Gremlin Nob","floor":14,"turns":3},{"damage":0,"enemies":"The Guardian","floor":16,"turns":14},{"damage":0,"enemies":"Chosen","floor":18,"turns":6},{"damage":0,"enemies":"2 Thieves","floor":20,"turns":5},{"damage":12,"enemies":"Cultist and Chosen","floor":21,"turns":7},{"damage":1,"enemies":"Snake Plant","floor":22,"turns":5},{"damage":16,"enemies":"Book of Stabbing","floor":23,"turns":7},{"damage":0,"enemies":"Shelled Parasite and Fungi","floor":24,"turns":4},{"damage":0,"enemies":"3 Cultists","floor":27,"turns":5},{"damage":18,"enemies":"Snecko","floor":28,"turns":5},{"damage":8,"enemies":"Slavers","floor":29,"turns":6},{"damage":30,"enemies":"Champ","floor":33,"turns":12},{"damage":0,"enemies":"3 Shapes","floor":35,"turns":5},{"damage":0,"enemies":"Orb Walker","floor":36,"turns":4},{"damage":18,"enemies":"Nemesis","floor":40,"turns":9},{"damage":0,"enemies":"Spire Growth","floor":41,"turns":6},{"damage":0,"enemies":"Reptomancer","floor":42,"turns":6},{"damage":12,"enemies":"Transient","floor":44,"turns":5},{"damage":0,"enemies":"Giant Head","floor":47,"turns":7},{"damage":0,"enemies":"3 Darklings","floor":48,"turns":4},{"damage":72,"enemies":"Awakened One","floor":50,"turns":9}],"seed_played":"-272845733544750912","potions_obtained":[{"floor":1,"key":"FearPotion"},{"floor":8,"key":"Weak Potion"},{"floor":10,"key":"SteroidPotion"},{"floor":12,"key":"SpeedPotion"},{"floor":23,"key":"LiquidBronze"},{"floor":24,"key":"Energy Potion"},{"floor":27,"key":"LiquidBronze"},{"floor":29,"key":"Fire Potion"},{"floor":40,"key":"Block Potion"},{"floor":42,"key":"Fruit Juice"},{"floor":44,"key":"SneckoOil"}],"is_trial":false,"path_per_floor":["M","M","?","M","?","E","$","E","T","M","E","M","$","E","R","B",null,"M","?","M","M","M","E","M","R","T","M","M","E","R","?","R","B",null,"M","M","?","?","$","E","M","E","T","M","R","$","E","M","R","B"],"character_chosen":"THE_SILENT","items_purchased":["Escape Plan","Snake Skull","Membership Card","War Paint","Noxious Fumes"],"campfire_rested":0,"item_purchase_floors":[13,39,46,46,46],"current_hp_per_floor":[70,70,58,58,58,54,54,47,47,47,47,47,47,47,47,47,70,70,70,70,58,57,41,41,41,41,41,23,15,15,15,15,10,70,70,70,70,70,70,52,52,57,57,45,45,45,45,45,45,0],"gold":200,"neow_bonus":"BOSS_RELIC","is_prod":false,"is_daily":false,"chose_seed":false,"campfire_upgraded":1,"win_rate":0,"timestamp":1545092263,"path_taken":["M","M","?","M","?","E","$","E","T","?","E","?","$","E","R","BOSS","M","?","M","M","?","E","M","R","T","?","M","E","R","?","R","BOSS","M","?","?","?","$","E","M","E","T","M","R","$","E","?","R","BOSS"],"build_version":"2018-12-13","purchased_purges":4,"victory":false,"max_hp_per_floor":[70,70,70,70,70,70,70,70,70,70,70,70,70,70,70,70,70,70,70,70,70,70,70,70,70,70,70,70,70,70,70,70,70,70,70,70,70,70,70,70,70,75,75,75,75,75,75,75,75,75],"card_choices":[{"not_picked":["Footwork","PiercingWail"],"picked":"Escape Plan","floor":1},{"not_picked":["Sucker Punch","Bane"],"picked":"Quick Slash","floor":2},{"not_picked":["Acrobatics","Underhanded Strike"],"picked":"Dash","floor":4},{"not_picked":["Leg Sweep","Dagger Spray"],"picked":"Dagger Throw","floor":6},{"not_picked":["Acrobatics","Slice"],"picked":"Footwork","floor":8},{"not_picked":["Eviscerate","Burst","Bouncing Flask"],"picked":"SKIP","floor":10},{"not_picked":["Malaise","Leg Sweep"],"picked":"Flying Knee","floor":11},{"not_picked":["Deadly Poison","Poisoned Stab","PiercingWail"],"picked":"SKIP","floor":12},{"not_picked":["Cloak And Dagger","Finisher","Eviscerate"],"picked":"SKIP","floor":14},{"not_picked":["After Image","Burst"],"picked":"A Thousand Cuts","floor":16},{"not_picked":["Bane","Infinite Blades"],"picked":"Flying Knee","floor":18},{"not_picked":["Poisoned Stab","Deflect"],"picked":"Outmaneuver","floor":18},{"not_picked":["Flying Knee+1","Masterful Stab"],"picked":"Choke","floor":20},{"not_picked":["Burst","Slice","Blade Dance"],"picked":"SKIP","floor":20},{"not_picked":["Cloak And Dagger","Acrobatics"],"picked":"Quick Slash","floor":21},{"not_picked":["Endless Agony","Dodge and Roll"],"picked":"Dagger Throw","floor":21},{"not_picked":["Eviscerate","Cloak And Dagger+1"],"picked":"Quick Slash","floor":22},{"not_picked":["Poisoned Stab+1","Heel Hook"],"picked":"Underhanded Strike+1","floor":22},{"not_picked":["Terror","Quick Slash"],"picked":"Prepared+1","floor":23},{"not_picked":["Masterful Stab","Slice"],"picked":"Tools of the Trade","floor":24},{"not_picked":["Slice","Footwork"],"picked":"Reflex","floor":24},{"not_picked":["Dagger Spray","PiercingWail"],"picked":"Noxious Fumes","floor":27},{"not_picked":["Poisoned Stab","Catalyst+1","Bane"],"picked":"SKIP","floor":27},{"not_picked":["Blade Dance","Unload"],"picked":"Backflip","floor":28},{"not_picked":["PiercingWail","Noxious Fumes"],"picked":"Calculated Gamble","floor":28},{"not_picked":["Masterful Stab+1","Skewer","Deadly Poison+1"],"picked":"SKIP","floor":29},{"not_picked":["Unload","Bullet Time"],"picked":"Tools of the Trade","floor":33},{"not_picked":["Prepared","Predator"],"picked":"Backflip+1","floor":35},{"not_picked":["Deadly Poison+1","Bane+1","Quick Slash"],"picked":"SKIP","floor":35},{"not_picked":["Quick Slash","Flying Knee"],"picked":"Predator+1","floor":36},{"not_picked":["Accuracy","Glass Knife"],"picked":"Prepared","floor":36},{"not_picked":["Mind Blast","Dark Shackles"],"picked":"Violence","floor":37},{"not_picked":["Leg Sweep","Catalyst"],"picked":"Quick Slash+1","floor":40},{"not_picked":["Dash","Finisher"],"picked":"Eviscerate","floor":41},{"not_picked":["Bane","Acrobatics+1"],"picked":"Underhanded Strike","floor":41},{"not_picked":["Deflect","Leg Sweep+1"],"picked":"Doppelganger","floor":42},{"not_picked":["Cloak And Dagger","Slice"],"picked":"Noxious Fumes","floor":44},{"not_picked":["Dagger Spray","PiercingWail"],"picked":"Crippling Poison","floor":44},{"not_picked":["Endless Agony+1","Prepared"],"picked":"Escape Plan","floor":47},{"not_picked":["Deflect+1","Dodge and Roll+1","Expertise+1"],"picked":"Concentrate+1","floor":48},{"not_picked":["Outmaneuver","Blade Dance+1","Deadly Poison"],"picked":"Backflip","floor":48}],"player_experience":214227,"relics_obtained":[{"floor":6,"key":"Du-Vu Doll"},{"floor":8,"key":"Torii"},{"floor":11,"key":"Gremlin Horn"},{"floor":14,"key":"Prayer Wheel"},{"floor":23,"key":"Shovel"},{"floor":23,"key":"FossilizedHelix"},{"floor":26,"key":"Dream Catcher"},{"floor":29,"key":"Ornamental Fan"},{"floor":29,"key":"WingedGreaves"},{"floor":30,"key":"Matryoshka"},{"floor":31,"key":"Pantograph"},{"floor":32,"key":"Centennial Puzzle"},{"floor":40,"key":"Anchor"},{"floor":40,"key":"Omamori"},{"floor":42,"key":"Sundial"},{"floor":42,"key":"Bronze Scales"},{"floor":43,"key":"PreservedInsect"},{"floor":43,"key":"Regal Pillow"},{"floor":45,"key":"The Specimen"},{"floor":47,"key":"Turnip"},{"floor":47,"key":"Question Card"},{"floor":49,"key":"Lantern"}],"event_choices":[{"damage_healed":0,"gold_gain":0,"player_choice":"Success","damage_taken":12,"relics_obtained":["Thread and Needle"],"max_hp_gain":0,"max_hp_loss":0,"event_name":"Scrap Ooze","floor":3,"gold_loss":0},{"damage_healed":0,"gold_gain":0,"player_choice":"Upgraded","damage_taken":0,"max_hp_gain":0,"max_hp_loss":0,"event_name":"Upgrade Shrine","floor":5,"gold_loss":0,"cards_upgraded":["Neutralize"]},{"damage_healed":0,"gold_gain":250,"player_choice":"Bet on Owner","damage_taken":0,"max_hp_gain":0,"max_hp_loss":0,"event_name":"The Joust","floor":19,"gold_loss":50},{"damage_healed":0,"gold_gain":0,"player_choice":"Relic","damage_taken":0,"max_hp_gain":0,"max_hp_loss":0,"event_name":"Wheel of Change","floor":31,"gold_loss":0},{"damage_healed":0,"gold_gain":0,"player_choice":"Memory 1","damage_taken":0,"max_hp_gain":0,"max_hp_loss":0,"event_name":"SensoryStone","floor":37,"gold_loss":0},{"damage_healed":0,"gold_gain":0,"player_choice":"Full Heal","damage_taken":0,"max_hp_gain":0,"max_hp_loss":0,"event_name":"Wheel of Change","floor":38,"gold_loss":0}],"is_beta":true,"boss_relics":[{"not_picked":["WristBlade","White Beast Statue"],"picked":"Black Star"},{"not_picked":["Snecko Eye","Runic Pyramid"],"picked":"Astrolabe"}],"items_purged_floors":[7,13,39,46],"is_endless":false,"potions_floor_spawned":[1,8,10,12,23,24,27,29,40,42,44],"killed_by":"Awakened One","ascension_level":0}