{"gold_per_floor":[12,12,29,29,46,81,81,51,51,51,83,14,47,60,60,159,159,178,196,271,271,289,320,95,120,132,144,186,198,236,268,280,397,409,439,451,463,385,414,426,449,461,473,94,94,113,113,129,129,129,129,129,3,28,28],"floor_reached":55,"playtime":5843,"items_purged":[],"score":902,"play_id":"4471a274-c148-4822-9f10-cb24e24357b3","local_time":"20181231230943","is_ascension_mode":true,"campfire_choices":[{"data":"Conserve Battery","floor":7,"key":"SMITH"},{"floor":10,"key":"REST"},{"data":"Conserve Battery","floor":15,"key":"SMITH"},{"data":"Rainbow","floor":27,"key":"SMITH"},{"floor":29,"key":"REST"},{"floor":32,"key":"REST"},{"floor":40,"key":"RECALL"},{"floor":45,"key":"REST"},{"data":"Zap","floor":47,"key":"SMITH"},{"data":"Capacitor","floor":49,"key":"SMITH"},{"data":"BootSequence","floor":52,"key":"SMITH"}],"neow_cost":"NO_GOLD","seed_source_timestamp":188989610628404,"circlet_count":0,"master_deck":["Strike_B+1","Strike_B+1","Strike_B+1","Defend_B+1","Defend_B+1","Defend_B+1","Defend_B+1","Zap+1","Dualcast+1","Capacitor+1","Conserve Battery+1","Genetic Algorithm","Coolheaded","Stack","Self Repair","Conserve Battery+1","Reboot","Electrodynamics","Conserve Battery+1","Glacier","Ball Lightning","Reprogram","Capacitor","Rainbow+1","BootSequence+1","Coolheaded","Cold Snap","Ball Lightning+1","Sunder+1","Biased Cognition","FTL+1","Mayhem+1","Thinking Ahead","Thinking Ahead","Cold Snap+1","Cold Snap","Hologram+1","FTL","Capacitor+1","Conserve Battery","White Noise+1"],"relics":["FrozenCore","Pocketwatch","Symbiotic Virus","Juzu Bracelet","Dream Catcher","Kunai","Du-Vu Doll","Boot","Bronze Scales","MawBank","Bottled Tornado","PreservedInsect","Ancient Tea Set","Lizard Tail","Bottled Flame","Centennial Puzzle"],"potions_floor_usage":[6,8,11,13,19,25,30,30,33,46,46,50,50,54],"damage_taken":[{"damage":0,"enemies":"Cultist","floor":1,"turns":4},{"damage":8,"enemies":"Small Slimes","floor":3,"turns":2},{"damage":7,"enemies":"Jaw Worm","floor":5,"turns":3},{"damage":14,"enemies":"3 Sentries","floor":6,"turns":8},{"damage":29,"enemies":"Gremlin Nob","floor":11,"turns":4},{"damage":11,"enemies":"3 Sentries","floor":13,"turns":9},{"damage":3,"enemies":"Gremlin Gang","floor":14,"turns":8},{"damage":14,"enemies":"The Guardian","floor":16,"turns":12},{"damage":12,"enemies":"3 Byrds","floor":18,"turns":6},{"damage":2,"enemies":"Shell Parasite","floor":19,"turns":13},{"damage":1,"enemies":"Chosen and Byrds","floor":22,"turns":10},{"damage":23,"enemies":"Slavers","floor":23,"turns":8},{"damage":15,"enemies":"Book of Stabbing","floor":25,"turns":8},{"damage":50,"enemies":"Gremlin Leader","floor":28,"turns":8},{"damage":11,"enemies":"Slavers","floor":30,"turns":7},{"damage":0,"enemies":"Shelled Parasite and Fungi","floor":31,"turns":6},{"damage":31,"enemies":"Collector","floor":33,"turns":12},{"damage":13,"enemies":"3 Darklings","floor":35,"turns":5},{"damage":10,"enemies":"3 Shapes","floor":39,"turns":4},{"damage":6,"enemies":"Sphere and 2 Shapes","floor":41,"turns":7},{"damage":2,"enemies":"Jaw Worm Horde","floor":46,"turns":5},{"damage":3,"enemies":"3 Darklings","floor":48,"turns":7},{"damage":6,"enemies":"Time Eater","floor":50,"turns":15},{"damage":102,"enemies":"Shield and Spear","floor":54,"turns":8},{"damage":51,"enemies":"The Heart","floor":55,"turns":2}],"seed_played":"6740106269034935217","potions_obtained":[{"floor":5,"key":"EssenceOfSteel"},{"floor":6,"key":"LiquidBronze"},{"floor":8,"key":"AttackPotion"},{"floor":8,"key":"Fruit Juice"},{"floor":13,"key":"SpeedPotion"},{"floor":18,"key":"SpeedPotion"},{"floor":19,"key":"FearPotion"},{"floor":23,"key":"Poison Potion"},{"floor":28,"key":"SkillPotion"},{"floor":30,"key":"Energy Potion"},{"floor":33,"key":"FearPotion"},{"floor":46,"key":"AttackPotion"},{"floor":48,"key":"FocusPotion"}],"is_trial":false,"path_per_floor":["M","?","M","?","M","E","R","?","T","R","E","$","E","M","R","B",null,"M","M","?","?","M","E","$","E","T","R","E","R","E","M","R","B",null,"M","?","?","?","M","R","M","?","T","$","R","M","R","M","R","B",null,"R","$","E","B"],"character_chosen":"DEFECT","items_purchased":["Self Repair","Bronze Scales","Capacitor","PowerPotion","EssenceOfSteel","Bottled Flame","FocusPotion","Conserve Battery"],"campfire_rested":4,"item_purchase_floors":[12,24,24,44,44,44,53,53],"current_hp_per_floor":[75,80,72,72,65,51,51,56,56,81,52,52,48,52,52,45,85,73,78,70,70,76,60,60,52,52,52,2,27,23,30,55,31,85,79,69,69,69,59,59,53,53,53,53,77,75,75,79,79,73,81,81,81,29,0],"gold":28,"neow_bonus":"ONE_RARE_RELIC","is_prod":false,"is_daily":false,"chose_seed":false,"campfire_upgraded":6,"win_rate":0,"timestamp":1546315783,"path_taken":["M","?","M","?","?","E","R","?","T","R","E","?","E","M","R","BOSS","M","M","?","?","M","E","$","E","T","R","E","R","E","M","R","BOSS","M","?","?","?","M","R","M","?","T","$","R","M","R","M","R","BOSS","R","$","E","BOSS"],"build_version":"2018-12-20","purchased_purges":0,"victory":false,"max_hp_per_floor":[75,80,80,80,80,80,80,85,85,85,85,85,85,85,85,85,85,85,85,85,85,85,85,85,85,85,85,85,85,85,85,85,85,85,85,85,81,81,81,81,81,81,81,81,81,81,81,81,81,81,81,81,81,81,81],"card_choices":[{"not_picked":["Rebound","Fusion"],"picked":"Capacitor","floor":1},{"not_picked":["Beam Cell","Streamline"],"picked":"Storm","floor":3},{"not_picked":["Steam","Coolheaded"],"picked":"Conserve Battery","floor":5},{"not_picked":["Reprogram","Darkness"],"picked":"Genetic Algorithm","floor":6},{"not_picked":["Chaos","Recycle"],"picked":"Coolheaded","floor":10},{"not_picked":["Reprogram","Sweeping Beam"],"picked":"Stack","floor":11},{"not_picked":["Leap","Hello World"],"picked":"Conserve Battery","floor":13},{"not_picked":["Rip and Tear","Sweeping Beam"],"picked":"Reboot","floor":14},{"not_picked":["All For One","Meteor Strike"],"picked":"Electrodynamics","floor":16},{"not_picked":["Melter","Cold Snap"],"picked":"Conserve Battery+1","floor":18},{"not_picked":["Cold Snap","Redo"],"picked":"Glacier","floor":19},{"not_picked":["Undo","Lockon+1"],"picked":"Ball Lightning","floor":22},{"not_picked":["Lockon","Rebound"],"picked":"Reprogram","floor":23},{"not_picked":["Hello World","Scrape"],"picked":"Rainbow","floor":25},{"not_picked":["Reprogram","Turbo"],"picked":"BootSequence","floor":28},{"not_picked":["Gash","Streamline"],"picked":"Coolheaded","floor":29},{"not_picked":["Ball Lightning","Lockon+1"],"picked":"Cold Snap","floor":30},{"not_picked":["Steam Power","Leap"],"picked":"Ball Lightning+1","floor":31},{"not_picked":["Aggregate","Blizzard"],"picked":"Sunder+1","floor":32},{"not_picked":["Buffer","Thunder Strike"],"picked":"Biased Cognition","floor":33},{"not_picked":["BootSequence","Barrage"],"picked":"FTL+1","floor":35},{"not_picked":["Panache","PanicButton"],"picked":"Mayhem","floor":36},{"not_picked":["Mind Blast","Discovery"],"picked":"Thinking Ahead","floor":36},{"not_picked":["Master of Strategy","Deep Breath"],"picked":"Thinking Ahead","floor":36},{"not_picked":["Compile Driver+1","Streamline"],"picked":"Cold Snap+1","floor":39},{"not_picked":["Coolheaded","Barrage+1"],"picked":"Cold Snap","floor":41},{"not_picked":["Go for the Eyes","Stack"],"picked":"Hologram+1","floor":45},{"not_picked":["Rebound","Reboot"],"picked":"FTL","floor":46},{"not_picked":["Stack","Force Field"],"picked":"Capacitor+1","floor":48},{"not_picked":["Go for the Eyes+1","Streamline"],"picked":"White Noise+1","floor":54}],"player_experience":304654,"relics_obtained":[{"floor":6,"key":"Juzu Bracelet"},{"floor":9,"key":"Dream Catcher"},{"floor":11,"key":"Kunai"},{"floor":13,"key":"Du-Vu Doll"},{"floor":23,"key":"Boot"},{"floor":25,"key":"MawBank"},{"floor":26,"key":"Bottled Tornado"},{"floor":28,"key":"PreservedInsect"},{"floor":30,"key":"Ancient Tea Set"},{"floor":54,"key":"Centennial Puzzle"}],"event_choices":[{"damage_healed":0,"gold_gain":0,"player_choice":"Donut","damage_taken":0,"max_hp_gain":5,"max_hp_loss":0,"event_name":"Big Fish","floor":2,"gold_loss":0},{"cards_removed":["Storm"],"damage_healed":0,"gold_gain":0,"player_choice":"Gave Card","damage_taken":0,"relics_obtained":["Symbiotic Virus"],"max_hp_gain":0,"max_hp_loss":0,"event_name":"WeMeetAgain","floor":4,"gold_loss":0},{"damage_healed":0,"gold_gain":0,"player_choice":"Bought 2 Potions","damage_taken":0,"max_hp_gain":0,"max_hp_loss":0,"event_name":"The Woman in Blue","floor":8,"gold_loss":0},{"damage_healed":0,"gold_gain":75,"player_choice":"Touch","damage_taken":8,"max_hp_gain":0,"max_hp_loss":0,"event_name":"FaceTrader","floor":20,"gold_loss":0},{"damage_healed":0,"gold_gain":0,"player_choice":"Simplicity","damage_taken":0,"max_hp_gain":0,"max_hp_loss":0,"event_name":"Back to Basics","floor":21,"gold_loss":0,"cards_upgraded":["Strike_B","Strike_B","Strike_B","Strike_B","Defend_B","Defend_B","Defend_B","Defend_B"]},{"damage_healed":0,"gold_gain":0,"player_choice":"Memory 3","damage_taken":10,"max_hp_gain":0,"max_hp_loss":0,"event_name":"SensoryStone","floor":36,"gold_loss":0},{"damage_healed":0,"gold_gain":0,"player_choice":"Max HP","damage_taken":0,"max_hp_gain":0,"max_hp_loss":4,"event_name":"Winding Halls","floor":37,"gold_loss":0},{"cards_removed":["Strike_B"],"damage_healed":0,"gold_gain":0,"player_choice":"Upgrade and Remove","damage_taken":0,"max_hp_gain":0,"max_hp_loss":0,"event_name":"Designer","floor":38,"gold_loss":90,"cards_upgraded":["Dualcast"]},{"damage_healed":0,"gold_gain":0,"player_choice":"Forge","damage_taken":0,"max_hp_gain":0,"max_hp_loss":0,"event_name":"Accursed Blacksmith","floor":42,"gold_loss":0,"cards_upgraded":["Mayhem"]}],"is_beta":false,"boss_relics":[{"not_picked":["Black Star","Busted Crown"],"picked":"FrozenCore"},{"not_picked":["Fusion Hammer","Cursed Key"],"picked":"Lizard Tail"}],"items_purged_floors":[],"is_endless":false,"potions_floor_spawned":[5,6,13,18,19,23,28,30,33,46,48],"killed_by":"The Heart","ascension_level":3}