{"gold_per_floor":[15,15,27,27,27,39,68,85,85,119,119,132,143,143,143,143],"floor_reached":16,"playtime":724,"items_purged":[],"score":157,"play_id":"20a924d9-04cd-4b2f-a8d4-835e8a9576b9","local_time":"20190910111730","is_ascension_mode":true,"campfire_choices":[{"floor":11,"key":"REST"},{"floor":15,"key":"REST"}],"neow_cost":"NO_GOLD","seed_source_timestamp":324392782299200,"circlet_count":0,"master_deck":["Strike_R","Strike_R","Strike_R","Strike_R+1","Strike_R","Defend_R","Defend_R+1","Defend_R","Defend_R+1","Bash","Double Tap","Infernal Blade+1","True Grit+1","Regret","Thunderclap","Reaper","Havoc","Shockwave","Flex","Power Through"],"relics":["Burning Blood","Bag of Marbles","Matryoshka","Kunai","War Paint","Darkstone Periapt","Pen Nib"],"potions_floor_usage":[7,7,10],"damage_taken":[{"damage":0,"enemies":"2 Louse","floor":1,"turns":4},{"damage":0,"enemies":"Small Slimes","floor":3,"turns":3},{"damage":2,"enemies":"Jaw Worm","floor":6,"turns":2},{"damage":63,"enemies":"Lagavulin","floor":7,"turns":7},{"damage":13,"enemies":"2 Fungi Beasts","floor":8,"turns":3},{"damage":32,"enemies":"3 Sentries","floor":10,"turns":7},{"damage":15,"enemies":"3 Louse","floor":12,"turns":6},{"damage":0,"enemies":"Large Slime","floor":13,"turns":2},{"damage":72,"enemies":"Hexaghost","floor":16,"turns":11}],"seed_played":"6562068656641670724","potions_obtained":[{"floor":1,"key":"PowerPotion"},{"floor":3,"key":"SkillPotion"},{"floor":8,"key":"SkillPotion"},{"floor":13,"key":"SpeedPotion"}],"is_trial":false,"path_per_floor":["M","?","M","?","?","M","E","M","T","E","R","M","M","?","R","B"],"character_chosen":"IRONCLAD","items_purchased":[],"campfire_rested":2,"item_purchase_floors":[],"current_hp_per_floor":[78,78,80,77,77,80,23,36,36,22,46,45,51,35,59,0],"gold":143,"neow_bonus":"THREE_RARE_CARDS","is_prod":false,"is_daily":false,"chose_seed":false,"campfire_upgraded":0,"win_rate":0,"timestamp":1568128650,"path_taken":["M","?","M","?","?","M","E","?","T","E","R","M","M","?","R","BOSS"],"build_version":"2019-07-17","purchased_purges":0,"victory":false,"max_hp_per_floor":[80,80,80,80,80,80,80,80,80,80,80,80,80,80,80,80],"card_choices":[{"not_picked":["Fiend Fire","Reaper"],"picked":"Double Tap","floor":0},{"not_picked":["Searing Blow","Warcry"],"picked":"Infernal Blade","floor":1},{"not_picked":["Burning Pact","Warcry"],"picked":"True Grit","floor":3},{"not_picked":["Cleave","True Grit"],"picked":"Thunderclap","floor":6},{"not_picked":["Iron Wave","Shrug It Off"],"picked":"Reaper","floor":7},{"not_picked":["Heavy Blade","Warcry"],"picked":"Havoc","floor":8},{"not_picked":["Metallicize","Intimidate"],"picked":"Shockwave","floor":10},{"not_picked":["Corruption","Entrench"],"picked":"Flex","floor":12},{"not_picked":["Fire Breathing","Reckless Charge"],"picked":"Power Through","floor":13}],"player_experience":527575,"relics_obtained":[{"floor":7,"key":"Kunai"},{"floor":9,"key":"War Paint"},{"floor":9,"key":"Darkstone Periapt"},{"floor":10,"key":"Pen Nib"}],"event_choices":[{"damage_healed":0,"gold_gain":0,"player_choice":"Grow","damage_taken":0,"max_hp_gain":0,"max_hp_loss":0,"event_name":"Living Wall","floor":2,"gold_loss":0,"cards_upgraded":["Infernal Blade"]},{"damage_healed":0,"gold_gain":0,"player_choice":"Success","damage_taken":3,"relics_obtained":["Bag of Marbles"],"max_hp_gain":0,"max_hp_loss":0,"event_name":"Scrap Ooze","floor":4,"gold_loss":0},{"damage_healed":0,"gold_gain":0,"player_choice":"Box","damage_taken":0,"relics_obtained":["Matryoshka"],"max_hp_gain":0,"max_hp_loss":0,"event_name":"Big Fish","floor":5,"gold_loss":0,"cards_obtained":["Regret"]},{"damage_healed":0,"gold_gain":0,"player_choice":"Entered Light","damage_taken":16,"max_hp_gain":0,"max_hp_loss":0,"event_name":"Shining Light","floor":14,"gold_loss":0,"cards_upgraded":["Strike_R","Defend_R"]}],"is_beta":false,"boss_relics":[],"items_purged_floors":[],"is_endless":false,"potions_floor_spawned":[1,3,8,13],"killed_by":"Hexaghost","ascension_level":8}