{"gold_per_floor":[111,73,73,86,103,128,128,152,175,204,221,233,243,214,214,214],"floor_reached":16,"playtime":706,"items_purged":[],"score":157,"play_id":"edc247ad-2860-4312-82f7-1aaacd11bfd3","local_time":"20190921194949","is_ascension_mode":true,"campfire_choices":[{"floor":7,"key":"REST"},{"floor":15,"key":"REST"}],"neow_cost":"NONE","seed_source_timestamp":351748073052300,"circlet_count":0,"master_deck":["Strike_G","Strike_G","Strike_G","Strike_G","Strike_G","Defend_G","Defend_G","Defend_G","Defend_G","Defend_G","Survivor","Neutralize","Infinite Blades","Footwork","Sucker Punch","Flying Knee","Deflect","Crippling Poison","Poisoned Stab","Distraction","Noxious Fumes","Caltrops"],"relics":["Ring of the Snake","Snake Skull","Happy Flower","Odd Mushroom","Mummified Hand"],"potions_floor_usage":[8,8,16],"damage_taken":[{"damage":0,"enemies":"Small Slimes","floor":1,"turns":4},{"damage":0,"enemies":"Cultist","floor":4,"turns":5},{"damage":0,"enemies":"2 Louse","floor":5,"turns":3},{"damage":46,"enemies":"Gremlin Nob","floor":6,"turns":6},{"damage":0,"enemies":"The Mushroom Lair","floor":8,"turns":5},{"damage":30,"enemies":"Lagavulin","floor":10,"turns":9},{"damage":0,"enemies":"Blue Slaver","floor":11,"turns":3},{"damage":9,"enemies":"Looter","floor":12,"turns":3},{"damage":7,"enemies":"Exordium Wildlife","floor":13,"turns":5},{"damage":32,"enemies":"Slime Boss","floor":16,"turns":7}],"seed_played":"8766475239193139168","potions_obtained":[{"floor":1,"key":"Strength Potion"},{"floor":5,"key":"Energy Potion"},{"floor":6,"key":"GhostInAJar"},{"floor":8,"key":"Swift Potion"},{"floor":12,"key":"LiquidBronze"}],"is_trial":false,"path_per_floor":["M","$","?","M","M","E","R","?","T","E","M","M","M","?","R","B"],"character_chosen":"THE_SILENT","items_purchased":["Footwork"],"campfire_rested":2,"item_purchase_floors":[2],"current_hp_per_floor":[70,70,70,70,70,24,47,47,47,17,17,8,1,1,24,0],"gold":214,"neow_bonus":"TEN_PERCENT_HP_BONUS","is_prod":false,"is_daily":false,"chose_seed":false,"campfire_upgraded":0,"win_rate":0,"timestamp":1569109789,"path_taken":["M","$","?","?","M","E","R","?","T","E","M","M","M","?","R","BOSS"],"build_version":"2019-07-17","purchased_purges":0,"victory":false,"max_hp_per_floor":[77,77,77,77,77,77,77,77,77,77,77,77,77,77,77,77],"card_choices":[{"not_picked":["Finisher","Backflip"],"picked":"Infinite Blades","floor":1},{"not_picked":["Backflip","Concentrate"],"picked":"Sucker Punch","floor":4},{"not_picked":["Eviscerate","Outmaneuver"],"picked":"Flying Knee","floor":5},{"not_picked":["Underhanded Strike","Tactician"],"picked":"Deflect","floor":6},{"not_picked":["Slice","Bane"],"picked":"Crippling Poison","floor":8},{"not_picked":["Prepared","Deadly Poison"],"picked":"Poisoned Stab","floor":10},{"not_picked":["Expertise","Deadly Poison"],"picked":"Distraction","floor":11},{"not_picked":["Underhanded Strike","Quick Slash"],"picked":"Noxious Fumes","floor":12},{"not_picked":["Quick Slash","Underhanded Strike"],"picked":"Caltrops","floor":13}],"player_experience":697632,"relics_obtained":[{"floor":6,"key":"Happy Flower"},{"floor":8,"key":"Odd Mushroom"},{"floor":10,"key":"Mummified Hand"}],"event_choices":[{"damage_healed":0,"gold_gain":0,"player_choice":"Gave Potion","damage_taken":0,"relics_obtained":["Snake Skull"],"max_hp_gain":0,"max_hp_loss":0,"event_name":"WeMeetAgain","floor":3,"gold_loss":0},{"damage_healed":0,"gold_gain":0,"player_choice":"Fought Mushrooms","damage_taken":0,"max_hp_gain":0,"max_hp_loss":0,"event_name":"Mushrooms","floor":8,"gold_loss":0},{"damage_healed":0,"gold_gain":0,"player_choice":"Left Gold","damage_taken":0,"max_hp_gain":0,"max_hp_loss":0,"event_name":"World of Goop","floor":14,"gold_loss":29}],"is_beta":false,"boss_relics":[],"items_purged_floors":[],"is_endless":false,"potions_floor_spawned":[1,5,6,8,12],"killed_by":"Slime Boss","ascension_level":8}