{"gold_per_floor":[118,118,128,53,53,53,79,79,79,96,96,125,139,150,150,250,300,314,229,229,52,68,95,95,130,203,230,230,230,230,250,250,250],"floor_reached":33,"playtime":2232,"items_purged":["Strike_G","Defend_G"],"score":336,"play_id":"07175908-5d2d-4dba-8013-34af4e64aef6","local_time":"20181127200226","is_ascension_mode":false,"campfire_choices":[{"floor":6,"key":"RECALL"},{"data":"Neutralize","floor":15,"key":"SMITH"},{"data":"Skewer","floor":24,"key":"SMITH"},{"data":"Footwork","floor":30,"key":"SMITH"},{"floor":32,"key":"REST"}],"neow_cost":"NONE","seed_source_timestamp":88789895709022,"circlet_count":0,"master_deck":["Defend_G","Defend_G","Defend_G","Strike_G","Strike_G","Survivor+1","Neutralize+1","Skewer+1","Slice","Die Die Die","Cloak And Dagger","Corpse Explosion","Calculated Gamble","Footwork+1","Outmaneuver","Quick Slash+1","Caltrops","Dagger Spray","A Thousand Cuts","Prepared"],"relics":["Busted Crown","Omamori","Ancient Tea Set","Tiny House","Centennial Puzzle","Happy Flower","Bag of Preparation","Dodecahedron","Gambling Chip"],"potions_floor_usage":[7,12,12,16,18,23,25,33],"damage_taken":[{"damage":0,"enemies":"Jaw Worm","floor":1,"turns":4},{"damage":0,"enemies":"Cultist","floor":3,"turns":4},{"damage":11,"enemies":"Lagavulin","floor":7,"turns":9},{"damage":0,"enemies":"2 Louse","floor":10,"turns":2},{"damage":0,"enemies":"3 Sentries","floor":12,"turns":9},{"damage":0,"enemies":"Lots of Slimes","floor":13,"turns":3},{"damage":0,"enemies":"Blue Slaver","floor":14,"turns":3},{"damage":12,"enemies":"The Guardian","floor":16,"turns":13},{"damage":0,"enemies":"3 Byrds","floor":18,"turns":3},{"damage":7,"enemies":"Chosen","floor":22,"turns":6},{"damage":3,"enemies":"Slavers","floor":23,"turns":2},{"damage":13,"enemies":"Book of Stabbing","floor":25,"turns":6},{"damage":30,"enemies":"Gremlin Leader","floor":27,"turns":7},{"damage":9,"enemies":"Snake Plant","floor":31,"turns":4},{"damage":58,"enemies":"Champ","floor":33,"turns":9}],"seed_played":"-1338775598768255839","potions_obtained":[{"floor":1,"key":"GhostInAJar"},{"floor":2,"key":"Regen Potion"},{"floor":2,"key":"EssenceOfSteel"},{"floor":7,"key":"Block Potion"},{"floor":12,"key":"Swift Potion"},{"floor":17,"key":"Fire Potion"},{"floor":18,"key":"GhostInAJar"},{"floor":31,"key":"Explosive Potion"}],"is_trial":false,"path_per_floor":["M","?","M","$","?","R","E","$","T","M","?","E","M","M","R","B",null,"M","?","?","$","M","E","R","E","T","E","?","?","R","M","R","B"],"character_chosen":"THE_SILENT","items_purchased":["Footwork"],"campfire_rested":1,"item_purchase_floors":[21],"current_hp_per_floor":[70,70,70,70,70,70,59,59,59,59,52,52,52,52,52,40,75,75,75,75,75,68,65,65,64,64,34,34,34,34,25,47,0],"gold":250,"neow_bonus":"BOSS_RELIC","is_prod":false,"is_daily":false,"chose_seed":false,"campfire_upgraded":3,"win_rate":0,"timestamp":1543348946,"path_taken":["M","?","?","$","?","R","E","$","T","?","?","E","M","M","R","BOSS","M","?","?","$","M","E","R","E","T","E","?","?","R","?","R","BOSS"],"build_version":"2018-11-15","purchased_purges":2,"victory":false,"max_hp_per_floor":[70,70,70,70,70,70,70,70,70,70,70,70,70,70,70,70,75,75,75,75,75,75,75,75,75,75,75,75,75,75,75,75,75],"card_choices":[{"not_picked":[],"picked":"Skewer","floor":1},{"not_picked":[],"picked":"Slice","floor":3},{"not_picked":["Reflex"],"picked":"SKIP","floor":7},{"not_picked":["Dodge and Roll"],"picked":"SKIP","floor":10},{"not_picked":["Blur"],"picked":"SKIP","floor":12},{"not_picked":["Blade Dance"],"picked":"SKIP","floor":13},{"not_picked":[],"picked":"Cloak And Dagger","floor":14},{"not_picked":[],"picked":"Corpse Explosion","floor":16},{"not_picked":[],"picked":"Calculated Gamble","floor":17},{"not_picked":["Bane"],"picked":"SKIP","floor":18},{"not_picked":[],"picked":"Outmaneuver","floor":22},{"not_picked":["Deadly Poison"],"picked":"SKIP","floor":23},{"not_picked":[],"picked":"Quick Slash+1","floor":25},{"not_picked":[],"picked":"Caltrops","floor":27},{"not_picked":[],"picked":"Prepared","floor":31}],"player_experience":156117,"relics_obtained":[{"floor":7,"key":"Omamori"},{"floor":12,"key":"Ancient Tea Set"},{"floor":23,"key":"Happy Flower"},{"floor":25,"key":"Bag of Preparation"},{"floor":26,"key":"Dodecahedron"},{"floor":27,"key":"Gambling Chip"}],"event_choices":[{"damage_healed":0,"gold_gain":0,"player_choice":"Got Potions","damage_taken":0,"max_hp_gain":0,"max_hp_loss":0,"event_name":"Lab","floor":2,"gold_loss":0},{"damage_healed":0,"gold_gain":0,"player_choice":"1 cards matched","damage_taken":0,"max_hp_gain":0,"max_hp_loss":0,"event_name":"Match and Keep!","floor":5,"gold_loss":0,"cards_obtained":["Die Die Die"]},{"cards_removed":["Strike_G"],"damage_healed":0,"gold_gain":0,"player_choice":"Card Removal","damage_taken":7,"max_hp_gain":0,"max_hp_loss":0,"event_name":"Golden Wing","floor":11,"gold_loss":0},{"damage_healed":0,"gold_gain":0,"player_choice":"Obtained Relic","damage_taken":0,"relics_obtained":["Centennial Puzzle"],"max_hp_gain":0,"max_hp_loss":0,"event_name":"Addict","floor":19,"gold_loss":85},{"damage_healed":0,"gold_gain":0,"player_choice":"Ignored","damage_taken":0,"max_hp_gain":0,"max_hp_loss":0,"event_name":"Ghosts","floor":20,"gold_loss":0},{"damage_healed":0,"gold_gain":0,"cards_transformed":["Defend_G","Strike_G"],"player_choice":"Became Test Subject","damage_taken":0,"max_hp_gain":0,"max_hp_loss":0,"event_name":"Drug Dealer","floor":28,"gold_loss":0,"cards_obtained":["Dagger Spray","A Thousand Cuts"]},{"damage_healed":0,"gold_gain":0,"player_choice":"Ignored","damage_taken":0,"max_hp_gain":0,"max_hp_loss":0,"event_name":"Vampires","floor":29,"gold_loss":0}],"is_beta":true,"boss_relics":[{"not_picked":["White Beast Statue","Ectoplasm"],"picked":"Tiny House"}],"items_purged_floors":[4,21],"is_endless":false,"potions_floor_spawned":[1,7,10,12,18,31],"killed_by":"Champ","ascension_level":0}