{"gold_per_floor":[117,129,54,54,129,160,160,190,190,190,225,225,9,29,29,105,105,118,133,149,160,160],"floor_reached":22,"playtime":1166,"items_purged":["Strike_B"],"score":347,"play_id":"86767cd6-4a0d-4bff-baf9-bfd51f7451fa","local_time":"20191003063617","is_ascension_mode":true,"campfire_choices":[{"floor":10,"key":"REST"},{"floor":12,"key":"REST"},{"floor":15,"key":"REST"}],"neow_cost":"NONE","seed_source_timestamp":525968161395776,"circlet_count":0,"master_deck":["AscendersBane","Strike_B","Strike_B","Strike_B","Defend_B","Defend_B","Defend_B","Defend_B","Zap+1","Dualcast","Cold Snap","Cold Snap","Rip and Tear","Beam Cell+1","Heatsinks","Storm","Static Discharge","Thunder Strike+1","Clumsy","Pain","Doubt","Tempest","Ball Lightning+1","BootSequence"],"relics":["Cracked Core","Blue Candle","Molten Egg 2","Mummified Hand","Dodecahedron","Oddly Smooth Stone","Calling Bell","Centennial Puzzle","Ornamental Fan","Du-Vu Doll"],"potions_floor_usage":[6,16,18],"damage_taken":[{"damage":3,"enemies":"Small Slimes","floor":1,"turns":3},{"damage":3,"enemies":"2 Louse","floor":2,"turns":3},{"damage":34,"enemies":"3 Sentries","floor":6,"turns":10},{"damage":18,"enemies":"Gremlin Nob","floor":8,"turns":4},{"damage":14,"enemies":"Lagavulin","floor":11,"turns":5},{"damage":0,"enemies":"Cultist","floor":14,"turns":3},{"damage":27,"enemies":"Hexaghost","floor":16,"turns":9},{"damage":3,"enemies":"3 Byrds","floor":18,"turns":3},{"damage":18,"enemies":"Shell Parasite","floor":19,"turns":4},{"damage":6,"enemies":"Snecko","floor":20,"turns":3},{"damage":17,"enemies":"Cultist and Chosen","floor":21,"turns":5},{"damage":19,"enemies":"Snake Plant","floor":22,"turns":2}],"seed_played":"-4008915245925611374","potions_obtained":[{"floor":2,"key":"Regen Potion"},{"floor":11,"key":"Strength Potion"},{"floor":16,"key":"LiquidBronze"},{"floor":20,"key":"SneckoOil"}],"is_trial":false,"path_per_floor":["M","M","$","?","?","E","?","E","T","R","E","R","$","M","R","B",null,"M","M","M","M","M"],"character_chosen":"DEFECT","items_purchased":["Storm","Oddly Smooth Stone"],"campfire_rested":3,"item_purchase_floors":[13,13],"current_hp_per_floor":[61,58,58,58,47,28,28,10,10,31,17,38,38,38,59,32,61,58,40,34,17,0],"gold":160,"neow_bonus":"THREE_CARDS","is_prod":false,"is_daily":false,"chose_seed":false,"campfire_upgraded":0,"win_rate":0,"timestamp":1570109777,"path_taken":["M","M","$","?","?","E","?","E","T","R","E","R","$","M","R","BOSS","M","M","M","M","?"],"build_version":"2019-07-17","purchased_purges":1,"victory":false,"max_hp_per_floor":[71,71,71,71,71,71,71,71,71,71,71,71,71,71,71,71,71,71,71,71,71,71],"card_choices":[{"not_picked":["Compile Driver","Go for the Eyes"],"picked":"Cold Snap","floor":0},{"not_picked":["Redo","Coolheaded"],"picked":"Cold Snap","floor":1},{"not_picked":["Cold Snap","Barrage","Stack"],"picked":"SKIP","floor":2},{"not_picked":["Force Field","Stack"],"picked":"Rip and Tear","floor":6},{"not_picked":["Fusion","Streamline"],"picked":"Beam Cell","floor":8},{"not_picked":["Doom and Gloom+1","Conserve Battery"],"picked":"Heatsinks","floor":11},{"not_picked":["Skim","Cold Snap+1"],"picked":"Static Discharge","floor":14},{"not_picked":["Fission","Multi-Cast"],"picked":"Thunder Strike+1","floor":16},{"not_picked":["Conserve Battery","Sweeping Beam+1"],"picked":"Tempest","floor":18},{"not_picked":["Undo","Barrage+1"],"picked":"Ball Lightning+1","floor":19},{"not_picked":["Fusion","Turbo"],"picked":"BootSequence","floor":20},{"not_picked":["Beam Cell+1","Streamline+1","Steam"],"picked":"SKIP","floor":21}],"player_experience":669130,"relics_obtained":[{"floor":6,"key":"Blue Candle"},{"floor":8,"key":"Molten Egg 2"},{"floor":9,"key":"Mummified Hand"},{"floor":11,"key":"Dodecahedron"},{"floor":17,"key":"Centennial Puzzle"},{"floor":17,"key":"Ornamental Fan"},{"floor":17,"key":"Du-Vu Doll"}],"event_choices":[{"damage_healed":0,"gold_gain":0,"player_choice":"Ignored","damage_taken":0,"max_hp_gain":0,"max_hp_loss":0,"event_name":"Liars Game","floor":4,"gold_loss":0},{"damage_healed":0,"gold_gain":75,"player_choice":"Gather Gold","damage_taken":11,"max_hp_gain":0,"max_hp_loss":0,"event_name":"World of Goop","floor":5,"gold_loss":0},{"damage_healed":0,"gold_gain":0,"player_choice":"Upgraded","damage_taken":0,"max_hp_gain":0,"max_hp_loss":0,"event_name":"Upgrade Shrine","floor":7,"gold_loss":0,"cards_upgraded":["Zap"]}],"is_beta":false,"boss_relics":[{"not_picked":["Velvet Choker","Coffee Dripper"],"picked":"Calling Bell"}],"items_purged_floors":[3],"is_endless":false,"potions_floor_spawned":[2,11,16,20],"killed_by":"Snake Plant","ascension_level":14}