{"gold_per_floor":[109,59,73,73,85,85,98,113,137,154,185,196,229,239,239,343,343,355,371,385,385,404,424,15,48,48,60,60,87,87,107,107,212,212,227,247,260,360,360,360,380,410,410,438,34,69,69,69,69,69,69,69,0,29,29],"floor_reached":55,"playtime":4089,"items_purged":["Strike_G"],"score":931,"play_id":"43314947-8a37-41a3-9f17-ca92f3d312a7","local_time":"20190114031151","is_ascension_mode":true,"campfire_choices":[{"data":"Underhanded Strike","floor":6,"key":"SMITH"},{"floor":15,"key":"REST"},{"floor":28,"key":"REST"},{"floor":32,"key":"REST"},{"data":"Apotheosis","floor":40,"key":"SMITH"},{"floor":49,"key":"RECALL"},{"data":"Jack Of All Trades","floor":52,"key":"SMITH"}],"neow_cost":"NONE","seed_source_timestamp":460778718276311,"circlet_count":0,"master_deck":["Defend_G","Defend_G","Defend_G","Defend_G","Defend_G","Strike_G","Strike_G","Survivor","Neutralize","Terror","Bullet Time","Underhanded Strike+1","Calculated Gamble","Flying Knee","Dagger Spray","Burst","Quick Slash","Quick Slash","Predator","Corpse Explosion","Dodge and Roll","Poisoned Stab","PiercingWail+1","Escape Plan","Cloak And Dagger+1","Apotheosis+1","Venomology","Backflip","A Thousand Cuts","Bouncing Flask","Deflect","Burst","Flying Knee+1","Flying Knee+1","Endless Agony+1","Eviscerate+1","Backflip+1","Bane+1","Glass Knife+1","Catalyst","Caltrops","Jack Of All Trades+1","Backflip+1","Madness","Madness","Dagger Throw+1","PiercingWail","Infinite Blades","Slice+1"],"relics":["Busted Crown","Smiling Mask","Runic Pyramid","Nloth\u0027s Gift","Membership Card","Molten Egg 2","Bag of Marbles","Gambling Chip","Vajra","Eternal Feather","Bird Faced Urn","Oddly Smooth Stone","Shuriken","Calipers","Pen Nib","Sling","Meat on the Bone","Mummified Hand"],"potions_floor_usage":[11,11,13,23,25,25,27,29,33,36,36,37,38,38,38,42,42,50,50,50,54,55],"damage_taken":[{"damage":0,"enemies":"Jaw Worm","floor":1,"turns":4},{"damage":0,"enemies":"2 Louse","floor":3,"turns":3},{"damage":0,"enemies":"Small Slimes","floor":5,"turns":4},{"damage":13,"enemies":"Red Slaver","floor":7,"turns":3},{"damage":3,"enemies":"Exordium Wildlife","floor":8,"turns":5},{"damage":4,"enemies":"Blue Slaver","floor":10,"turns":3},{"damage":11,"enemies":"Lagavulin","floor":11,"turns":5},{"damage":6,"enemies":"Large Slime","floor":12,"turns":5},{"damage":6,"enemies":"Gremlin Nob","floor":13,"turns":3},{"damage":9,"enemies":"Gremlin Gang","floor":14,"turns":4},{"damage":26,"enemies":"Hexaghost","floor":16,"turns":7},{"damage":12,"enemies":"Shell Parasite","floor":18,"turns":5},{"damage":13,"enemies":"Spheric Guardian","floor":19,"turns":6},{"damage":0,"enemies":"Chosen and Byrds","floor":20,"turns":4},{"damage":0,"enemies":"Snecko","floor":22,"turns":5},{"damage":0,"enemies":"3 Cultists","floor":23,"turns":4},{"damage":18,"enemies":"Slavers","floor":25,"turns":5},{"damage":11,"enemies":"Sentry and Sphere","floor":27,"turns":6},{"damage":0,"enemies":"Book of Stabbing","floor":29,"turns":4},{"damage":0,"enemies":"Snake Plant","floor":31,"turns":3},{"damage":27,"enemies":"Automaton","floor":33,"turns":8},{"damage":6,"enemies":"Orb Walker","floor":35,"turns":4},{"damage":0,"enemies":"3 Darklings","floor":36,"turns":2},{"damage":2,"enemies":"Sphere and 2 Shapes","floor":37,"turns":5},{"damage":27,"enemies":"Mind Bloom Boss Battle","floor":38,"turns":5},{"damage":0,"enemies":"4 Shapes","floor":41,"turns":4},{"damage":2,"enemies":"Giant Head","floor":42,"turns":6},{"damage":14,"enemies":"Reptomancer","floor":44,"turns":4},{"damage":0,"enemies":"Nemesis","floor":46,"turns":3},{"damage":55,"enemies":"Awakened One","floor":50,"turns":11},{"damage":36,"enemies":"Shield and Spear","floor":54,"turns":6},{"damage":58,"enemies":"The Heart","floor":55,"turns":2}],"seed_played":"4654212031536722711","potions_obtained":[{"floor":1,"key":"Poison Potion"},{"floor":3,"key":"Regen Potion"},{"floor":5,"key":"Ancient Potion"},{"floor":11,"key":"Poison Potion"},{"floor":14,"key":"Energy Potion"},{"floor":18,"key":"Energy Potion"},{"floor":22,"key":"AttackPotion"},{"floor":23,"key":"LiquidBronze"},{"floor":27,"key":"LiquidBronze"},{"floor":31,"key":"Fire Potion"},{"floor":37,"key":"Poison Potion"},{"floor":41,"key":"SteroidPotion"},{"floor":42,"key":"Swift Potion"}],"is_trial":false,"path_per_floor":["M","?","M","?","M","R","M","M","T","M","E","M","E","M","R","B",null,"M","M","M","?","M","M","$","E","T","M","R","E","?","M","R","B",null,"M","M","M","?","?","R","M","E","T","E","$","E","?","?","R","B",null,"R","$","E","B"],"character_chosen":"THE_SILENT","items_purchased":["Membership Card","Apotheosis","Molten Egg 2","Pen Nib","Sling","Glass Knife+1","Catalyst","Caltrops","Jack Of All Trades","Dexterity Potion","PiercingWail","Infinite Blades"],"campfire_rested":3,"item_purchase_floors":[24,24,24,45,45,45,45,45,45,53,53,53],"current_hp_per_floor":[70,70,70,70,70,70,57,54,54,50,51,45,39,30,51,25,70,58,45,45,45,45,45,45,27,27,16,37,37,37,37,58,31,70,64,64,62,35,35,56,58,58,58,46,46,48,39,39,66,27,70,70,70,38,0],"gold":29,"neow_bonus":"BOSS_RELIC","is_prod":false,"is_daily":false,"chose_seed":false,"campfire_upgraded":3,"win_rate":0,"timestamp":1547453511,"path_taken":["M","?","M","?","M","R","M","M","T","M","E","M","E","M","R","BOSS","M","M","M","?","?","M","$","E","T","M","R","E","?","M","R","BOSS","M","M","M","?","?","R","M","E","T","E","?","E","?","?","R","BOSS","R","$","E","BOSS"],"build_version":"2019-01-10","purchased_purges":1,"victory":false,"max_hp_per_floor":[70,70,70,70,70,70,70,70,70,70,70,70,70,70,70,70,70,70,70,70,70,70,70,70,70,70,70,70,70,70,70,70,70,70,70,70,70,70,70,70,70,70,70,70,70,70,70,70,70,70,70,70,70,70,70],"card_choices":[{"not_picked":[],"picked":"Well Laid Plans","floor":1},{"not_picked":[],"picked":"Terror","floor":3},{"not_picked":[],"picked":"Underhanded Strike","floor":5},{"not_picked":[],"picked":"Calculated Gamble","floor":7},{"not_picked":[],"picked":"Flying Knee","floor":8},{"not_picked":[],"picked":"Dagger Spray","floor":10},{"not_picked":[],"picked":"Burst","floor":11},{"not_picked":[],"picked":"Quick Slash","floor":12},{"not_picked":[],"picked":"Quick Slash","floor":13},{"not_picked":[],"picked":"Predator","floor":14},{"not_picked":[],"picked":"Corpse Explosion","floor":16},{"not_picked":[],"picked":"Dodge and Roll","floor":18},{"not_picked":[],"picked":"Poisoned Stab","floor":19},{"not_picked":[],"picked":"PiercingWail+1","floor":20},{"not_picked":[],"picked":"Escape Plan","floor":22},{"not_picked":[],"picked":"Cloak And Dagger+1","floor":23},{"not_picked":[],"picked":"Venomology","floor":25},{"not_picked":[],"picked":"Backflip","floor":27},{"not_picked":[],"picked":"Doppelganger","floor":29},{"not_picked":[],"picked":"Deflect","floor":31},{"not_picked":[],"picked":"Burst","floor":33},{"not_picked":[],"picked":"Flying Knee+1","floor":35},{"not_picked":[],"picked":"Flying Knee+1","floor":36},{"not_picked":[],"picked":"Endless Agony+1","floor":37},{"not_picked":[],"picked":"Eviscerate+1","floor":38},{"not_picked":[],"picked":"Backflip+1","floor":41},{"not_picked":[],"picked":"Bane+1","floor":42},{"not_picked":[],"picked":"Skewer+1","floor":44},{"not_picked":[],"picked":"Backflip+1","floor":46},{"not_picked":[],"picked":"Slice+1","floor":54}],"player_experience":398007,"relics_obtained":[{"floor":11,"key":"Art of War"},{"floor":13,"key":"Smiling Mask"},{"floor":25,"key":"Bag of Marbles"},{"floor":26,"key":"Gambling Chip"},{"floor":29,"key":"Vajra"},{"floor":38,"key":"Bird Faced Urn"},{"floor":42,"key":"Oddly Smooth Stone"},{"floor":43,"key":"Shuriken"},{"floor":44,"key":"Calipers"},{"floor":46,"key":"Meat on the Bone"},{"floor":54,"key":"Mummified Hand"}],"event_choices":[{"cards_removed":["Strike_G"],"damage_healed":0,"gold_gain":0,"player_choice":"Card Removal","damage_taken":0,"max_hp_gain":0,"max_hp_loss":0,"event_name":"The Cleric","floor":2,"gold_loss":50},{"damage_healed":0,"gold_gain":0,"cards_transformed":["Strike_G"],"player_choice":"Change","damage_taken":0,"max_hp_gain":0,"max_hp_loss":0,"event_name":"Living Wall","floor":4,"gold_loss":0,"cards_obtained":["Bullet Time"]},{"damage_healed":0,"gold_gain":0,"player_choice":"Traded Relic","damage_taken":0,"relics_obtained":["Nloth\u0027s Gift"],"max_hp_gain":0,"max_hp_loss":0,"event_name":"N\u0027loth","floor":21,"relics_lost":["Art of War"],"gold_loss":0},{"damage_healed":0,"gold_gain":0,"cards_transformed":["Well Laid Plans","Doppelganger"],"player_choice":"Became Test Subject","damage_taken":0,"max_hp_gain":0,"max_hp_loss":0,"event_name":"Drug Dealer","floor":30,"gold_loss":0,"cards_obtained":["A Thousand Cuts","Bouncing Flask"]},{"damage_healed":0,"gold_gain":0,"player_choice":"Fight","damage_taken":0,"max_hp_gain":0,"max_hp_loss":0,"event_name":"MindBloom","floor":38,"gold_loss":0},{"damage_healed":0,"gold_gain":0,"player_choice":"Ignored","damage_taken":0,"max_hp_gain":0,"max_hp_loss":0,"event_name":"The Moai Head","floor":39,"gold_loss":0},{"damage_healed":0,"gold_gain":0,"player_choice":"Embrace Madness","damage_taken":9,"max_hp_gain":0,"max_hp_loss":0,"event_name":"Winding Halls","floor":47,"gold_loss":0,"cards_obtained":["Madness","Madness"]},{"damage_healed":0,"gold_gain":0,"cards_transformed":["Skewer"],"player_choice":"Transformed","damage_taken":0,"max_hp_gain":0,"max_hp_loss":0,"event_name":"Transmorgrifier","floor":48,"gold_loss":0,"cards_obtained":["Dagger Throw"]}],"is_beta":false,"boss_relics":[{"not_picked":["Runic Dome","Ectoplasm"],"picked":"Runic Pyramid"},{"not_picked":["Fusion Hammer","Velvet Choker"],"picked":"Eternal Feather"}],"items_purged_floors":[45],"is_endless":false,"potions_floor_spawned":[1,3,5,11,14,18,22,23,27,31,35,37,41,42],"killed_by":"The Heart","ascension_level":1}