{"gold_per_floor":[118,136,136,211,235,264,264,293,293,293,52,78,90,90,90,194,194,212,223,223,236,252,287,306,339,339,239,266,266,341,355,355,451,501,521,621,621,635,646,681,681,707,707,740,308,308,10,22,22,22],"floor_reached":51,"playtime":2735,"items_purged":["Defend_B","Dualcast","Streamline"],"score":1187,"play_id":"88397435-7552-49e6-a5be-52cb11b34449","local_time":"20190923170019","is_ascension_mode":true,"campfire_choices":[{"data":"Zap","floor":7,"key":"SMITH"},{"data":"Electrodynamics","floor":10,"key":"SMITH"},{"data":"Apotheosis","floor":15,"key":"SMITH"},{"data":"Leap","floor":29,"key":"SMITH"},{"data":"Chaos","floor":32,"key":"SMITH"},{"data":"Heatsinks","floor":41,"key":"SMITH"},{"data":"Storm","floor":49,"key":"SMITH"}],"neow_cost":"NONE","seed_source_timestamp":361504211943900,"circlet_count":0,"master_deck":["Zap+1","Auto Shields+1","Compile Driver","Electrodynamics+1","Apotheosis+1","Auto Shields","Storm+1","Biased Cognition+1","Loop","Force Field","Leap+1","Storm","Heatsinks+1","Self Repair+1","Reboot","Hello World+1","Static Discharge","Chaos+1","Reboot","Machine Learning","Loop+1","Heatsinks+1","Heatsinks+1","Heatsinks+1","Dark Shackles","Loop+1"],"relics":["Velvet Choker","War Paint","Bag of Preparation","Bird Faced Urn","Vajra","Art of War","Pandora\u0027s Box","Pantograph","Mummified Hand","Blue Candle","Tiny House","Ice Cream","theSenshi:FeatherClipsRelic","The Courier","Frozen Egg 2","Torii","Medical Kit","Bottled Tornado"],"potions_floor_usage":[6,6,23,24,42,50,50],"damage_taken":[{"damage":1,"enemies":"Jaw Worm","floor":1,"turns":4},{"damage":0,"enemies":"2 Louse","floor":2,"turns":3},{"damage":10,"enemies":"3 Sentries","floor":6,"turns":8},{"damage":20,"enemies":"Lagavulin","floor":8,"turns":5},{"damage":20,"enemies":"3 Sentries","floor":12,"turns":4},{"damage":0,"enemies":"Cultist","floor":13,"turns":2},{"damage":0,"enemies":"Slime Boss","floor":16,"turns":5},{"damage":0,"enemies":"3 Byrds","floor":18,"turns":1},{"damage":20,"enemies":"2 Thieves","floor":19,"turns":4},{"damage":0,"enemies":"Centurion and Healer","floor":21,"turns":2},{"damage":0,"enemies":"Cultist and Chosen","floor":22,"turns":3},{"damage":25,"enemies":"Slavers","floor":23,"turns":2},{"damage":15,"enemies":"Snake Plant","floor":24,"turns":2},{"damage":18,"enemies":"Gremlin Leader","floor":25,"turns":3},{"damage":0,"enemies":"Book of Stabbing","floor":28,"turns":3},{"damage":12,"enemies":"Shelled Parasite and Fungi","floor":31,"turns":3},{"damage":9,"enemies":"Collector","floor":33,"turns":4},{"damage":9,"enemies":"3 Darklings","floor":35,"turns":2},{"damage":0,"enemies":"Mind Bloom Boss Battle","floor":36,"turns":4},{"damage":1,"enemies":"Orb Walker","floor":38,"turns":2},{"damage":0,"enemies":"Writhing Mass","floor":39,"turns":3},{"damage":14,"enemies":"Nemesis","floor":40,"turns":5},{"damage":23,"enemies":"Giant Head","floor":42,"turns":6},{"damage":36,"enemies":"Nemesis","floor":44,"turns":3},{"damage":18,"enemies":"Spire Growth","floor":48,"turns":3},{"damage":24,"enemies":"Donu and Deca","floor":50,"turns":2}],"seed_played":"5913107981669670661","potions_obtained":[{"floor":2,"key":"Block Potion"},{"floor":6,"key":"Fruit Juice"},{"floor":16,"key":"Strength Potion"},{"floor":21,"key":"FearPotion"},{"floor":22,"key":"Energy Potion"},{"floor":23,"key":"Energy Potion"},{"floor":24,"key":"SteroidPotion"},{"floor":25,"key":"FocusPotion"},{"floor":28,"key":"Ancient Potion"},{"floor":34,"key":"Explosive Potion"},{"floor":36,"key":"FocusPotion"}],"is_trial":false,"path_per_floor":["M","M","?","?","T","E","R","E","T","R","$","E","M","?","R","B",null,"M","M","?","M","M","E","M","E","T","$","E","R","?","M","R","B",null,"M","?","?","M","M","E","R","E","T","E","$","?","$","M","R","B",null],"character_chosen":"DEFECT","items_purchased":["Apotheosis","Medical Kit","Heatsinks+1","Heatsinks+1","Heatsinks+1","Bottled Tornado","Loop+1","PowerPotion"],"campfire_rested":0,"item_purchase_floors":[11,45,45,45,45,47,47,47],"current_hp_per_floor":[67,67,60,49,49,44,44,24,24,24,24,6,8,1,1,5,61,67,53,53,63,75,55,60,54,54,54,66,66,58,74,74,80,85,85,85,95,95,95,91,91,88,88,87,87,77,77,95,95,87],"gold":22,"neow_bonus":"BOSS_RELIC","is_prod":false,"is_daily":false,"chose_seed":false,"campfire_upgraded":7,"win_rate":0,"timestamp":1569254419,"path_taken":["M","M","?","?","?","E","R","E","T","R","$","E","?","?","R","BOSS","M","M","?","?","M","E","M","E","T","$","E","R","?","?","R","BOSS","M","?","?","?","M","E","R","E","T","E","$","?","$","M","R","BOSS"],"build_version":"2019-07-17","purchased_purges":3,"victory":true,"max_hp_per_floor":[75,75,75,75,75,80,80,80,80,80,80,80,80,80,80,80,80,80,80,80,80,80,80,80,80,80,80,80,80,80,80,80,80,85,85,85,95,95,95,95,95,95,95,95,95,95,95,95,95,95],"card_choices":[{"not_picked":["Gash","Hologram"],"picked":"Auto Shields","floor":1},{"not_picked":["Rebound","Gash"],"picked":"Streamline","floor":2},{"not_picked":["Conserve Battery","Beam Cell"],"picked":"Compile Driver","floor":6},{"not_picked":["Beam Cell","Reprogram"],"picked":"Electrodynamics","floor":8},{"not_picked":["Scrape","Chill"],"picked":"Auto Shields","floor":12},{"not_picked":["Lockon","Conserve Battery"],"picked":"Storm","floor":13},{"not_picked":["Hyperbeam","Fission"],"picked":"Biased Cognition","floor":16},{"not_picked":["Barrage","Go for the Eyes"],"picked":"Heatsinks","floor":18},{"not_picked":["Coolheaded","Steam","Undo"],"picked":"SKIP","floor":19},{"not_picked":["Compile Driver+1","Rebound+1","Hologram"],"picked":"SKIP","floor":21},{"not_picked":["Double Energy","Sweeping Beam+1","Cold Snap"],"picked":"SKIP","floor":22},{"not_picked":["Ball Lightning","Turbo"],"picked":"Self Repair+1","floor":23},{"not_picked":["Steam","Gash+1"],"picked":"Reboot","floor":24},{"not_picked":["Aggregate+1","Turbo+1"],"picked":"Hello World+1","floor":25},{"not_picked":["Redo","Compile Driver"],"picked":"Static Discharge","floor":28},{"not_picked":["Hologram","Chill"],"picked":"Chaos","floor":31},{"not_picked":["Core Surge","Multi-Cast"],"picked":"Reboot","floor":33},{"not_picked":["Streamline","Aggregate","Skim+1"],"picked":"SKIP","floor":35},{"not_picked":["Rebound","Go for the Eyes+1","Steam+1"],"picked":"SKIP","floor":38},{"not_picked":["BootSequence+1","Ball Lightning","Cold Snap+1"],"picked":"SKIP","floor":39},{"not_picked":["Sweeping Beam","Cold Snap"],"picked":"Machine Learning","floor":40},{"not_picked":["Rebound","Leap+1","Redo+1"],"picked":"SKIP","floor":42},{"not_picked":["Rebound+1","Barrage"],"picked":"Loop+1","floor":44},{"not_picked":["Sadistic Nature+1","Madness"],"picked":"Dark Shackles","floor":46},{"not_picked":["Turbo","Go for the Eyes+1","Melter+1"],"picked":"SKIP","floor":48}],"player_experience":382925,"relics_obtained":[{"floor":5,"key":"War Paint"},{"floor":6,"key":"Bag of Preparation"},{"floor":8,"key":"Bird Faced Urn"},{"floor":9,"key":"Vajra"},{"floor":12,"key":"Art of War"},{"floor":23,"key":"Pantograph"},{"floor":25,"key":"Mummified Hand"},{"floor":26,"key":"Blue Candle"},{"floor":36,"key":"Ice Cream"},{"floor":40,"key":"theSenshi:FeatherClipsRelic"},{"floor":42,"key":"The Courier"},{"floor":43,"key":"Frozen Egg 2"},{"floor":44,"key":"Torii"}],"event_choices":[{"cards_removed":["Defend_B"],"damage_healed":0,"gold_gain":0,"player_choice":"Card Removal","damage_taken":7,"max_hp_gain":0,"max_hp_loss":0,"event_name":"Golden Wing","floor":3,"gold_loss":0},{"damage_healed":0,"gold_gain":75,"player_choice":"Gather Gold","damage_taken":11,"max_hp_gain":0,"max_hp_loss":0,"event_name":"World of Goop","floor":4,"gold_loss":0},{"damage_healed":0,"gold_gain":0,"player_choice":"Fled","damage_taken":7,"max_hp_gain":0,"max_hp_loss":0,"event_name":"Scrap Ooze","floor":14,"gold_loss":0},{"cards_removed":["Hyperbeam"],"damage_healed":0,"gold_gain":0,"player_choice":"Purged","damage_taken":0,"max_hp_gain":0,"max_hp_loss":0,"event_name":"Purifier","floor":20,"gold_loss":0},{"damage_healed":0,"gold_gain":75,"player_choice":"Touch","damage_taken":8,"max_hp_gain":0,"max_hp_loss":0,"event_name":"FaceTrader","floor":30,"gold_loss":0},{"damage_healed":0,"gold_gain":0,"player_choice":"Fight","damage_taken":0,"max_hp_gain":0,"max_hp_loss":0,"event_name":"MindBloom","floor":36,"gold_loss":0},{"cards_removed":["Core Surge"],"damage_healed":0,"gold_gain":0,"player_choice":"Offered Rare","damage_taken":0,"max_hp_gain":10,"max_hp_loss":0,"event_name":"Bonfire Elementals","floor":37,"gold_loss":0},{"damage_healed":0,"gold_gain":0,"player_choice":"Memory 3","damage_taken":10,"max_hp_gain":0,"max_hp_loss":0,"event_name":"SensoryStone","floor":46,"gold_loss":0}],"is_beta":false,"boss_relics":[{"not_picked":["theSenshi:MoonKaleidoScopeRelic","Philosopher\u0027s Stone"],"picked":"Pandora\u0027s Box"},{"not_picked":["Astrolabe","Orrery"],"picked":"Tiny House"}],"items_purged_floors":[11,27,45],"is_endless":false,"potions_floor_spawned":[2,6,16,21,22,23,24,25,28,36,40,48],"ascension_level":6}