{"gold_per_floor":[168,443,461,481,114,139,139,171,201,101,101,101,129,129,129,258,258,279,279,554,575,490,524,543,543],"floor_reached":25,"playtime":1123,"items_purged":["Regret","Strike_G"],"score":384,"play_id":"ce8d4a65-386d-49fd-b888-a118d09c290d","local_time":"20190513004415","is_ascension_mode":true,"campfire_choices":[{"data":"Terror","floor":7,"key":"SMITH"},{"data":"Neutralize","floor":11,"key":"SMITH"},{"data":"After Image","floor":15,"key":"SMITH"}],"neow_cost":"NONE","seed_source_timestamp":365485330812978,"circlet_count":0,"master_deck":["Defend_G","Defend_G","Defend_G","Survivor","Neutralize+1","Dagger Spray","Backstab","Predator","Terror+1","Crippling Poison","Deflect","After Image+1","After Image","Slice","Bite","Bite","Bite","Bite","Bite","Regret","Noxious Fumes","Dash+1"],"relics":["Tiny House","Dead Branch","Ancient Tea Set","Shuriken","Tiny Chest","Bronze Scales","Golden Idol","Empty Cage","Molten Egg 2","The Specimen"],"potions_floor_usage":[6,6,13,16,25],"damage_taken":[{"damage":0,"enemies":"Jaw Worm","floor":1,"turns":4},{"damage":1,"enemies":"Cultist","floor":3,"turns":3},{"damage":10,"enemies":"Small Slimes","floor":4,"turns":3},{"damage":0,"enemies":"Gremlin Nob","floor":6,"turns":2},{"damage":7,"enemies":"Lagavulin","floor":8,"turns":3},{"damage":0,"enemies":"Gremlin Nob","floor":13,"turns":2},{"damage":12,"enemies":"Slime Boss","floor":16,"turns":9},{"damage":0,"enemies":"3 Byrds","floor":18,"turns":3},{"damage":0,"enemies":"Chosen","floor":21,"turns":3},{"damage":42,"enemies":"Book of Stabbing","floor":23,"turns":5},{"damage":10,"enemies":"Snecko","floor":24,"turns":6},{"damage":29,"enemies":"Gremlin Leader","floor":25,"turns":2}],"seed_played":"8624115209454584403","potions_obtained":[{"floor":0,"key":"Energy Potion"},{"floor":3,"key":"SteroidPotion"},{"floor":4,"key":"AttackPotion"},{"floor":6,"key":"SpeedPotion"},{"floor":13,"key":"SteroidPotion"}],"is_trial":false,"path_per_floor":["M","?","M","M","$","E","R","E","T","$","R","?","E","?","R","B",null,"M","?","?","M","?","E","M","E"],"character_chosen":"THE_SILENT","items_purchased":["Dead Branch"],"campfire_rested":0,"item_purchase_floors":[5],"current_hp_per_floor":[75,75,74,64,64,64,64,57,57,57,57,57,57,39,39,27,63,63,52,52,52,52,18,18,0],"gold":543,"neow_bonus":"BOSS_RELIC","is_prod":false,"is_daily":false,"chose_seed":false,"campfire_upgraded":3,"win_rate":0,"timestamp":1557704655,"path_taken":["M","?","?","M","$","E","R","E","T","$","R","?","E","?","R","BOSS","M","?","?","?","?","E","M","E"],"build_version":"2019-01-23","purchased_purges":2,"victory":false,"max_hp_per_floor":[75,75,75,75,75,75,75,75,75,75,75,75,75,75,75,75,75,75,52,52,52,52,52,52,52],"card_choices":[{"not_picked":["Dodge and Roll","Setup"],"picked":"Dagger Spray","floor":0},{"not_picked":["Dodge and Roll","Dagger Spray"],"picked":"Backstab","floor":1},{"not_picked":["Expertise","Prepared"],"picked":"Predator","floor":3},{"not_picked":["Dagger Throw","Finisher"],"picked":"Terror","floor":4},{"not_picked":["Dodge and Roll","Flechettes"],"picked":"Crippling Poison","floor":6},{"not_picked":["Sucker Punch","Poisoned Stab"],"picked":"Deflect","floor":8},{"not_picked":["Noxious Fumes","Eviscerate"],"picked":"After Image","floor":13},{"not_picked":["Storm of Steel","Venomology"],"picked":"After Image","floor":16},{"not_picked":["Setup","PiercingWail"],"picked":"Slice","floor":18},{"not_picked":["Accuracy+1","Deflect","Heel Hook"],"picked":"SKIP","floor":21},{"not_picked":["Eviscerate+1","Dash+1"],"picked":"Noxious Fumes","floor":23},{"not_picked":["Dagger Throw+1","Burst"],"picked":"Dash+1","floor":24}],"player_experience":245900,"relics_obtained":[{"floor":6,"key":"Ancient Tea Set"},{"floor":8,"key":"Shuriken"},{"floor":9,"key":"Tiny Chest"},{"floor":13,"key":"Bronze Scales"},{"floor":23,"key":"The Specimen"}],"event_choices":[{"damage_healed":0,"gold_gain":275,"player_choice":"Desecrate","damage_taken":0,"max_hp_gain":0,"max_hp_loss":0,"event_name":"Golden Shrine","floor":2,"gold_loss":0,"cards_obtained":["Regret"]},{"cards_removed":["Defend_G"],"damage_healed":0,"gold_gain":0,"player_choice":"Forget","damage_taken":0,"max_hp_gain":0,"max_hp_loss":0,"event_name":"Living Wall","floor":12,"gold_loss":0},{"damage_healed":0,"gold_gain":0,"player_choice":"Take Damage","damage_taken":18,"relics_obtained":["Golden Idol"],"max_hp_gain":0,"max_hp_loss":0,"event_name":"Golden Idol","floor":14,"gold_loss":0},{"damage_healed":0,"gold_gain":0,"player_choice":"Became a vampire","damage_taken":0,"max_hp_gain":0,"max_hp_loss":23,"event_name":"Vampires","floor":19,"gold_loss":0,"cards_obtained":["Bite","Bite","Bite","Bite","Bite"]},{"damage_healed":0,"gold_gain":275,"player_choice":"Desecrate","damage_taken":0,"max_hp_gain":0,"max_hp_loss":0,"event_name":"Golden Shrine","floor":20,"gold_loss":0,"cards_obtained":["Regret"]},{"damage_healed":0,"gold_gain":0,"player_choice":"Obtained Relic","damage_taken":0,"relics_obtained":["Molten Egg 2"],"max_hp_gain":0,"max_hp_loss":0,"event_name":"Addict","floor":22,"gold_loss":85}],"is_beta":false,"boss_relics":[{"not_picked":["White Beast Statue","Lizard Tail"],"picked":"Empty Cage"}],"items_purged_floors":[5,10],"is_endless":false,"potions_floor_spawned":[3,4,6,13],"killed_by":"Gremlin Leader","ascension_level":5}