{"gold_per_floor":[112,128,78,78,78,108,108,125,125,125,142,159,175,175],"floor_reached":14,"playtime":950,"items_purged":[],"score":101,"play_id":"0327f366-3e76-460a-8074-dc63418450c7","local_time":"20181225013904","is_ascension_mode":true,"campfire_choices":[{"data":"Redo","floor":7,"key":"SMITH"},{"data":"Dualcast","floor":10,"key":"SMITH"}],"neow_cost":"NONE","seed_source_timestamp":376935484766747,"circlet_count":0,"master_deck":["Strike_B+1","Strike_B","Strike_B","Defend_B","Defend_B","Defend_B","Defend_B","Zap+1","Dualcast+1","Redo+1","Hologram","Consume","Steam","Double Energy","Defragment","Buffer"],"relics":["Cracked Core","Juzu Bracelet","Shuriken","Singing Bowl"],"potions_floor_usage":[2,13],"damage_taken":[{"damage":0,"enemies":"Small Slimes","floor":1,"turns":3},{"damage":7,"enemies":"Jaw Worm","floor":2,"turns":3},{"damage":21,"enemies":"Lagavulin","floor":6,"turns":5},{"damage":0,"enemies":"2 Louse","floor":8,"turns":2},{"damage":4,"enemies":"Red Slaver","floor":11,"turns":3},{"damage":5,"enemies":"Blue Slaver","floor":12,"turns":2},{"damage":11,"enemies":"Gremlin Gang","floor":13,"turns":5},{"damage":23,"enemies":"Gremlin Nob","floor":14,"turns":3}],"seed_played":"3972112528989007919","potions_obtained":[{"floor":1,"key":"AttackPotion"},{"floor":6,"key":"Ancient Potion"},{"floor":12,"key":"Energy Potion"}],"is_trial":false,"path_per_floor":["M","M","?","?","?","E","R","M","T","R","M","M","M","E"],"character_chosen":"DEFECT","items_purchased":[],"campfire_rested":0,"item_purchase_floors":[],"current_hp_per_floor":[75,68,68,53,46,25,25,25,25,25,21,16,5,0],"gold":175,"neow_bonus":"RANDOM_COMMON_RELIC","is_prod":false,"is_daily":false,"chose_seed":false,"campfire_upgraded":2,"win_rate":0,"timestamp":1545719944,"path_taken":["M","M","?","?","?","E","R","M","T","R","M","M","M","E"],"build_version":"2018-12-20","purchased_purges":0,"victory":false,"max_hp_per_floor":[75,75,75,75,75,75,75,75,75,75,75,75,75,75],"card_choices":[{"not_picked":["Tempest","Heatsinks"],"picked":"Redo","floor":1},{"not_picked":["Sunder","Redo"],"picked":"Hologram","floor":2},{"not_picked":["Hologram","Redo"],"picked":"Consume","floor":6},{"not_picked":["Stack","Cold Snap"],"picked":"Steam","floor":8},{"not_picked":["Ball Lightning","Go for the Eyes"],"picked":"Double Energy","floor":11},{"not_picked":["Leap","Barrage"],"picked":"Defragment","floor":12},{"not_picked":["Leap","Tempest"],"picked":"Buffer","floor":13}],"player_experience":127126,"relics_obtained":[{"floor":6,"key":"Shuriken"},{"floor":9,"key":"Singing Bowl"}],"event_choices":[{"cards_removed":["Strike_B"],"damage_healed":0,"gold_gain":0,"player_choice":"Card Removal","damage_taken":0,"max_hp_gain":0,"max_hp_loss":0,"event_name":"The Cleric","floor":3,"gold_loss":50},{"damage_healed":0,"gold_gain":0,"player_choice":"Entered Light","damage_taken":15,"max_hp_gain":0,"max_hp_loss":0,"event_name":"Shining Light","floor":4,"gold_loss":0,"cards_upgraded":["Strike_B","Zap"]},{"damage_healed":0,"gold_gain":0,"player_choice":"Damaged","damage_taken":7,"max_hp_gain":0,"max_hp_loss":0,"event_name":"Wheel of Change","floor":5,"gold_loss":0}],"is_beta":false,"boss_relics":[],"items_purged_floors":[],"is_endless":false,"potions_floor_spawned":[1,6,12],"killed_by":"Gremlin Nob","ascension_level":2}