{"gold_per_floor":[112,72,35,55,70,104,124,124,147,158,171,171,206,216,216,216],"floor_reached":16,"playtime":850,"items_purged":[],"score":154,"play_id":"a80a8ce2-aeba-4d3e-8172-6f503d47459b","local_time":"20190211212119","is_ascension_mode":true,"campfire_choices":[{"data":"Searing Blow","floor":8,"key":"SMITH"},{"floor":12,"key":"REST"},{"data":"Infernal Blade","floor":15,"key":"SMITH"}],"neow_cost":"NONE","seed_source_timestamp":19332974263528,"circlet_count":0,"master_deck":["Strike_R","Strike_R","Strike_R","Strike_R","Strike_R","Defend_R","Defend_R","Defend_R","Defend_R","Bash","Pommel Strike","Disarm","Armaments","Inflame","Armaments","Searing Blow+1","Infernal Blade+1","Anger","Feed","Heavy Blade"],"relics":["Burning Blood","NeowsBlessing","Juzu Bracelet","Potion Belt","Boot"],"potions_floor_usage":[6,6,7,13,16],"damage_taken":[{"damage":0,"enemies":"Small Slimes","floor":1,"turns":1},{"damage":0,"enemies":"Cultist","floor":4,"turns":1},{"damage":0,"enemies":"2 Louse","floor":5,"turns":1},{"damage":37,"enemies":"3 Sentries","floor":6,"turns":13},{"damage":1,"enemies":"Looter","floor":7,"turns":4},{"damage":25,"enemies":"Exordium Wildlife","floor":10,"turns":6},{"damage":7,"enemies":"2 Fungi Beasts","floor":11,"turns":4},{"damage":32,"enemies":"Lagavulin","floor":13,"turns":7},{"damage":11,"enemies":"Blue Slaver","floor":14,"turns":6},{"damage":40,"enemies":"Slime Boss","floor":16,"turns":6}],"seed_played":"-1854087264227089376","potions_obtained":[{"floor":2,"key":"EssenceOfSteel"},{"floor":2,"key":"FairyPotion"},{"floor":2,"key":"AttackPotion"},{"floor":6,"key":"SkillPotion"},{"floor":7,"key":"Strength Potion"},{"floor":13,"key":"Ancient Potion"},{"floor":14,"key":"SkillPotion"}],"is_trial":false,"path_per_floor":["M","?","$","M","M","E","M","R","T","M","M","R","E","M","R","B"],"character_chosen":"IRONCLAD","items_purchased":["Disarm"],"campfire_rested":1,"item_purchase_floors":[3],"current_hp_per_floor":[78,78,78,80,80,49,54,54,54,35,34,58,32,30,30,0],"gold":216,"neow_bonus":"THREE_ENEMY_KILL","is_prod":false,"is_daily":false,"chose_seed":false,"campfire_upgraded":2,"win_rate":0,"timestamp":1549938079,"path_taken":["M","?","$","?","M","E","M","R","T","M","M","R","E","M","R","BOSS"],"build_version":"2019-01-23","purchased_purges":0,"victory":false,"max_hp_per_floor":[80,80,80,80,80,80,80,80,80,80,80,80,80,83,83,83],"card_choices":[{"not_picked":["Clash","Combust"],"picked":"Pommel Strike","floor":1},{"not_picked":["Flex","Fire Breathing"],"picked":"Armaments","floor":4},{"not_picked":["Body Slam","Fiend Fire"],"picked":"Inflame","floor":5},{"not_picked":["Pommel Strike","Pummel"],"picked":"Armaments","floor":6},{"not_picked":["Perfected Strike","Sever Soul"],"picked":"Searing Blow","floor":7},{"not_picked":["Body Slam","Clash"],"picked":"Infernal Blade","floor":10},{"not_picked":["Dropkick","Headbutt"],"picked":"Anger","floor":11},{"not_picked":["Clothesline","Power Through"],"picked":"Feed","floor":13},{"not_picked":["Bloodletting","Anger"],"picked":"Heavy Blade","floor":14}],"player_experience":457461,"relics_obtained":[{"floor":6,"key":"Juzu Bracelet"},{"floor":9,"key":"Potion Belt"},{"floor":13,"key":"Boot"}],"event_choices":[{"damage_healed":0,"gold_gain":0,"player_choice":"Bought 3 Potions","damage_taken":0,"max_hp_gain":0,"max_hp_loss":0,"event_name":"The Woman in Blue","floor":2,"gold_loss":0}],"is_beta":false,"boss_relics":[],"items_purged_floors":[],"is_endless":false,"potions_floor_spawned":[4,6,7,13,14],"killed_by":"Slime Boss","ascension_level":7}