{"gold_per_floor":[110,122,135,135,135,135,168,168,168,168,18,93,123,135,135,234,234,159,159,84,4,4,4,4,4,4,4,4,4,4,4,4,4],"floor_reached":33,"playtime":1437,"items_purged":[],"score":410,"play_id":"1caa086c-eeac-4f70-b1a1-0be6d4d85e7f","local_time":"20190929231519","is_ascension_mode":true,"campfire_choices":[{"data":"Uppercut","floor":6,"key":"SMITH"},{"data":"Metallicize","floor":8,"key":"SMITH"},{"data":"Bash","floor":10,"key":"SMITH"},{"data":"Clothesline","floor":15,"key":"SMITH"},{"data":"Immolate","floor":23,"key":"SMITH"},{"data":"Spot Weakness","floor":27,"key":"SMITH"},{"floor":32,"key":"REST"}],"neow_cost":"NONE","seed_source_timestamp":43572837753579,"circlet_count":0,"master_deck":["AscendersBane","Strike_R","Strike_R","Strike_R","Strike_R","Defend_R","Defend_R","Defend_R","Defend_R","Bash+1","Metallicize+1","Uppercut+1","Battle Trance","Clothesline+1","Spot Weakness+1","Immolate+1","Whirlwind","Armaments+1","Spot Weakness","Wild Strike+1","Double Tap","Shrug It Off"],"relics":["Burning Blood","Singing Bowl","Matryoshka","Anchor","Centennial Puzzle","Ectoplasm","Happy Flower","Red Skull","Bottled Tornado"],"potions_floor_usage":[14,24,29,33,33,33],"damage_taken":[{"damage":3,"enemies":"Jaw Worm","floor":1,"turns":6},{"damage":8,"enemies":"Small Slimes","floor":2,"turns":6},{"damage":6,"enemies":"2 Louse","floor":3,"turns":4},{"damage":29,"enemies":"Lagavulin","floor":7,"turns":9},{"damage":15,"enemies":"3 Sentries","floor":13,"turns":14},{"damage":7,"enemies":"Lots of Slimes","floor":14,"turns":7},{"damage":23,"enemies":"The Guardian","floor":16,"turns":15},{"damage":32,"enemies":"2 Thieves","floor":18,"turns":4},{"damage":12,"enemies":"3 Byrds","floor":19,"turns":4},{"damage":22,"enemies":"Slavers","floor":24,"turns":3},{"damage":0,"enemies":"Centurion and Healer","floor":28,"turns":4},{"damage":4,"enemies":"Snecko","floor":29,"turns":3},{"damage":20,"enemies":"Snake Plant","floor":31,"turns":3},{"damage":44,"enemies":"Collector","floor":33,"turns":9}],"seed_played":"-649088416065289452","potions_obtained":[{"floor":1,"key":"Dexterity Potion"},{"floor":7,"key":"SteroidPotion"},{"floor":14,"key":"FearPotion"},{"floor":19,"key":"SkillPotion"},{"floor":28,"key":"Energy Potion"},{"floor":29,"key":"EssenceOfSteel"}],"is_trial":false,"path_per_floor":["M","M","M","?","?","R","E","R","T","R","$","?","E","M","R","B",null,"M","M","?","$","?","R","E","$","T","R","M","M","$","M","R","B"],"character_chosen":"IRONCLAD","items_purchased":["Anchor","Spot Weakness"],"campfire_rested":1,"item_purchase_floors":[11,21],"current_hp_per_floor":[83,81,81,81,81,81,60,60,60,60,60,51,42,41,41,24,74,48,42,42,42,42,42,28,28,28,28,34,36,36,22,49,5],"gold":4,"neow_bonus":"TEN_PERCENT_HP_BONUS","is_prod":false,"is_daily":false,"chose_seed":false,"campfire_upgraded":6,"win_rate":0,"timestamp":1569791719,"path_taken":["M","M","M","?","?","R","E","R","T","R","$","?","E","M","R","BOSS","M","?","?","$","?","R","E","$","T","R","?","M","?","M","R","BOSS"],"build_version":"2019-07-17","purchased_purges":0,"victory":false,"max_hp_per_floor":[88,88,88,88,88,88,90,90,90,90,90,90,90,90,90,90,90,90,90,90,90,90,90,92,92,92,92,92,92,92,92,92,92],"card_choices":[{"not_picked":["Anger","Heavy Blade"],"picked":"Metallicize","floor":1},{"not_picked":["Hemokinesis","Anger"],"picked":"Uppercut","floor":2},{"not_picked":["Heavy Blade","Sever Soul"],"picked":"Battle Trance","floor":3},{"not_picked":["Sentinel","Battle Trance","Bloodletting"],"picked":"Singing Bowl","floor":7},{"not_picked":["Iron Wave","Dual Wield"],"picked":"Clothesline","floor":13},{"not_picked":["Exhume","Clash"],"picked":"Spot Weakness","floor":14},{"not_picked":["Reaper","Limit Break"],"picked":"Immolate","floor":16},{"not_picked":["Corruption","Flex"],"picked":"Whirlwind","floor":18},{"not_picked":["Reckless Charge","Dual Wield"],"picked":"Armaments","floor":19},{"not_picked":["Demon Form","Blood for Blood","Pommel Strike"],"picked":"Singing Bowl","floor":24},{"not_picked":["Rampage","Warcry"],"picked":"Wild Strike+1","floor":28},{"not_picked":["Body Slam+1","Iron Wave"],"picked":"Double Tap","floor":29},{"not_picked":["Dual Wield+1","Entrench"],"picked":"Shrug It Off","floor":31}],"player_experience":311115,"relics_obtained":[{"floor":7,"key":"Singing Bowl"},{"floor":9,"key":"Matryoshka"},{"floor":13,"key":"Centennial Puzzle"},{"floor":24,"key":"Happy Flower"},{"floor":26,"key":"Red Skull"},{"floor":26,"key":"Bottled Tornado"}],"event_choices":[{"damage_healed":0,"gold_gain":0,"player_choice":"Ignored","damage_taken":0,"max_hp_gain":0,"max_hp_loss":0,"event_name":"Golden Idol","floor":4,"gold_loss":0},{"damage_healed":0,"gold_gain":0,"player_choice":"Ignored","damage_taken":0,"max_hp_gain":0,"max_hp_loss":0,"event_name":"Liars Game","floor":5,"gold_loss":0},{"damage_healed":0,"gold_gain":75,"player_choice":"Touch","damage_taken":9,"max_hp_gain":0,"max_hp_loss":0,"event_name":"FaceTrader","floor":12,"gold_loss":0},{"cards_removed":["Strike_R"],"damage_healed":0,"gold_gain":0,"player_choice":"Gave Gold","damage_taken":0,"max_hp_gain":0,"max_hp_loss":0,"event_name":"Beggar","floor":20,"gold_loss":75},{"damage_healed":0,"gold_gain":0,"player_choice":"Upgraded","damage_taken":0,"max_hp_gain":0,"max_hp_loss":0,"event_name":"Upgrade Shrine","floor":22,"gold_loss":0,"cards_upgraded":["Armaments"]}],"is_beta":false,"boss_relics":[{"not_picked":["Orrery","Runic Dome"],"picked":"Ectoplasm"}],"items_purged_floors":[],"is_endless":false,"potions_floor_spawned":[1,7,14,19,28,29],"killed_by":"Collector","ascension_level":10}