{"gold_per_floor":[116,126,141,106,39,69,83,111,111,131,51,51],"floor_reached":12,"playtime":505,"items_purged":[],"score":122,"play_id":"e090d23d-449c-4e6b-abff-71fad865e251","local_time":"20190907223312","is_ascension_mode":true,"campfire_choices":[],"neow_cost":"NONE","seed_source_timestamp":105951445062000,"circlet_count":0,"master_deck":["Strike_G","Strike_G","Strike_G","Strike_G","Strike_G","Defend_G","Defend_G","Defend_G","Defend_G","Defend_G","Survivor","Neutralize","Terror","Deadly Poison","Sucker Punch","Glass Knife","A Thousand Cuts","PiercingWail","A Thousand Cuts","Bouncing Flask","Noxious Fumes"],"relics":["Eternal Feather","Singing Bowl","Regal Pillow","Blood Vial"],"potions_floor_usage":[7,10,10],"damage_taken":[{"damage":7,"enemies":"Cultist","floor":1,"turns":5},{"damage":1,"enemies":"2 Louse","floor":2,"turns":4},{"damage":3,"enemies":"Jaw Worm","floor":3,"turns":5},{"damage":13,"enemies":"Gremlin Nob","floor":6,"turns":4},{"damage":0,"enemies":"2 Fungi Beasts","floor":7,"turns":3},{"damage":25,"enemies":"Lagavulin","floor":8,"turns":7},{"damage":9,"enemies":"Lots of Slimes","floor":10,"turns":4},{"damage":35,"enemies":"3 Sentries","floor":12,"turns":4}],"seed_played":"2425637764810398908","potions_obtained":[{"floor":1,"key":"LiquidBronze"},{"floor":2,"key":"Block Potion"},{"floor":7,"key":"Ancient Potion"},{"floor":8,"key":"GamblersBrew"}],"is_trial":false,"path_per_floor":["M","M","M","?","$","E","M","E","T","M","$","E"],"character_chosen":"THE_SILENT","items_purchased":["Glass Knife","Noxious Fumes"],"campfire_rested":0,"item_purchase_floors":[5,11],"current_hp_per_floor":[56,55,52,69,69,56,56,31,31,24,24,0],"gold":51,"neow_bonus":"BOSS_RELIC","is_prod":false,"is_daily":false,"chose_seed":false,"campfire_upgraded":0,"win_rate":0,"timestamp":1567909992,"path_taken":["M","?","M","?","?","E","M","E","T","M","$","E"],"build_version":"2019-07-17","purchased_purges":0,"victory":false,"max_hp_per_floor":[70,70,70,70,70,70,70,70,70,70,70,70],"card_choices":[{"not_picked":["Underhanded Strike","Concentrate"],"picked":"Terror","floor":1},{"not_picked":["Acrobatics","Underhanded Strike"],"picked":"Deadly Poison","floor":2},{"not_picked":["Bane","Calculated Gamble"],"picked":"Sucker Punch","floor":3},{"not_picked":["Backstab","Underhanded Strike"],"picked":"A Thousand Cuts","floor":6},{"not_picked":["Dagger Throw","Sucker Punch"],"picked":"PiercingWail","floor":7},{"not_picked":["Concentrate","Predator"],"picked":"A Thousand Cuts","floor":8},{"not_picked":["Outmaneuver","Crippling Poison"],"picked":"Bouncing Flask","floor":10}],"player_experience":502602,"relics_obtained":[{"floor":6,"key":"Singing Bowl"},{"floor":8,"key":"Regal Pillow"},{"floor":9,"key":"Blood Vial"}],"event_choices":[{"damage_healed":17,"gold_gain":0,"player_choice":"Healed","damage_taken":0,"max_hp_gain":0,"max_hp_loss":0,"event_name":"The Cleric","floor":4,"gold_loss":35}],"is_beta":false,"boss_relics":[],"items_purged_floors":[],"is_endless":false,"potions_floor_spawned":[1,2,7,8],"killed_by":"3 Sentries","ascension_level":7}