{"gold_per_floor":[113,113,188,263,283,283,233,233,283,363,378,391,391,401,401,497,497,516,533,533,533,550,550,550],"floor_reached":24,"playtime":855,"items_purged":[],"score":307,"play_id":"2deabd7f-d96e-48fc-b299-5ec78b268c87","local_time":"20190904162258","is_ascension_mode":true,"campfire_choices":[{"data":"Fire Breathing","floor":6,"key":"SMITH"},{"data":"Battle Trance","floor":8,"key":"SMITH"},{"data":"Fire Breathing","floor":13,"key":"SMITH"},{"data":"Ghostly Armor","floor":15,"key":"SMITH"},{"data":"Fire Breathing","floor":23,"key":"SMITH"}],"neow_cost":"NONE","seed_source_timestamp":1738141391324220,"circlet_count":0,"master_deck":["Fire Breathing+1","Anger","Anger","Clothesline","Ghostly Armor+1","Havoc","Battle Trance+1","Sword Boomerang","Fire Breathing+1","Seeing Red","Fire Breathing+1","Reckless Charge","Anger","Immolate","Headbutt+1"],"relics":["Pandora\u0027s Box","Ginger","Strawberry","Ornamental Fan","Mark of Pain"],"potions_floor_usage":[16,24,24],"damage_taken":[{"damage":12,"enemies":"Jaw Worm","floor":1,"turns":2},{"damage":0,"enemies":"2 Louse","floor":5,"turns":2},{"damage":0,"enemies":"Cultist","floor":11,"turns":2},{"damage":11,"enemies":"Looter","floor":12,"turns":2},{"damage":0,"enemies":"Blue Slaver","floor":14,"turns":2},{"damage":0,"enemies":"Slime Boss","floor":16,"turns":5},{"damage":14,"enemies":"3 Byrds","floor":18,"turns":3},{"damage":11,"enemies":"Spheric Guardian","floor":19,"turns":3},{"damage":0,"enemies":"Cultist and Chosen","floor":22,"turns":4},{"damage":34,"enemies":"Book of Stabbing","floor":24,"turns":3}],"seed_played":"6802688483113028191","potions_obtained":[{"floor":1,"key":"Swift Potion"},{"floor":5,"key":"PowerPotion"},{"floor":14,"key":"Ancient Potion"},{"floor":18,"key":"EssenceOfSteel"}],"is_trial":false,"path_per_floor":["M","?","?","?","M","R","?","R","T","T","M","M","R","M","R","B",null,"M","M","?","?","M","R","E"],"character_chosen":"IRONCLAD","items_purchased":[],"campfire_rested":0,"item_purchase_floors":[],"current_hp_per_floor":[60,48,37,29,29,29,29,29,36,36,36,25,25,25,25,25,72,58,47,30,30,30,30,0],"gold":550,"neow_bonus":"BOSS_RELIC","is_prod":false,"is_daily":false,"chose_seed":false,"campfire_upgraded":5,"win_rate":0,"timestamp":1567610578,"path_taken":["M","?","?","?","?","R","?","R","T","?","M","M","R","?","R","BOSS","M","M","?","?","?","R","E"],"build_version":"2019-07-17","purchased_purges":0,"victory":false,"max_hp_per_floor":[80,80,80,80,80,80,80,80,87,87,87,87,87,87,87,87,87,87,87,92,92,92,92,92],"card_choices":[{"not_picked":["Iron Wave","Shrug It Off"],"picked":"Seeing Red","floor":1},{"not_picked":["Sword Boomerang","Burning Pact"],"picked":"Fire Breathing","floor":5},{"not_picked":["Infernal Blade","Thunderclap"],"picked":"Reckless Charge","floor":11},{"not_picked":["Battle Trance","Body Slam"],"picked":"Clash","floor":12},{"not_picked":["Sword Boomerang","Wild Strike"],"picked":"Anger","floor":14},{"not_picked":["Barricade","Dark Embrace"],"picked":"Immolate","floor":16},{"not_picked":["Body Slam","Warcry"],"picked":"Headbutt+1","floor":18},{"not_picked":["Body Slam","Combust","Dropkick"],"picked":"SKIP","floor":19},{"not_picked":["Warcry","Hemokinesis","Spot Weakness"],"picked":"SKIP","floor":22}],"player_experience":334838,"relics_obtained":[{"floor":9,"key":"Strawberry"},{"floor":10,"key":"Ornamental Fan"}],"event_choices":[{"damage_healed":0,"gold_gain":0,"player_choice":"Success","damage_taken":12,"relics_obtained":["Ginger"],"max_hp_gain":0,"max_hp_loss":0,"event_name":"Scrap Ooze","floor":2,"gold_loss":0},{"damage_healed":0,"gold_gain":75,"player_choice":"Gather Gold","damage_taken":11,"max_hp_gain":0,"max_hp_loss":0,"event_name":"World of Goop","floor":3,"gold_loss":0},{"damage_healed":0,"gold_gain":75,"player_choice":"Touch","damage_taken":8,"max_hp_gain":0,"max_hp_loss":0,"event_name":"FaceTrader","floor":4,"gold_loss":0},{"cards_removed":["Bash"],"damage_healed":0,"gold_gain":0,"player_choice":"Card Removal","damage_taken":0,"max_hp_gain":0,"max_hp_loss":0,"event_name":"The Cleric","floor":7,"gold_loss":50},{"damage_healed":0,"gold_gain":0,"player_choice":"Shed Blood","damage_taken":22,"max_hp_gain":5,"max_hp_loss":0,"event_name":"Forgotten Altar","floor":20,"gold_loss":0},{"cards_removed":["Clash"],"damage_healed":0,"gold_gain":0,"player_choice":"Purged","damage_taken":0,"max_hp_gain":0,"max_hp_loss":0,"event_name":"Purifier","floor":21,"gold_loss":0}],"is_beta":false,"boss_relics":[{"not_picked":["Tiny House","Calling Bell"],"picked":"Mark of Pain"}],"items_purged_floors":[],"is_endless":false,"potions_floor_spawned":[1,5,14,18],"killed_by":"Book of Stabbing","ascension_level":6}