{"gold_per_floor":[19,35,51,21,21,21,41,41,41,16,34,34,34,47,47,122,122,139,152,168,182,107,138,138,173,173,173,188,188,207,207,207,281,281,298,258,138,149,13,44,55,55,78,97,126,143,143,162,162,162],"floor_reached":50,"playtime":2650,"items_purged":["Strike_G"],"score":1058,"play_id":"c84f01df-d604-47dd-8919-e33715709b15","local_time":"20191002084157","is_ascension_mode":true,"campfire_choices":[{"data":"Cloak And Dagger","floor":6,"key":"SMITH"},{"floor":13,"key":"REST"},{"data":"Blade Dance","floor":15,"key":"SMITH"},{"floor":24,"key":"REST"},{"floor":29,"key":"REST"},{"data":"Cloak And Dagger","floor":32,"key":"SMITH"},{"floor":42,"key":"REST"},{"floor":49,"key":"REST"}],"neow_cost":"NO_GOLD","seed_source_timestamp":15347640480445,"circlet_count":0,"master_deck":["AscendersBane","Survivor","Neutralize","Blade Dance+1","Accuracy+1","Backflip","Cloak And Dagger+1","Backflip","Noxious Fumes+1","A Thousand Cuts+1","Crippling Poison+1","Deadly Poison","Backflip","Cloak And Dagger+1","Accuracy+1","RitualDagger","Envenom+1","Deadly Poison+1","Corpse Explosion","Bullet Time","Underhanded Strike","Cloak And Dagger","A Thousand Cuts+1","Well Laid Plans+1","Leg Sweep","Deflect","Adrenaline","Cloak And Dagger+1","Envenom+1","Accuracy+1","Footwork+1","Accuracy+1","Footwork+1"],"relics":["Ring of the Snake","Oddly Smooth Stone","Mercury Hourglass","Frozen Egg 2","Sozu","Letter Opener","Pantograph","Nunchaku","Pandora\u0027s Box","Molten Egg 2","Orichalcum","PreservedInsect"],"potions_floor_usage":[40,41],"damage_taken":[{"damage":0,"enemies":"Cultist","floor":1,"turns":6},{"damage":6,"enemies":"Jaw Worm","floor":2,"turns":5},{"damage":4,"enemies":"2 Louse","floor":3,"turns":4},{"damage":1,"enemies":"Looter","floor":4,"turns":4},{"damage":2,"enemies":"2 Fungi Beasts","floor":7,"turns":3},{"damage":0,"enemies":"Exordium Wildlife","floor":11,"turns":3},{"damage":0,"enemies":"Lots of Slimes","floor":14,"turns":3},{"damage":0,"enemies":"The Guardian","floor":16,"turns":11},{"damage":14,"enemies":"Spheric Guardian","floor":18,"turns":5},{"damage":2,"enemies":"Shell Parasite","floor":19,"turns":4},{"damage":7,"enemies":"Centurion and Healer","floor":20,"turns":6},{"damage":0,"enemies":"Chosen and Byrds","floor":21,"turns":5},{"damage":24,"enemies":"Gremlin Leader","floor":23,"turns":4},{"damage":14,"enemies":"Book of Stabbing","floor":25,"turns":6},{"damage":5,"enemies":"Snake Plant","floor":28,"turns":4},{"damage":0,"enemies":"Centurion and Healer","floor":30,"turns":6},{"damage":10,"enemies":"Collector","floor":33,"turns":7},{"damage":0,"enemies":"3 Shapes","floor":35,"turns":2},{"damage":0,"enemies":"Orb Walker","floor":38,"turns":3},{"damage":22,"enemies":"Reptomancer","floor":40,"turns":5},{"damage":11,"enemies":"4 Shapes","floor":41,"turns":2},{"damage":7,"enemies":"Maw","floor":44,"turns":5},{"damage":0,"enemies":"Giant Head","floor":45,"turns":6},{"damage":0,"enemies":"Transient","floor":46,"turns":5},{"damage":4,"enemies":"Jaw Worm Horde","floor":48,"turns":2},{"damage":73,"enemies":"Time Eater","floor":50,"turns":10}],"seed_played":"3022889326833731929","potions_obtained":[{"floor":3,"key":"GhostInAJar"},{"floor":11,"key":"Fire Potion"}],"is_trial":false,"path_per_floor":["M","M","M","M","?","R","M","?","T","$","M","?","R","M","R","B",null,"M","M","M","M","$","E","R","E","T","?","M","R","M","?","R","B",null,"M","?","$","M","$","E","M","R","T","M","E","M","?","M","R","B"],"character_chosen":"THE_SILENT","items_purchased":["Backflip","Deflect","Adrenaline","Envenom+1"],"campfire_rested":5,"item_purchase_floors":[10,37,37,39],"current_hp_per_floor":[63,57,53,52,52,52,50,50,50,50,50,32,53,53,53,53,66,52,50,43,43,43,19,40,26,26,26,21,42,42,36,36,51,65,65,65,65,65,65,43,32,53,53,46,46,46,46,42,63,0],"gold":162,"neow_bonus":"REMOVE_TWO","is_prod":false,"is_daily":false,"chose_seed":false,"campfire_upgraded":3,"win_rate":0,"timestamp":1569998517,"path_taken":["M","M","M","M","?","R","M","?","T","$","M","?","R","M","R","BOSS","M","M","M","M","$","E","R","E","T","?","M","R","M","?","R","BOSS","M","?","$","M","$","E","M","R","T","?","E","M","?","M","R","BOSS"],"build_version":"2019-07-17","purchased_purges":1,"victory":false,"max_hp_per_floor":[70,70,70,70,70,70,70,70,70,70,70,70,70,70,70,70,70,70,70,70,70,70,70,70,70,70,70,70,70,70,70,70,70,70,70,70,70,70,70,70,70,70,70,70,70,70,70,70,70,70],"card_choices":[{"not_picked":["Underhanded Strike","Eviscerate"],"picked":"Blade Dance","floor":1},{"not_picked":["Quick Slash","Flying Knee"],"picked":"Accuracy","floor":2},{"not_picked":["Calculated Gamble","All Out Attack"],"picked":"Backflip","floor":3},{"not_picked":["Flying Knee","Acrobatics"],"picked":"Cloak And Dagger","floor":4},{"not_picked":["Underhanded Strike","Noxious Fumes","Tactician"],"picked":"SKIP","floor":7},{"not_picked":["Dodge and Roll","Acrobatics","Quick Slash"],"picked":"SKIP","floor":11},{"not_picked":["Sucker Punch","Dagger Throw"],"picked":"Noxious Fumes+1","floor":14},{"not_picked":["Burst","Doppelganger"],"picked":"A Thousand Cuts+1","floor":16},{"not_picked":["Slice","Heel Hook"],"picked":"Crippling Poison","floor":18},{"not_picked":["Slice","Quick Slash","Outmaneuver"],"picked":"SKIP","floor":19},{"not_picked":["Dagger Throw","Slice"],"picked":"Deadly Poison","floor":20},{"not_picked":["Slice","Dagger Spray"],"picked":"Backflip","floor":21},{"not_picked":["Dagger Throw","Bane+1"],"picked":"Cloak And Dagger","floor":23},{"not_picked":["Acrobatics","Bane","Flying Knee"],"picked":"SKIP","floor":25},{"not_picked":["Quick Slash","Well Laid Plans+1"],"picked":"Accuracy+1","floor":28},{"not_picked":["Bane","Acrobatics","Riddle With Holes"],"picked":"SKIP","floor":30},{"not_picked":["Adrenaline","Venomology"],"picked":"Envenom+1","floor":33},{"not_picked":["Bane","Backstab"],"picked":"Leg Sweep","floor":35},{"not_picked":["Acrobatics+1","Heel Hook+1"],"picked":"Cloak And Dagger+1","floor":38},{"not_picked":["Prepared","PiercingWail+1"],"picked":"Accuracy+1","floor":40},{"not_picked":["Dagger Throw+1","Heel Hook+1","Flying Knee+1"],"picked":"SKIP","floor":41},{"not_picked":["Prepared","Underhanded Strike+1"],"picked":"Footwork+1","floor":44},{"not_picked":["Prepared+1","Envenom+1"],"picked":"Accuracy+1","floor":45},{"not_picked":["PiercingWail","Dagger Spray+1"],"picked":"Footwork+1","floor":46},{"not_picked":["Sucker Punch+1","Bouncing Flask","Dagger Throw+1"],"picked":"SKIP","floor":48}],"player_experience":337272,"relics_obtained":[{"floor":9,"key":"Mercury Hourglass"},{"floor":23,"key":"Letter Opener"},{"floor":25,"key":"Pantograph"},{"floor":26,"key":"Nunchaku"},{"floor":40,"key":"Molten Egg 2"},{"floor":43,"key":"Orichalcum"},{"floor":45,"key":"PreservedInsect"}],"event_choices":[{"damage_healed":0,"gold_gain":0,"player_choice":"Grow","damage_taken":0,"max_hp_gain":0,"max_hp_loss":0,"event_name":"Living Wall","floor":5,"gold_loss":0,"cards_upgraded":["Accuracy"]},{"damage_healed":0,"gold_gain":0,"player_choice":"Searched \u00271\u0027 times","damage_taken":0,"relics_obtained":["Oddly Smooth Stone"],"max_hp_gain":0,"max_hp_loss":0,"event_name":"Dead Adventurer","floor":8,"gold_loss":0},{"damage_healed":0,"gold_gain":0,"player_choice":"Success","damage_taken":18,"relics_obtained":["Frozen Egg 2"],"max_hp_gain":0,"max_hp_loss":0,"event_name":"Scrap Ooze","floor":12,"gold_loss":0},{"damage_healed":0,"gold_gain":0,"player_choice":"Ignored","damage_taken":0,"max_hp_gain":0,"max_hp_loss":0,"event_name":"Ghosts","floor":27,"gold_loss":0},{"damage_healed":0,"gold_gain":0,"player_choice":"Joined the Cult","damage_taken":6,"max_hp_gain":0,"max_hp_loss":0,"event_name":"Nest","floor":31,"gold_loss":0,"cards_obtained":["RitualDagger"]},{"damage_healed":0,"gold_gain":0,"player_choice":"Upgraded Two","damage_taken":0,"max_hp_gain":0,"max_hp_loss":0,"event_name":"Designer","floor":36,"gold_loss":40,"cards_upgraded":["Deadly Poison","Crippling Poison"]},{"damage_healed":0,"gold_gain":0,"player_choice":"Leave","damage_taken":0,"max_hp_gain":0,"max_hp_loss":0,"event_name":"FaceTrader","floor":47,"gold_loss":0}],"is_beta":false,"boss_relics":[{"not_picked":["Cursed Key","Fusion Hammer"],"picked":"Sozu"},{"not_picked":["HoveringKite","Busted Crown"],"picked":"Pandora\u0027s Box"}],"items_purged_floors":[22],"is_endless":false,"potions_floor_spawned":[3,11,14,23,25,33,40,41,46],"killed_by":"Time Eater","ascension_level":13}