{"gold_per_floor":[115,134,149,162,172,197,197,197,220,283,303,322,366,389,389,514,514,528,453,524,439,454,497,497,512,567,610,625,252,271,289,289,420,420,440,461,461,524,549,592,592,633,712,712,736,761,782,800,800,800],"floor_reached":51,"playtime":4114,"items_purged":["Strike_G"],"score":902,"play_id":"8839ffe4-98f6-465c-a8e4-f1560330941a","local_time":"20181124181704","is_ascension_mode":false,"campfire_choices":[{"data":"Neutralize","floor":8,"key":"SMITH"},{"data":"Skewer","floor":15,"key":"SMITH"},{"data":"1","floor":24,"key":"LIFT"},{"data":"2","floor":32,"key":"LIFT"},{"data":"3","floor":41,"key":"LIFT"},{"data":"Malaise","floor":49,"key":"SMITH"}],"neow_cost":"NONE","seed_source_timestamp":252938422375081,"circlet_count":0,"master_deck":["Defend_G","Defend_G","Defend_G","Defend_G","Defend_G","Strike_G","Strike_G","Survivor","Neutralize+1","Skewer+1","Predator","PiercingWail","Riddle With Holes","Sucker Punch","Dash","Deflect+1","Dagger Throw","Flying Knee","Adrenaline","Adrenaline+1","Flying Knee","Quick Slash+1","Unload","Endless Agony+1","Terror","Skewer+1","Backstab+1","Die Die Die+1","Normality","Sucker Punch+1","Quick Slash+1","Masterful Stab+1","Backstab+1","Malaise+1","Sucker Punch+1","Skewer+1","Poisoned Stab+1","Quick Slash+1","Caltrops+1","Bane+1"],"relics":["Velvet Choker","Lantern","Golden Idol","Pen Nib","Tiny Chest","PreservedInsect","White Beast Statue","The Courier","Omamori","Girya","Bag of Preparation","Question Card","Molten Egg 2","War Paint","Calling Bell","Meat on the Bone","Anchor","Tough Bandages","StoneCalendar","Bronze Scales","Potion Belt","Ninja Scroll"],"potions_floor_usage":[6,10,10,16,23,23,23,28,33,33,33,36,38,40,42,47,47,50,50,50,50,50],"damage_taken":[{"damage":0,"enemies":"Cultist","floor":1,"turns":5},{"damage":0,"enemies":"Jaw Worm","floor":2,"turns":4},{"damage":0,"enemies":"2 Louse","floor":3,"turns":2},{"damage":0,"enemies":"Exordium Wildlife","floor":4,"turns":3},{"damage":0,"enemies":"3 Louse","floor":5,"turns":3},{"damage":8,"enemies":"3 Sentries","floor":6,"turns":7},{"damage":11,"enemies":"Lagavulin","floor":10,"turns":9},{"damage":0,"enemies":"Looter","floor":11,"turns":2},{"damage":2,"enemies":"Large Slime","floor":12,"turns":4},{"damage":14,"enemies":"Gremlin Nob","floor":13,"turns":3},{"damage":0,"enemies":"3 Louse","floor":14,"turns":3},{"damage":0,"enemies":"Slime Boss","floor":16,"turns":10},{"damage":2,"enemies":"2 Thieves","floor":18,"turns":4},{"damage":1,"enemies":"Chosen","floor":22,"turns":2},{"damage":0,"enemies":"Gremlin Leader","floor":23,"turns":2},{"damage":0,"enemies":"Shelled Parasite and Fungi","floor":25,"turns":4},{"damage":7,"enemies":"Slavers","floor":27,"turns":4},{"damage":9,"enemies":"Snake Plant","floor":28,"turns":3},{"damage":0,"enemies":"Snecko","floor":30,"turns":2},{"damage":3,"enemies":"3 Cultists","floor":31,"turns":4},{"damage":39,"enemies":"Champ","floor":33,"turns":6},{"damage":0,"enemies":"3 Darklings","floor":35,"turns":3},{"damage":0,"enemies":"Orb Walker","floor":36,"turns":1},{"damage":0,"enemies":"2 Orb Walkers","floor":38,"turns":2},{"damage":0,"enemies":"Jaw Worm Horde","floor":39,"turns":2},{"damage":0,"enemies":"Giant Head","floor":40,"turns":5},{"damage":0,"enemies":"Nemesis","floor":42,"turns":2},{"damage":0,"enemies":"Sphere and 2 Shapes","floor":45,"turns":1},{"damage":0,"enemies":"Writhing Mass","floor":46,"turns":2},{"damage":6,"enemies":"Transient","floor":47,"turns":5},{"damage":0,"enemies":"Spire Growth","floor":48,"turns":1},{"damage":63,"enemies":"Awakened One","floor":50,"turns":9}],"seed_played":"6117031286699955170","potions_obtained":[{"floor":1,"key":"Regen Potion"},{"floor":2,"key":"Ancient Potion"},{"floor":5,"key":"AttackPotion"},{"floor":11,"key":"Fire Potion"},{"floor":16,"key":"AttackPotion"},{"floor":18,"key":"PowerPotion"},{"floor":22,"key":"Weak Potion"},{"floor":23,"key":"SmokeBomb"},{"floor":25,"key":"SteroidPotion"},{"floor":27,"key":"SmokeBomb"},{"floor":28,"key":"LiquidBronze"},{"floor":30,"key":"Energy Potion"},{"floor":31,"key":"FearPotion"},{"floor":33,"key":"FearPotion"},{"floor":35,"key":"Energy Potion"},{"floor":36,"key":"PowerPotion"},{"floor":38,"key":"GamblersBrew"},{"floor":39,"key":"GhostInAJar"},{"floor":40,"key":"GhostInAJar"},{"floor":42,"key":"SpeedPotion"},{"floor":45,"key":"Swift Potion"},{"floor":46,"key":"Strength Potion"},{"floor":47,"key":"Weak Potion"},{"floor":48,"key":"PowerPotion"}],"is_trial":false,"path_per_floor":["M","M","M","M","M","E","?","R","T","E","M","M","E","M","R","B",null,"M","?","T","?","M","E","R","M","T","E","M","$","M","M","R","B",null,"M","M","?","?","M","E","R","E","T","?","M","M","M","M","R","B",null],"character_chosen":"THE_SILENT","items_purchased":["Molten Egg 2","War Paint"],"campfire_rested":0,"item_purchase_floors":[29,29],"current_hp_per_floor":[70,70,70,70,70,62,45,45,45,49,49,47,33,33,33,33,70,68,68,68,68,67,67,67,67,67,60,51,51,51,48,48,9,70,70,70,70,70,70,70,70,70,70,70,70,70,64,64,64,13],"gold":800,"neow_bonus":"BOSS_RELIC","is_prod":false,"is_daily":false,"chose_seed":false,"campfire_upgraded":3,"win_rate":0,"timestamp":1543083424,"path_taken":["M","M","M","?","M","E","?","R","T","E","M","M","E","M","R","BOSS","M","?","?","?","M","E","R","M","T","E","M","$","M","M","R","BOSS","M","M","?","?","M","E","R","E","T","?","M","M","?","M","R","BOSS"],"build_version":"2018-11-15","purchased_purges":1,"victory":true,"max_hp_per_floor":[70,70,70,70,70,70,70,70,70,70,70,70,70,70,70,70,70,70,70,70,70,70,70,70,70,70,70,70,70,70,70,70,70,70,70,70,70,70,70,70,70,70,70,70,70,70,70,70,70,70],"card_choices":[{"not_picked":["Endless Agony","Concentrate"],"picked":"Skewer","floor":1},{"not_picked":["Outmaneuver","Slice"],"picked":"Predator","floor":2},{"not_picked":["Deadly Poison","Choke"],"picked":"PiercingWail","floor":3},{"not_picked":["Underhanded Strike","Outmaneuver"],"picked":"Riddle With Holes","floor":4},{"not_picked":["Bane","Expertise"],"picked":"Sucker Punch","floor":5},{"not_picked":["Poisoned Stab","Dagger Spray"],"picked":"Dash","floor":6},{"not_picked":["Underhanded Strike","Phantasmal Killer"],"picked":"Deflect","floor":10},{"not_picked":["Deadly Poison","Quick Slash"],"picked":"Dagger Throw","floor":11},{"not_picked":["Leg Sweep","Outmaneuver"],"picked":"Flying Knee","floor":12},{"not_picked":["Doppelganger","Quick Slash"],"picked":"Adrenaline","floor":13},{"not_picked":["Catalyst","Deadly Poison","Infinite Blades"],"picked":"SKIP","floor":14},{"not_picked":["After Image","Malaise"],"picked":"Adrenaline","floor":16},{"not_picked":["PiercingWail","Slice"],"picked":"Flying Knee","floor":18},{"not_picked":["Cloak And Dagger","Riddle With Holes"],"picked":"Quick Slash+1","floor":22},{"not_picked":["Underhanded Strike","Tactician"],"picked":"Unload","floor":23},{"not_picked":["Deadly Poison","Accuracy"],"picked":"Endless Agony+1","floor":25},{"not_picked":["Prepared","Poisoned Stab","Noxious Fumes"],"picked":"SKIP","floor":27},{"not_picked":["Escape Plan+1","Prepared","Outmaneuver"],"picked":"Terror","floor":28},{"not_picked":["Tactician","Deadly Poison+1","Terror"],"picked":"Skewer+1","floor":30},{"not_picked":["Setup","Bane+1","Deflect+1"],"picked":"Backstab+1","floor":31},{"not_picked":["Burst","Bullet Time","Grand Finale+1"],"picked":"Die Die Die+1","floor":33},{"not_picked":["Acrobatics","Accuracy+1","Escape Plan+1"],"picked":"Sucker Punch+1","floor":35},{"not_picked":["Calculated Gamble","Deadly Poison+1","Bane+1"],"picked":"Quick Slash+1","floor":36},{"not_picked":["Deflect+1","Backflip","Dagger Throw+1"],"picked":"Masterful Stab+1","floor":38},{"not_picked":["Prepared","Dagger Throw+1","Poisoned Stab+1"],"picked":"Backstab+1","floor":39},{"not_picked":["Reflex","Poisoned Stab+1","Wraith Form v2"],"picked":"Malaise","floor":40},{"not_picked":["Slice+1","Venomology","Catalyst"],"picked":"Sucker Punch+1","floor":42},{"not_picked":["Dodge and Roll+1","Quick Slash+1","Slice+1"],"picked":"Poisoned Stab+1","floor":45},{"not_picked":["Backstab+1","Heel Hook+1","Slice+1"],"picked":"Quick Slash+1","floor":46},{"not_picked":["Sucker Punch+1","Blade Dance+1","Tactician+1"],"picked":"Caltrops+1","floor":47},{"not_picked":["Cloak And Dagger+1","Slice+1","Dodge and Roll"],"picked":"Bane+1","floor":48}],"player_experience":83024,"relics_obtained":[{"floor":6,"key":"Lantern"},{"floor":9,"key":"Pen Nib"},{"floor":10,"key":"Tiny Chest"},{"floor":13,"key":"PreservedInsect"},{"floor":20,"key":"The Courier"},{"floor":23,"key":"Girya"},{"floor":26,"key":"Bag of Preparation"},{"floor":27,"key":"Question Card"},{"floor":34,"key":"Meat on the Bone"},{"floor":34,"key":"Anchor"},{"floor":34,"key":"Tough Bandages"},{"floor":38,"key":"StoneCalendar"},{"floor":40,"key":"Bronze Scales"},{"floor":42,"key":"Potion Belt"},{"floor":43,"key":"Ninja Scroll"}],"event_choices":[{"damage_healed":0,"gold_gain":0,"player_choice":"Take Damage","damage_taken":17,"relics_obtained":["Golden Idol"],"max_hp_gain":0,"max_hp_loss":0,"event_name":"Golden Idol","floor":7,"gold_loss":0},{"cards_removed":["Strike_G"],"damage_healed":0,"gold_gain":0,"player_choice":"Gave Gold","damage_taken":0,"max_hp_gain":0,"max_hp_loss":0,"event_name":"Beggar","floor":19,"gold_loss":75},{"damage_healed":0,"gold_gain":0,"player_choice":"Obtained Relic","damage_taken":0,"relics_obtained":["Omamori"],"max_hp_gain":0,"max_hp_loss":0,"event_name":"Addict","floor":21,"gold_loss":85},{"cards_removed":["Strike_G"],"damage_healed":0,"gold_gain":0,"player_choice":"Removed Attack","damage_taken":0,"max_hp_gain":0,"max_hp_loss":0,"event_name":"Falling","floor":37,"gold_loss":0},{"damage_healed":0,"gold_gain":0,"player_choice":"Fight","damage_taken":0,"max_hp_gain":0,"max_hp_loss":0,"event_name":"Mysterious Sphere","floor":38,"gold_loss":0},{"damage_healed":0,"gold_gain":0,"player_choice":"Copied","damage_taken":0,"max_hp_gain":0,"max_hp_loss":0,"event_name":"Duplicator","floor":44,"gold_loss":0,"cards_obtained":["Skewer"]}],"is_beta":true,"boss_relics":[{"not_picked":["Orrery","HoveringKite"],"picked":"White Beast Statue"},{"not_picked":["Sozu","Empty Cage"],"picked":"Calling Bell"}],"items_purged_floors":[29],"is_endless":false,"potions_floor_spawned":[1,2,5,11,16,18,22,23,25,27,28,30,31,33,35,36,38,39,40,42,45,46,47,48],"ascension_level":0}