{"gold_per_floor":[362,362,162,177,195,226,226,241,241,258,286,286,361,311,311,415,415,429,440,458,49,49,49,49],"floor_reached":24,"playtime":1329,"items_purged":["Apotheosis"],"score":268,"play_id":"e340f08c-7095-4606-8270-95fbc598db79","local_time":"20181229223002","is_ascension_mode":true,"campfire_choices":[{"data":"Shrug It Off","floor":7,"key":"SMITH"},{"data":"Armaments","floor":12,"key":"SMITH"},{"floor":15,"key":"REST"}],"neow_cost":"PERCENT_DAMAGE","seed_source_timestamp":18459590232175,"circlet_count":0,"master_deck":["Strike_R","Strike_R","Defend_R","Bash","Pommel Strike","Shrug It Off","Clothesline","Demon Form","Shrug It Off+1","Battle Trance","Armaments+1","Immolate","Limit Break","Perfected Strike+1","Clothesline+1","Power Through","Shrug It Off","Dropkick","Bludgeon","Rupture"],"relics":["Burning Blood","Lantern","PreservedInsect","Bottled Lightning","Bronze Scales","Nloth\u0027s Gift"],"potions_floor_usage":[6,16,16,24],"damage_taken":[{"damage":9,"enemies":"Jaw Worm","floor":1,"turns":6},{"damage":0,"enemies":"Cultist","floor":4,"turns":3},{"damage":0,"enemies":"2 Louse","floor":5,"turns":2},{"damage":17,"enemies":"Gremlin Nob","floor":6,"turns":5},{"damage":0,"enemies":"Blue Slaver","floor":8,"turns":5},{"damage":16,"enemies":"Lots of Slimes","floor":10,"turns":7},{"damage":9,"enemies":"Lagavulin","floor":11,"turns":8},{"damage":17,"enemies":"Hexaghost","floor":16,"turns":9},{"damage":14,"enemies":"Chosen","floor":18,"turns":5},{"damage":24,"enemies":"3 Byrds","floor":19,"turns":6},{"damage":31,"enemies":"Snake Plant","floor":20,"turns":7},{"damage":22,"enemies":"Slavers","floor":24,"turns":3}],"seed_played":"-2210362382584019973","potions_obtained":[{"floor":5,"key":"Weak Potion"},{"floor":8,"key":"Poison Potion"},{"floor":11,"key":"LiquidBronze"},{"floor":19,"key":"FearPotion"},{"floor":20,"key":"Block Potion"}],"is_trial":false,"path_per_floor":["M","?","$","M","M","E","R","M","T","M","E","R","?","?","R","B",null,"M","M","M","$","?","?","E"],"character_chosen":"IRONCLAD","items_purchased":["Lantern","Shrug It Off","Apotheosis","Bronze Scales"],"campfire_rested":1,"item_purchase_floors":[3,3,21,21],"current_hp_per_floor":[48,48,48,54,60,49,49,55,55,45,42,42,31,31,55,44,71,63,45,20,20,20,20,0],"gold":49,"neow_bonus":"TWO_FIFTY_GOLD","is_prod":false,"is_daily":false,"chose_seed":false,"campfire_upgraded":2,"win_rate":0,"timestamp":1546140602,"path_taken":["M","?","$","M","M","E","R","?","T","M","E","R","?","?","R","BOSS","M","M","M","$","?","?","E"],"build_version":"2018-12-20","purchased_purges":1,"victory":false,"max_hp_per_floor":[80,80,80,80,80,80,80,80,80,80,80,80,80,80,80,80,80,80,80,80,80,80,80,80],"card_choices":[{"not_picked":["Clothesline","Corruption"],"picked":"Pommel Strike","floor":1},{"not_picked":["Anger","Perfected Strike"],"picked":"Clothesline","floor":4},{"not_picked":["Entrench","True Grit"],"picked":"Demon Form","floor":5},{"not_picked":["Entrench","Twin Strike"],"picked":"Shrug It Off","floor":6},{"not_picked":["Flex","True Grit"],"picked":"Battle Trance","floor":8},{"not_picked":["Feel No Pain","Anger"],"picked":"Armaments","floor":10},{"not_picked":["Berserk","Feel No Pain"],"picked":"Immolate","floor":11},{"not_picked":["Bludgeon","Immolate"],"picked":"Limit Break","floor":16},{"not_picked":["Flex","Feel No Pain"],"picked":"Power Through","floor":18},{"not_picked":["Body Slam+1","Twin Strike+1"],"picked":"Shrug It Off","floor":19},{"not_picked":["Burning Pact","Sentinel"],"picked":"Dropkick","floor":20}],"player_experience":269927,"relics_obtained":[{"floor":6,"key":"PreservedInsect"},{"floor":11,"key":"Bottled Lightning"}],"event_choices":[{"cards_removed":["Strike_R"],"damage_healed":0,"gold_gain":0,"player_choice":"Offered Basic","damage_taken":0,"max_hp_gain":0,"max_hp_loss":0,"event_name":"Bonfire Elementals","floor":2,"gold_loss":0},{"damage_healed":0,"gold_gain":75,"player_choice":"Gather Gold","damage_taken":11,"max_hp_gain":0,"max_hp_loss":0,"event_name":"World of Goop","floor":13,"gold_loss":0},{"cards_removed":["Strike_R"],"damage_healed":0,"gold_gain":0,"player_choice":"Card Removal","damage_taken":0,"max_hp_gain":0,"max_hp_loss":0,"event_name":"The Cleric","floor":14,"gold_loss":50},{"damage_healed":0,"gold_gain":0,"cards_transformed":["Rage","Defend_R"],"player_choice":"Became Test Subject","damage_taken":0,"max_hp_gain":0,"max_hp_loss":0,"event_name":"Drug Dealer","floor":22,"gold_loss":0,"cards_obtained":["Bludgeon","Rupture"]},{"damage_healed":0,"gold_gain":0,"player_choice":"Traded Relic","damage_taken":0,"relics_obtained":["Nloth\u0027s Gift"],"max_hp_gain":0,"max_hp_loss":0,"event_name":"N\u0027loth","floor":23,"relics_lost":["Astrolabe"],"gold_loss":0}],"is_beta":false,"boss_relics":[{"not_picked":["Philosopher\u0027s Stone","Orrery"],"picked":"Astrolabe"}],"items_purged_floors":[21],"is_endless":false,"potions_floor_spawned":[5,8,11,19,20],"killed_by":"Slavers","ascension_level":6}