{"gold_per_floor":[111,131,141,141,158,190,190,222,248,248,281,281,300,320,320,421,421,431,356,356,375,393,393,174,174,174,208,234,234,251,261,261,261],"floor_reached":33,"playtime":1533,"items_purged":["Strike_G"],"score":402,"play_id":"50544a03-5f07-4865-a318-1ca60e0816a1","local_time":"20190916190930","is_ascension_mode":true,"campfire_choices":[{"floor":7,"key":"REST"},{"floor":10,"key":"REST"},{"floor":12,"key":"REST"},{"floor":15,"key":"REST"},{"floor":23,"key":"REST"},{"floor":25,"key":"REST"},{"floor":29,"key":"REST"},{"floor":32,"key":"REST"}],"neow_cost":"NONE","seed_source_timestamp":348069906381600,"circlet_count":0,"master_deck":["Strike_G","Strike_G","Strike_G","Defend_G+1","Defend_G+1","Defend_G+1","Defend_G","Defend_G+1","Survivor","Neutralize","Dagger Throw","Backflip","Heel Hook","Sucker Punch","Poisoned Stab","Slice","Backstab","Sucker Punch","Poisoned Stab","Glass Knife","Caltrops+1","RitualDagger","Dodge and Roll","Cloak And Dagger","Flash of Steel","Cloak And Dagger+1","Cloak And Dagger","Escape Plan","Backflip+1"],"relics":["Ring of the Snake","NeowsBlessing","Darkstone Periapt","War Paint","Anchor","Lantern","Lizard Tail","Red Mask","Strawberry"],"potions_floor_usage":[8,8,13,18,22,27,28],"damage_taken":[{"damage":0,"enemies":"Jaw Worm","floor":1,"turns":1},{"damage":0,"enemies":"2 Louse","floor":2,"turns":1},{"damage":0,"enemies":"Small Slimes","floor":3,"turns":1},{"damage":1,"enemies":"Blue Slaver","floor":5,"turns":4},{"damage":28,"enemies":"Gremlin Nob","floor":6,"turns":5},{"damage":26,"enemies":"Lagavulin","floor":8,"turns":6},{"damage":20,"enemies":"Gremlin Nob","floor":11,"turns":4},{"damage":0,"enemies":"Large Slime","floor":13,"turns":6},{"damage":0,"enemies":"Red Slaver","floor":14,"turns":2},{"damage":61,"enemies":"The Guardian","floor":16,"turns":11},{"damage":18,"enemies":"Shell Parasite","floor":18,"turns":5},{"damage":9,"enemies":"Chosen","floor":21,"turns":4},{"damage":14,"enemies":"Shelled Parasite and Fungi","floor":22,"turns":6},{"damage":38,"enemies":"Masked Bandits","floor":27,"turns":5},{"damage":23,"enemies":"Slavers","floor":28,"turns":8},{"damage":18,"enemies":"Snecko","floor":30,"turns":5},{"damage":23,"enemies":"Chosen and Byrds","floor":31,"turns":7},{"damage":72,"enemies":"Automaton","floor":33,"turns":6}],"seed_played":"8837611008360562951","potions_obtained":[{"floor":1,"key":"Energy Potion"},{"floor":6,"key":"Swift Potion"},{"floor":11,"key":"Regen Potion"},{"floor":16,"key":"SkillPotion"},{"floor":18,"key":"SpeedPotion"},{"floor":22,"key":"SteroidPotion"}],"is_trial":false,"path_per_floor":["M","M","M","?","M","E","R","E","T","R","E","R","M","M","R","B",null,"M","?","?","M","M","R","$","R","T","?","E","R","M","M","R","B"],"character_chosen":"THE_SILENT","items_purchased":["Flash of Steel","Poison Potion"],"campfire_rested":8,"item_purchase_floors":[24,24],"current_hp_per_floor":[63,63,63,49,48,20,41,15,15,36,16,37,52,52,70,9,55,37,37,31,22,8,29,29,50,50,12,31,54,36,13,36,0],"gold":261,"neow_bonus":"THREE_ENEMY_KILL","is_prod":false,"is_daily":false,"chose_seed":false,"campfire_upgraded":0,"win_rate":0,"timestamp":1568675370,"path_taken":["M","M","M","?","M","E","R","E","T","R","E","R","M","M","R","BOSS","M","?","?","M","M","R","$","R","T","?","E","R","?","M","R","BOSS"],"build_version":"2019-07-17","purchased_purges":1,"victory":false,"max_hp_per_floor":[70,70,70,70,70,70,70,70,70,70,70,70,70,70,70,70,70,70,70,70,70,70,70,70,70,70,70,77,77,77,77,77,77],"card_choices":[{"not_picked":["Eviscerate","Quick Slash"],"picked":"Dagger Throw","floor":1},{"not_picked":["Flying Knee","Deflect"],"picked":"Backflip","floor":2},{"not_picked":["Slice","Bouncing Flask"],"picked":"Heel Hook","floor":3},{"not_picked":["Acrobatics","Prepared"],"picked":"Sucker Punch","floor":5},{"not_picked":["Dagger Spray","Setup"],"picked":"Poisoned Stab","floor":6},{"not_picked":["Flechettes","Calculated Gamble"],"picked":"Slice","floor":8},{"not_picked":["Well Laid Plans","Grand Finale"],"picked":"Backstab","floor":11},{"not_picked":["Deflect","Concentrate"],"picked":"Sucker Punch","floor":13},{"not_picked":["Quick Slash","Deadly Poison"],"picked":"Poisoned Stab","floor":14},{"not_picked":["Corpse Explosion","Doppelganger"],"picked":"Glass Knife","floor":16},{"not_picked":["Poisoned Stab","Accuracy"],"picked":"Caltrops+1","floor":18},{"not_picked":["Poisoned Stab","Tactician+1"],"picked":"Dodge and Roll","floor":21},{"not_picked":["Poisoned Stab+1","Skewer"],"picked":"Cloak And Dagger","floor":22},{"not_picked":["Flechettes+1","Slice"],"picked":"Cloak And Dagger+1","floor":27},{"not_picked":["Acrobatics+1","Deadly Poison"],"picked":"Cloak And Dagger","floor":28},{"not_picked":["Setup","Predator"],"picked":"Escape Plan","floor":30},{"not_picked":["Phantasmal Killer","Finisher"],"picked":"Backflip+1","floor":31}],"player_experience":650228,"relics_obtained":[{"floor":6,"key":"Darkstone Periapt"},{"floor":8,"key":"War Paint"},{"floor":9,"key":"Anchor"},{"floor":11,"key":"Lantern"},{"floor":27,"key":"Red Mask"},{"floor":28,"key":"Strawberry"}],"event_choices":[{"damage_healed":0,"gold_gain":0,"player_choice":"Entered Light","damage_taken":14,"max_hp_gain":0,"max_hp_loss":0,"event_name":"Shining Light","floor":4,"gold_loss":0,"cards_upgraded":["Defend_G","Defend_G"]},{"cards_removed":["Strike_G"],"damage_healed":0,"gold_gain":0,"player_choice":"Gave Gold","damage_taken":0,"max_hp_gain":0,"max_hp_loss":0,"event_name":"Beggar","floor":19,"gold_loss":75},{"damage_healed":0,"gold_gain":0,"player_choice":"Joined the Cult","damage_taken":6,"max_hp_gain":0,"max_hp_loss":0,"event_name":"Nest","floor":20,"gold_loss":0,"cards_obtained":["RitualDagger"]},{"damage_healed":0,"gold_gain":0,"player_choice":"Fought Bandits","damage_taken":0,"max_hp_gain":0,"max_hp_loss":0,"event_name":"Masked Bandits","floor":27,"gold_loss":0}],"is_beta":false,"boss_relics":[{"not_picked":["Velvet Choker","Fusion Hammer"],"picked":"Lizard Tail"}],"items_purged_floors":[24],"is_endless":false,"potions_floor_spawned":[1,6,11,16,18,22],"killed_by":"Automaton","ascension_level":8}