{"gold_per_floor":[116,116,132,147,20,20,36,67,67,78,78,106,127,77,77,178,178,194,46,46,56,56,56,84,84,111,36,61,61,74,88,88,188,238,255,270,35,35,55,55],"floor_reached":40,"playtime":2247,"items_purged":["Regret"],"score":771,"play_id":"7eb78012-28a2-41f3-ab26-32d73484f906","local_time":"20190908121005","is_ascension_mode":true,"campfire_choices":[{"data":"Accuracy","floor":6,"key":"SMITH"},{"floor":11,"key":"REST"},{"floor":15,"key":"REST"},{"data":"Mayhem","floor":23,"key":"SMITH"},{"floor":25,"key":"REST"},{"floor":32,"key":"REST"}],"neow_cost":"NONE","seed_source_timestamp":153221737043400,"circlet_count":0,"master_deck":["Strike_G+1","Strike_G","Defend_G","Defend_G","Defend_G","Defend_G","Survivor","Neutralize","Accuracy+1","Setup","Choke","Cloak And Dagger","Backstab","Cloak And Dagger","Noxious Fumes","Sucker Punch","After Image","Adrenaline","Skewer+1","Bane+1","Sucker Punch+1","Quick Slash","Mayhem+1","Leg Sweep","RitualDagger","Infinite Blades+1","Dash","Ghostly","Ghostly","Ghostly","Ghostly","Ghostly","Deadly Poison+1","PiercingWail+1","Glass Knife","Crippling Poison","Blade Dance+1","Blur","Slice+1"],"relics":["Philosopher\u0027s Stone","Bag of Marbles","The Courier","Kunai","Ninja Scroll","Odd Mushroom","Astrolabe","Blue Candle","Frozen Egg 2","Snake Skull","Omamori","Tiny House","Tough Bandages","Dream Catcher"],"potions_floor_usage":[24,33,33,33,40],"damage_taken":[{"damage":0,"enemies":"2 Louse","floor":1,"turns":3},{"damage":2,"enemies":"Small Slimes","floor":3,"turns":5},{"damage":0,"enemies":"Jaw Worm","floor":4,"turns":4},{"damage":4,"enemies":"Large Slime","floor":7,"turns":6},{"damage":28,"enemies":"Lagavulin","floor":8,"turns":6},{"damage":5,"enemies":"Blue Slaver","floor":10,"turns":3},{"damage":9,"enemies":"3 Sentries","floor":12,"turns":9},{"damage":0,"enemies":"The Mushroom Lair","floor":13,"turns":3},{"damage":0,"enemies":"Hexaghost","floor":16,"turns":9},{"damage":0,"enemies":"Shell Parasite","floor":18,"turns":3},{"damage":3,"enemies":"2 Thieves","floor":21,"turns":3},{"damage":39,"enemies":"Gremlin Leader","floor":24,"turns":6},{"damage":19,"enemies":"Slavers","floor":28,"turns":6},{"damage":3,"enemies":"3 Cultists","floor":30,"turns":4},{"damage":6,"enemies":"Centurion and Healer","floor":31,"turns":5},{"damage":0,"enemies":"Automaton","floor":33,"turns":8},{"damage":1,"enemies":"3 Darklings","floor":35,"turns":6},{"damage":25,"enemies":"3 Shapes","floor":36,"turns":4},{"damage":0,"enemies":"Writhing Mass","floor":39,"turns":9},{"damage":27,"enemies":"Reptomancer","floor":40,"turns":2}],"seed_played":"4351280659299422660","potions_obtained":[{"floor":1,"key":"FearPotion"},{"floor":3,"key":"GamblersBrew"},{"floor":12,"key":"SteroidPotion"},{"floor":21,"key":"SkillPotion"},{"floor":30,"key":"Strength Potion"},{"floor":33,"key":"AttackPotion"},{"floor":34,"key":"GamblersBrew"},{"floor":35,"key":"FearPotion"},{"floor":39,"key":"Explosive Potion"}],"is_trial":false,"path_per_floor":["M","?","M","M","$","R","M","E","T","M","R","E","?","?","R","B",null,"M","$","?","M","?","R","E","R","T","?","E","?","M","M","R","B",null,"M","M","$","?","M","E"],"character_chosen":"THE_SILENT","items_purchased":["Cloak And Dagger","Mayhem","Tough Bandages"],"campfire_rested":4,"item_purchase_floors":[5,19,37],"current_hp_per_floor":[63,63,61,61,61,61,57,29,29,24,45,36,36,36,57,57,67,67,67,67,64,58,58,19,40,40,40,21,21,18,12,22,22,37,36,11,11,11,11,0],"gold":55,"neow_bonus":"BOSS_RELIC","is_prod":false,"is_daily":false,"chose_seed":false,"campfire_upgraded":2,"win_rate":0,"timestamp":1567959005,"path_taken":["M","?","M","M","$","R","M","E","T","M","R","E","?","?","R","BOSS","M","$","?","M","?","R","E","R","T","?","E","?","?","?","R","BOSS","M","M","$","?","?","E"],"build_version":"2019-07-17","purchased_purges":1,"victory":false,"max_hp_per_floor":[70,70,70,70,70,70,70,70,70,70,70,70,70,70,70,70,70,70,70,70,70,70,70,70,70,70,70,70,35,35,35,35,35,40,40,40,40,40,40,40],"card_choices":[{"not_picked":["PiercingWail","Quick Slash"],"picked":"Accuracy","floor":1},{"not_picked":["Acrobatics","Terror"],"picked":"Setup","floor":3},{"not_picked":["Dagger Throw","Flying Knee"],"picked":"Choke","floor":4},{"not_picked":["Outmaneuver","Backflip"],"picked":"Backstab","floor":7},{"not_picked":["Malaise","Finisher"],"picked":"Cloak And Dagger","floor":8},{"not_picked":["Quick Slash","Blur"],"picked":"Noxious Fumes","floor":10},{"not_picked":["Quick Slash","Concentrate"],"picked":"Sucker Punch","floor":12},{"not_picked":["PiercingWail","Dodge and Roll"],"picked":"After Image","floor":13},{"not_picked":["Night Terror","Burst"],"picked":"Adrenaline","floor":16},{"not_picked":["Acrobatics","Flechettes"],"picked":"Quick Slash","floor":18},{"not_picked":["Acrobatics+1","Outmaneuver"],"picked":"Leg Sweep","floor":21},{"not_picked":["Underhanded Strike","Burst"],"picked":"Infinite Blades","floor":24},{"not_picked":["Flying Knee","Deflect"],"picked":"Dash","floor":28},{"not_picked":["Eviscerate","Sucker Punch+1"],"picked":"Deadly Poison+1","floor":30},{"not_picked":["Catalyst+1","Poisoned Stab+1"],"picked":"PiercingWail+1","floor":31},{"not_picked":["Die Die Die","Doppelganger"],"picked":"Glass Knife","floor":33},{"not_picked":["Tactician","Outmaneuver"],"picked":"Crippling Poison","floor":34},{"not_picked":["Slice","Underhanded Strike+1"],"picked":"Blade Dance+1","floor":35},{"not_picked":["Distraction","Backflip"],"picked":"Blur","floor":36},{"not_picked":["Poisoned Stab","Concentrate"],"picked":"Slice+1","floor":39}],"player_experience":513251,"relics_obtained":[{"floor":8,"key":"The Courier"},{"floor":9,"key":"Kunai"},{"floor":12,"key":"Ninja Scroll"},{"floor":13,"key":"Odd Mushroom"},{"floor":24,"key":"Frozen Egg 2"},{"floor":26,"key":"Snake Skull"},{"floor":28,"key":"Omamori"}],"event_choices":[{"damage_healed":0,"gold_gain":0,"player_choice":"Box","damage_taken":0,"relics_obtained":["Bag of Marbles"],"max_hp_gain":0,"max_hp_loss":0,"event_name":"Big Fish","floor":2,"gold_loss":0,"cards_obtained":["Regret"]},{"damage_healed":0,"gold_gain":0,"player_choice":"Fought Mushrooms","damage_taken":0,"max_hp_gain":0,"max_hp_loss":0,"event_name":"Mushrooms","floor":13,"gold_loss":0},{"cards_removed":["Strike_G"],"damage_healed":0,"gold_gain":0,"player_choice":"Card Removal","damage_taken":0,"max_hp_gain":0,"max_hp_loss":0,"event_name":"The Cleric","floor":14,"gold_loss":50},{"damage_healed":0,"gold_gain":0,"player_choice":"Stole Relic","damage_taken":0,"relics_obtained":["Blue Candle"],"max_hp_gain":0,"max_hp_loss":0,"event_name":"Addict","floor":20,"gold_loss":0,"cards_obtained":["Shame"]},{"damage_healed":0,"gold_gain":0,"player_choice":"Joined the Cult","damage_taken":6,"max_hp_gain":0,"max_hp_loss":0,"event_name":"Nest","floor":22,"gold_loss":0,"cards_obtained":["RitualDagger"]},{"cards_removed":["Shame"],"damage_healed":0,"gold_gain":0,"player_choice":"Gave Gold","damage_taken":0,"max_hp_gain":0,"max_hp_loss":0,"event_name":"Beggar","floor":27,"gold_loss":75},{"damage_healed":0,"gold_gain":0,"player_choice":"Became a Ghost","damage_taken":0,"max_hp_gain":0,"max_hp_loss":35,"event_name":"Ghosts","floor":29,"gold_loss":0,"cards_obtained":["Ghostly","Ghostly","Ghostly","Ghostly","Ghostly"]},{"damage_healed":0,"gold_gain":0,"player_choice":"Gave Potion","damage_taken":0,"relics_obtained":["Dream Catcher"],"max_hp_gain":0,"max_hp_loss":0,"event_name":"WeMeetAgain","floor":38,"gold_loss":0}],"is_beta":false,"boss_relics":[{"not_picked":["Empty Cage","Fusion Hammer"],"picked":"Astrolabe"},{"not_picked":["Coffee Dripper","Sozu"],"picked":"Tiny House"}],"items_purged_floors":[5],"is_endless":false,"potions_floor_spawned":[1,3,12,21,30,31,33,35,39],"killed_by":"Reptomancer","ascension_level":7}