{"gold_per_floor":[116,291,86,86,100,125,137,193,266,285,297,329,340,355,355,457,457,469,469,469,451,497,497,523,523,523,549,549,549,562,562,562,562],"floor_reached":33,"playtime":3400,"items_purged":["Doubt"],"score":490,"play_id":"ec4383e6-d99b-447d-9597-1202e0a18883","local_time":"20190922143222","is_ascension_mode":true,"campfire_choices":[{"floor":15,"key":"REST"},{"floor":23,"key":"REST"},{"floor":25,"key":"REST"},{"floor":28,"key":"REST"},{"floor":32,"key":"REST"}],"neow_cost":"NONE","seed_source_timestamp":416407621024900,"circlet_count":0,"master_deck":["Strike_G","Strike_G","Strike_G","Strike_G","Strike_G","Defend_G","Defend_G","Defend_G","Defend_G","Defend_G","Survivor","Neutralize","Deflect","Noxious Fumes","Quick Slash","Backstab","Predator","Dagger Throw","Dash","Dodge and Roll","Deflect","Dagger Throw","Blur","Cloak And Dagger","A Thousand Cuts+1","Deflect","Swift Strike","Poisoned Stab+1","Doubt","Heel Hook","Writhe","Sucker Punch","Prepared","Regret"],"relics":["Ring of the Snake","NeowsBlessing","Incense Burner","Potion Belt","Tiny Chest","Frozen Egg 2","Cursed Key","Juzu Bracelet","Torii","Snake Skull","Thread and Needle","FossilizedHelix"],"potions_floor_usage":[8,12,24,24,29,33],"damage_taken":[{"damage":0,"enemies":"Jaw Worm","floor":1,"turns":1},{"damage":0,"enemies":"Cultist","floor":5,"turns":1},{"damage":0,"enemies":"3 Sentries","floor":6,"turns":1},{"damage":0,"enemies":"2 Louse","floor":7,"turns":2},{"damage":4,"enemies":"Lagavulin","floor":8,"turns":5},{"damage":0,"enemies":"2 Fungi Beasts","floor":10,"turns":2},{"damage":3,"enemies":"Exordium Thugs","floor":11,"turns":5},{"damage":13,"enemies":"Gremlin Nob","floor":12,"turns":5},{"damage":3,"enemies":"Exordium Wildlife","floor":13,"turns":4},{"damage":0,"enemies":"Blue Slaver","floor":14,"turns":4},{"damage":11,"enemies":"The Guardian","floor":16,"turns":12},{"damage":18,"enemies":"3 Byrds","floor":18,"turns":3},{"damage":11,"enemies":"2 Thieves","floor":21,"turns":4},{"damage":12,"enemies":"Gremlin Leader","floor":24,"turns":7},{"damage":46,"enemies":"Slavers","floor":27,"turns":9},{"damage":9,"enemies":"Book of Stabbing","floor":29,"turns":5},{"damage":14,"enemies":"Snake Plant","floor":30,"turns":5},{"damage":47,"enemies":"Automaton","floor":33,"turns":6}],"seed_played":"4796963605748148482","potions_obtained":[{"floor":1,"key":"Weak Potion"},{"floor":7,"key":"Poison Potion"},{"floor":8,"key":"Block Potion"},{"floor":10,"key":"Block Potion"},{"floor":11,"key":"Swift Potion"},{"floor":14,"key":"Ancient Potion"},{"floor":18,"key":"SmokeBomb"},{"floor":30,"key":"SpeedPotion"}],"is_trial":false,"path_per_floor":["M","?","$","?","M","E","M","E","T","M","M","E","M","M","R","B",null,"M","?","?","M","T","R","E","R","T","E","R","E","M","T","R","B"],"character_chosen":"THE_SILENT","items_purchased":["Noxious Fumes","Quick Slash"],"campfire_rested":5,"item_purchase_floors":[3,3],"current_hp_per_floor":[63,63,63,63,63,63,63,59,59,59,56,43,40,40,61,50,65,47,47,33,22,22,43,31,52,52,6,27,18,4,4,25,0],"gold":562,"neow_bonus":"THREE_ENEMY_KILL","is_prod":false,"is_daily":false,"chose_seed":false,"campfire_upgraded":0,"win_rate":0,"timestamp":1569177142,"path_taken":["M","?","$","?","M","E","M","E","T","M","M","E","?","M","R","BOSS","M","?","?","?","?","R","E","R","T","E","R","E","M","?","R","BOSS"],"build_version":"2019-07-17","purchased_purges":1,"victory":false,"max_hp_per_floor":[70,70,70,70,70,70,70,70,70,70,70,70,70,70,70,70,70,70,70,70,70,70,70,70,70,70,70,70,70,70,70,70,70],"card_choices":[{"not_picked":["Backflip","Calculated Gamble"],"picked":"Deflect","floor":1},{"not_picked":["Distraction","Slice"],"picked":"Backstab","floor":5},{"not_picked":["Terror","Predator","Sucker Punch"],"picked":"SKIP","floor":6},{"not_picked":["Terror","Sucker Punch"],"picked":"Predator","floor":6},{"not_picked":["Escape Plan","Blade Dance"],"picked":"Dagger Throw","floor":7},{"not_picked":["Dagger Spray","Phantasmal Killer"],"picked":"Dash","floor":8},{"not_picked":["Blade Dance","Backflip"],"picked":"Dodge and Roll","floor":10},{"not_picked":["Dodge and Roll","Blade Dance"],"picked":"Deflect","floor":11},{"not_picked":["Masterful Stab","Deadly Poison"],"picked":"Dagger Throw","floor":12},{"not_picked":["Distraction","Flechettes"],"picked":"Blur","floor":13},{"not_picked":["Underhanded Strike","Eviscerate"],"picked":"Cloak And Dagger","floor":14},{"not_picked":["Burst","Night Terror"],"picked":"A Thousand Cuts+1","floor":16},{"not_picked":["Dodge and Roll","Quick Slash"],"picked":"Deflect","floor":18},{"not_picked":["Outmaneuver","Dagger Throw"],"picked":"Poisoned Stab+1","floor":21},{"not_picked":["Prepared","Deflect"],"picked":"Heel Hook","floor":24},{"not_picked":["Prepared","Quick Slash"],"picked":"Sucker Punch","floor":27},{"not_picked":["Expertise","Malaise"],"picked":"Prepared","floor":30}],"player_experience":710077,"relics_obtained":[{"floor":6,"key":"Potion Belt"},{"floor":8,"key":"Tiny Chest"},{"floor":12,"key":"Frozen Egg 2"},{"floor":22,"key":"Juzu Bracelet"},{"floor":24,"key":"Torii"},{"floor":26,"key":"Snake Skull"},{"floor":27,"key":"Thread and Needle"},{"floor":31,"key":"FossilizedHelix"}],"event_choices":[{"damage_healed":0,"gold_gain":175,"player_choice":"AGREE","damage_taken":0,"max_hp_gain":0,"max_hp_loss":0,"event_name":"Liars Game","floor":2,"gold_loss":0,"cards_obtained":["Doubt"]},{"damage_healed":0,"gold_gain":0,"player_choice":"Gave Potion","damage_taken":0,"relics_obtained":["Incense Burner"],"max_hp_gain":0,"max_hp_loss":0,"event_name":"WeMeetAgain","floor":4,"gold_loss":0},{"damage_healed":0,"gold_gain":0,"player_choice":"Ignored","damage_taken":0,"max_hp_gain":0,"max_hp_loss":0,"event_name":"Ghosts","floor":19,"gold_loss":0},{"damage_healed":0,"gold_gain":0,"player_choice":"CARD ","damage_taken":14,"max_hp_gain":0,"max_hp_loss":0,"event_name":"Knowing Skull","floor":20,"potions_obtained":[],"gold_loss":0,"cards_obtained":["Swift Strike"]}],"is_beta":false,"boss_relics":[{"not_picked":["Velvet Choker","Sozu"],"picked":"Cursed Key"}],"items_purged_floors":[3],"is_endless":false,"potions_floor_spawned":[1,7,8,10,11,14,18,29,30],"killed_by":"Automaton","ascension_level":8}