{"gold_per_floor":[18,18,29,29,44,76,96,123,170,183,200,200,35,69,69,171,171,181,191,208,221,53,53],"floor_reached":23,"playtime":2946,"items_purged":["Strike_G","Acrobatics"],"score":215,"play_id":"ea8ea2af-7fc0-4781-bc10-496a5b39049d","local_time":"20180701135655","is_ascension_mode":false,"campfire_choices":[{"data":"Neutralize","floor":12.0,"key":"SMITH"},{"floor":15.0,"key":"REST"}],"neow_cost":"","seed_source_timestamp":0,"circlet_count":0,"master_deck":["Defend_G","Defend_G+1","Defend_G","Strike_G","Survivor","Neutralize+1","Expertise","Infinite Blades","Quick Slash","Quick Slash","Finisher","Quick Slash","Slice","Sucker Punch","Choke","Flash of Steel","Blade Dance","Unload","Acrobatics+1","Endless Agony+1","Dagger Spray+1","Slice+1","Dagger Spray+1","Blade Dance","Backflip+1","Crippling Poison"],"special_seed":0,"relics":["Ring of the Snake","The Specimen","Bottled Flame","Strawberry","Snake Skull","Astrolabe"],"potions_floor_usage":[23],"damage_taken":[{"damage":0.0,"enemies":"Cultist","floor":1.0,"turns":5.0},{"damage":0.0,"enemies":"Small Slimes","floor":3.0,"turns":4.0},{"damage":1.0,"enemies":"Jaw Worm","floor":5.0,"turns":4.0},{"damage":1.0,"enemies":"Gremlin Nob","floor":6.0,"turns":5.0},{"damage":0.0,"enemies":"Red Slaver","floor":7.0,"turns":3.0},{"damage":16.0,"enemies":"3 Sentries","floor":8.0,"turns":8.0},{"damage":14.0,"enemies":"Lots of Slimes","floor":10.0,"turns":4.0},{"damage":0.0,"enemies":"Exordium Wildlife","floor":11.0,"turns":4.0},{"damage":6.0,"enemies":"Gremlin Nob","floor":14.0,"turns":3.0},{"damage":35.0,"enemies":"Hexaghost","floor":16.0,"turns":10.0},{"damage":5,"enemies":"Spheric Guardian","floor":18,"turns":3},{"damage":16,"enemies":"2 Thieves","floor":19,"turns":3},{"damage":30,"enemies":"Sentry and Sphere","floor":20,"turns":4},{"damage":29,"enemies":"Centurion and Healer","floor":21,"turns":5},{"damage":22,"enemies":"Book of Stabbing","floor":23,"turns":3}],"seed_played":"864113837075609320","potions_obtained":[{"floor":3.0,"key":"GhostInAJar"},{"floor":5.0,"key":"GamblersBrew"},{"floor":7.0,"key":"FairyPotion"},{"floor":11.0,"key":"Swift Potion"},{"floor":14.0,"key":"Swift Potion"},{"floor":18,"key":"FairyPotion"},{"floor":21,"key":"Swift Potion"}],"is_trial":false,"path_per_floor":["M","$","M","?","M","E","M","E","T","M","M","R","$","E","R","B",null,"M","M","M","M","$"],"character_chosen":"THE_SILENT","items_purchased":["Flash of Steel","Crippling Poison"],"campfire_rested":1,"item_purchase_floors":[],"current_hp_per_floor":[70,70,70,56,55,54,54,38,45,31,31,31,31,25,48,13,77,72,56,26,7,7,0],"gold":53,"neow_bonus":"","is_prod":false,"is_daily":false,"chose_seed":false,"campfire_upgraded":1,"win_rate":0.0,"timestamp":1530449815,"path_taken":["M","?","M","?","?","E","M","E","T","M","M","R","$","E","R","BOSS","M","M","M","M","?","E"],"build_version":"2018-06-29","purchased_purges":2,"victory":false,"max_hp_per_floor":[70,70,70,70,70,70,70,70,77,77,77,77,77,77,77,77,77,77,77,77,77,77,77],"card_choices":[{"not_picked":["Underhanded Strike","Poisoned Stab"],"picked":"Quick Slash","floor":1.0},{"not_picked":["Bouncing Flask","Masterful Stab"],"picked":"Acrobatics","floor":3.0},{"not_picked":["Dagger Spray","Deadly Poison"],"picked":"Quick Slash","floor":5.0},{"not_picked":["Riddle With Holes","Masterful Stab"],"picked":"Finisher","floor":6.0},{"not_picked":["Prepared","Underhanded Strike"],"picked":"Quick Slash","floor":7.0},{"not_picked":["Dash","Dagger Throw"],"picked":"Slice","floor":8.0},{"not_picked":["Bane","Wraith Form v2"],"picked":"Sucker Punch","floor":10.0},{"not_picked":["Underhanded Strike","Dagger Spray"],"picked":"Choke","floor":11.0},{"not_picked":["Masterful Stab","Dagger Throw"],"picked":"Blade Dance","floor":14.0},{"not_picked":["Night Terror","Phantasmal Killer"],"picked":"Unload","floor":16.0},{"not_picked":["Deflect","Dagger Spray"],"picked":"Slice+1","floor":18},{"not_picked":["Underhanded Strike","All Out Attack+1"],"picked":"Dagger Spray+1","floor":19},{"not_picked":["Calculated Gamble","Malaise"],"picked":"Blade Dance","floor":20},{"not_picked":["Poisoned Stab+1","Deadly Poison"],"picked":"Backflip+1","floor":21}],"player_experience":11200,"relics_obtained":[{"floor":6.0,"key":"The Specimen"},{"floor":8.0,"key":"Bottled Flame"},{"floor":9.0,"key":"Strawberry"},{"floor":14.0,"key":"Snake Skull"}],"event_choices":[{"event_name":"Shining Light","player_choice":"Entered Light","floor":4.0,"damage_taken":0.0}],"boss_relics":[{"not_picked":["Ectoplasm","Fusion Hammer"],"picked":"Astrolabe"}],"items_purged_floors":[],"is_endless":false,"potions_floor_spawned":[3,5,7,11,14,18,21],"killed_by":"Book of Stabbing","ascension_level":0}