{"gold_per_floor":[119,194,209,209,209,240,18,18,18,46,46,71,81,114,114,191,241,254,242,242,19,31,64,64,89,89,89,119,136,154,180,180,256,256,272,272,126,146,164,199,199,234,234,234,253,253,263,363,363,363,363,363,34,69,69],"floor_reached":55,"playtime":4762,"items_purged":["Strike_R","Strike_R"],"score":1512,"play_id":"b9e4b92d-59fd-4a9b-9b3b-c37339ece762","local_time":"20191003125247","is_ascension_mode":true,"campfire_choices":[{"floor":11,"key":"REST"},{"floor":15,"key":"REST"},{"floor":24,"key":"REST"},{"floor":27,"key":"REST"},{"data":"1","floor":32,"key":"LIFT"},{"data":"2","floor":41,"key":"LIFT"},{"floor":44,"key":"RECALL"},{"floor":49,"key":"REST"},{"data":"3","floor":52,"key":"LIFT"}],"neow_cost":"NONE","seed_source_timestamp":1359478120706600,"circlet_count":0,"master_deck":["AscendersBane","Strike_R","Strike_R+1","Defend_R+1","Defend_R","Defend_R+1","Defend_R","Bash","Shrug It Off","Dual Wield+1","Infernal Blade","Feed+1","Havoc","Entrench","Armaments+1","Feed","Shockwave","Ghostly Armor","Corruption+1","Feel No Pain+1","Metallicize+1","Exhume","Corruption+1","Metallicize+1","Uppercut","Immolate","Barricade+1","Metallicize+1","Apotheosis+1","Bloodletting+1","Havoc+1","Sentinel+1","Flame Barrier+1","Dual Wield+1","Sentinel+1","True Grit+1","Metallicize+1","Havoc+1"],"relics":["Burning Blood","Girya","Frozen Egg 2","Shuriken","War Paint","Pear","Whetstone","Dodecahedron","Tiny House","Regal Pillow","Pen Nib","Kunai","Nunchaku","Meat on the Bone","Toxic Egg 2","Fusion Hammer","Centennial Puzzle","Gambling Chip","Torii","Happy Flower","Mummified Hand"],"potions_floor_usage":[6,10,12,14,19,22,23,30,31,31,39,39,50,50,54],"damage_taken":[{"damage":2,"enemies":"Jaw Worm","floor":1,"turns":5},{"damage":2,"enemies":"2 Louse","floor":3,"turns":4},{"damage":38,"enemies":"Lagavulin","floor":6,"turns":6},{"damage":0,"enemies":"Gremlin Nob","floor":10,"turns":2},{"damage":38,"enemies":"Lagavulin","floor":12,"turns":7},{"damage":6,"enemies":"Cultist","floor":13,"turns":3},{"damage":27,"enemies":"3 Sentries","floor":14,"turns":9},{"damage":49,"enemies":"Hexaghost","floor":16,"turns":9},{"damage":32,"enemies":"Chosen","floor":18,"turns":7},{"damage":28,"enemies":"2 Thieves","floor":19,"turns":4},{"damage":7,"enemies":"Snake Plant","floor":22,"turns":5},{"damage":58,"enemies":"Slavers","floor":23,"turns":8},{"damage":41,"enemies":"Book of Stabbing","floor":25,"turns":7},{"damage":6,"enemies":"Gremlin Leader","floor":28,"turns":5},{"damage":4,"enemies":"Chosen and Byrds","floor":29,"turns":10},{"damage":17,"enemies":"Centurion and Healer","floor":30,"turns":9},{"damage":30,"enemies":"Book of Stabbing","floor":31,"turns":8},{"damage":70,"enemies":"Automaton","floor":33,"turns":11},{"damage":1,"enemies":"Orb Walker","floor":35,"turns":5},{"damage":6,"enemies":"3 Shapes","floor":38,"turns":7},{"damage":40,"enemies":"Transient","floor":39,"turns":5},{"damage":0,"enemies":"Giant Head","floor":40,"turns":8},{"damage":0,"enemies":"Nemesis","floor":42,"turns":9},{"damage":62,"enemies":"Writhing Mass","floor":45,"turns":7},{"damage":19,"enemies":"Spire Growth","floor":47,"turns":5},{"damage":8,"enemies":"Mind Bloom Boss Battle","floor":48,"turns":5},{"damage":95,"enemies":"Awakened One","floor":50,"turns":16},{"damage":72,"enemies":"Shield and Spear","floor":54,"turns":13},{"damage":75,"enemies":"The Heart","floor":55,"turns":12}],"seed_played":"-3301128045594245619","potions_obtained":[{"floor":1,"key":"EssenceOfSteel"},{"floor":6,"key":"LiquidBronze"},{"floor":10,"key":"SkillPotion"},{"floor":17,"key":"BloodPotion"},{"floor":19,"key":"SteroidPotion"},{"floor":20,"key":"Dexterity Potion"},{"floor":28,"key":"BloodPotion"},{"floor":29,"key":"Fire Potion"},{"floor":30,"key":"EssenceOfSteel"},{"floor":33,"key":"Explosive Potion"},{"floor":38,"key":"SkillPotion"},{"floor":40,"key":"FearPotion"},{"floor":42,"key":"LiquidBronze"},{"floor":45,"key":"Explosive Potion"}],"is_trial":false,"path_per_floor":["M","?","M","T","?","E","$","T","T","E","R","E","M","E","R","B",null,"M","M","?","$","M","E","R","E","T","R","E","M","M","E","R","B",null,"M","?","$","M","M","E","R","E","T","R","M","?","M","?","R","B",null,"R","$","E","B"],"character_chosen":"IRONCLAD","items_purchased":["Feed","Regen Potion","Feel No Pain+1","Regal Pillow","Bloodletting+1","Metallicize+1","Happy Flower","Energy Potion"],"campfire_rested":5,"item_purchase_floors":[7,7,21,21,37,53,53,53],"current_hp_per_floor":[76,65,69,69,69,37,37,37,37,58,85,53,53,44,74,31,89,63,71,71,71,74,25,75,40,40,90,94,100,93,101,101,49,110,118,118,118,122,88,94,94,104,104,104,60,60,63,77,135,58,124,124,124,70,0],"gold":69,"neow_bonus":"TRANSFORM_CARD","is_prod":false,"is_daily":false,"chose_seed":false,"campfire_upgraded":0,"win_rate":0,"timestamp":1570121567,"path_taken":["M","?","M","?","?","E","$","?","T","E","R","E","M","E","R","BOSS","M","M","?","$","M","E","R","E","T","R","E","M","?","E","R","BOSS","M","?","$","M","M","E","R","E","T","R","M","?","?","?","R","BOSS","R","$","E","BOSS"],"build_version":"2019-07-17","purchased_purges":2,"victory":false,"max_hp_per_floor":[80,80,80,80,80,80,80,80,80,90,90,90,90,102,102,102,107,107,111,111,111,115,118,118,118,118,118,122,126,130,130,130,130,130,133,133,133,137,137,137,137,141,141,141,141,138,142,146,146,146,146,146,146,146,146],"card_choices":[{"not_picked":["Pommel Strike","Flex"],"picked":"Dual Wield","floor":1},{"not_picked":["Wild Strike","Sever Soul"],"picked":"Infernal Blade","floor":3},{"not_picked":["Heavy Blade","Anger","Flex"],"picked":"SKIP","floor":6},{"not_picked":["Sword Boomerang","Fire Breathing+1"],"picked":"Havoc","floor":10},{"not_picked":["Spot Weakness","Burning Pact"],"picked":"Entrench","floor":12},{"not_picked":["Dual Wield","Iron Wave"],"picked":"Armaments","floor":13},{"not_picked":["Whirlwind","Wild Strike","Heavy Blade"],"picked":"SKIP","floor":14},{"not_picked":["Berserk+1","Dark Embrace+1"],"picked":"Feed","floor":16},{"not_picked":["Wild Strike","Flex"],"picked":"Shockwave","floor":17},{"not_picked":["Clothesline+1","Heavy Blade"],"picked":"Ghostly Armor","floor":18},{"not_picked":["Shrug It Off","Flex"],"picked":"Corruption+1","floor":19},{"not_picked":["Cleave+1","Heavy Blade","Reckless Charge"],"picked":"SKIP","floor":22},{"not_picked":["Fire Breathing+1","Spot Weakness"],"picked":"Metallicize+1","floor":23},{"not_picked":["Headbutt","True Grit"],"picked":"Exhume","floor":25},{"not_picked":["Havoc","Blood for Blood"],"picked":"Corruption+1","floor":28},{"not_picked":["Hemokinesis","Clash"],"picked":"Metallicize+1","floor":29},{"not_picked":["Fire Breathing+1","Armaments"],"picked":"Uppercut","floor":30},{"not_picked":["Heavy Blade","Thunderclap"],"picked":"Immolate","floor":31},{"not_picked":["Reaper","Berserk+1"],"picked":"Barricade+1","floor":33},{"not_picked":["Anger","Headbutt"],"picked":"Metallicize+1","floor":35},{"not_picked":["Impatience+1","Swift Strike"],"picked":"Apotheosis+1","floor":36},{"not_picked":["Whirlwind","Iron Wave","Sword Boomerang"],"picked":"SKIP","floor":38},{"not_picked":["Clash","Sever Soul"],"picked":"Havoc+1","floor":39},{"not_picked":["Bloodletting+1","Evolve+1"],"picked":"Sentinel+1","floor":40},{"not_picked":["Intimidate+1","Sword Boomerang"],"picked":"Flame Barrier+1","floor":42},{"not_picked":["Flex+1","Pommel Strike"],"picked":"Dual Wield+1","floor":45},{"not_picked":["Entrench+1","Sword Boomerang"],"picked":"Sentinel+1","floor":47},{"not_picked":["Rupture+1","Anger"],"picked":"True Grit+1","floor":48},{"not_picked":["Dual Wield+1","Sentinel+1"],"picked":"Havoc+1","floor":54}],"player_experience":799576,"relics_obtained":[{"floor":4,"key":"Girya"},{"floor":6,"key":"Frozen Egg 2"},{"floor":8,"key":"Shuriken"},{"floor":9,"key":"War Paint"},{"floor":10,"key":"Pear"},{"floor":12,"key":"Whetstone"},{"floor":14,"key":"Dodecahedron"},{"floor":23,"key":"Pen Nib"},{"floor":25,"key":"Kunai"},{"floor":26,"key":"Nunchaku"},{"floor":28,"key":"Meat on the Bone"},{"floor":31,"key":"Toxic Egg 2"},{"floor":40,"key":"Centennial Puzzle"},{"floor":42,"key":"Gambling Chip"},{"floor":48,"key":"Torii"},{"floor":54,"key":"Mummified Hand"}],"event_choices":[{"damage_healed":0,"gold_gain":75,"player_choice":"Gather Gold","damage_taken":11,"max_hp_gain":0,"max_hp_loss":0,"event_name":"World of Goop","floor":2,"gold_loss":0},{"damage_healed":0,"gold_gain":0,"player_choice":"Grow","damage_taken":0,"max_hp_gain":0,"max_hp_loss":0,"event_name":"Living Wall","floor":5,"gold_loss":0,"cards_upgraded":["Dual Wield"]},{"damage_healed":0,"gold_gain":0,"player_choice":"Got Potions","damage_taken":0,"max_hp_gain":0,"max_hp_loss":0,"event_name":"Lab","floor":20,"gold_loss":0},{"damage_healed":0,"gold_gain":0,"player_choice":"Memory 1","damage_taken":0,"max_hp_gain":0,"max_hp_loss":0,"event_name":"SensoryStone","floor":36,"gold_loss":0},{"cards_removed":["Parasite"],"damage_healed":0,"gold_gain":0,"player_choice":"Purged","damage_taken":0,"max_hp_gain":0,"max_hp_loss":0,"event_name":"Purifier","floor":46,"gold_loss":0},{"damage_healed":0,"gold_gain":0,"player_choice":"Fight","damage_taken":0,"max_hp_gain":0,"max_hp_loss":0,"event_name":"MindBloom","floor":48,"gold_loss":0}],"is_beta":false,"boss_relics":[{"not_picked":["Empty Cage","Ectoplasm"],"picked":"Tiny House"},{"not_picked":["Runic Cube","Philosopher\u0027s Stone"],"picked":"Fusion Hammer"}],"items_purged_floors":[37,53],"is_endless":false,"potions_floor_spawned":[1,6,10,19,28,29,30,33,38,40,42,45,47,48],"killed_by":"The Heart","ascension_level":13}