{"gold_per_floor":[113,132,132,151,151,182,182,197,266,266,280,298,298,318,318,416,416,427,447,447,138,138,138,149,149,149,149,167,202,222,70,70,175,205,222,241,241,20,20,20,35,35,58,58,91,107,207,217,217,217],"floor_reached":51,"playtime":2497,"items_purged":["Defend_R","Defend_R","Pain"],"score":985,"play_id":"5655ca68-8c40-40b7-a043-c04de111f84b","local_time":"20190925194453","is_ascension_mode":true,"campfire_choices":[{"data":"Ghostly Armor","floor":7,"key":"SMITH"},{"data":"Anger","floor":13,"key":"SMITH"},{"data":"Metallicize","floor":15,"key":"SMITH"},{"data":"Feed","floor":23,"key":"SMITH"},{"data":"Dual Wield","floor":25,"key":"SMITH"},{"data":"Double Tap","floor":27,"key":"SMITH"},{"data":"Clash","floor":32,"key":"SMITH"},{"data":"Clash","floor":40,"key":"SMITH"},{"data":"Body Slam","floor":42,"key":"SMITH"},{"data":"Clash","floor":44,"key":"SMITH"},{"data":"Sever Soul","floor":49,"key":"SMITH"}],"neow_cost":"NONE","seed_source_timestamp":544419505278800,"circlet_count":0,"master_deck":["Strike_R","Strike_R","Strike_R","Strike_R","Defend_R","Bash","Double Tap+1","Clothesline","Ghostly Armor+1","Anger+1","Dual Wield+1","Clash+1","Feed+1","Flex+1","Clash+1","Dramatic Entrance","Ghostly Armor+1","Clash+1","Sever Soul+1","Disarm+1","Havoc+1","Havoc+1","Infernal Blade+1","Blind+1","Body Slam+1","Havoc+1","Headbutt+1"],"relics":["Burning Blood","Unceasing Top","Shuriken","Philosopher\u0027s Stone","MutagenicStrength","Omamori","Oddly Smooth Stone","Charon\u0027s Ashes","Toxic Egg 2","Calling Bell","Tiny Chest","theSenshi:SuperSailorFukuRelic","Nunchaku","Orichalcum","Happy Flower","FossilizedHelix"],"potions_floor_usage":[16,16,24,41,50,50],"damage_taken":[{"damage":1,"enemies":"Cultist","floor":1,"turns":3},{"damage":7,"enemies":"2 Louse","floor":2,"turns":4},{"damage":6,"enemies":"Jaw Worm","floor":4,"turns":3},{"damage":48,"enemies":"Lagavulin","floor":6,"turns":7},{"damage":7,"enemies":"3 Louse","floor":8,"turns":4},{"damage":12,"enemies":"Gremlin Gang","floor":11,"turns":6},{"damage":10,"enemies":"Exordium Wildlife","floor":12,"turns":4},{"damage":1,"enemies":"2 Fungi Beasts","floor":14,"turns":4},{"damage":9,"enemies":"Slime Boss","floor":16,"turns":7},{"damage":14,"enemies":"Chosen","floor":18,"turns":2},{"damage":15,"enemies":"3 Byrds","floor":19,"turns":5},{"damage":0,"enemies":"Cultist and Chosen","floor":24,"turns":3},{"damage":6,"enemies":"Centurion and Healer","floor":28,"turns":3},{"damage":0,"enemies":"Gremlin Leader","floor":29,"turns":3},{"damage":0,"enemies":"Sentry and Sphere","floor":30,"turns":3},{"damage":67,"enemies":"Automaton","floor":33,"turns":7},{"damage":0,"enemies":"Orb Walker","floor":35,"turns":2},{"damage":0,"enemies":"3 Shapes","floor":36,"turns":2},{"damage":7,"enemies":"Writhing Mass","floor":41,"turns":4},{"damage":30,"enemies":"Nemesis","floor":45,"turns":5},{"damage":0,"enemies":"3 Darklings","floor":46,"turns":3},{"damage":0,"enemies":"Mind Bloom Boss Battle","floor":47,"turns":1},{"damage":0,"enemies":"Sphere and 2 Shapes","floor":48,"turns":2},{"damage":54,"enemies":"Time Eater","floor":50,"turns":6}],"seed_played":"4925815824244728000","potions_obtained":[{"floor":4,"key":"Swift Potion"},{"floor":6,"key":"Weak Potion"},{"floor":11,"key":"SteroidPotion"},{"floor":18,"key":"EssenceOfSteel"},{"floor":19,"key":"Fire Potion"},{"floor":30,"key":"Weak Potion"},{"floor":39,"key":"FairyPotion"},{"floor":39,"key":"Block Potion"},{"floor":39,"key":"PowerPotion"},{"floor":41,"key":"Regen Potion"}],"is_trial":false,"path_per_floor":["M","M","?","M","?","E","R","M","T","?","M","M","R","M","R","B",null,"M","M","?","$","?","R","M","R","T","R","M","E","M","$","R","B",null,"M","M","?","$","?","R","M","R","T","R","E","M","?","M","R","B",null],"character_chosen":"IRONCLAD","items_purchased":["Dramatic Entrance","Omamori","Havoc+1","Blind+1"],"campfire_rested":0,"item_purchase_floors":[21,21,31,38],"current_hp_per_floor":[77,76,81,81,74,32,32,31,31,31,25,21,21,26,26,23,70,65,56,56,56,56,56,66,66,66,66,70,76,82,82,82,21,77,83,89,89,89,89,89,88,88,88,88,64,70,76,82,82,49],"gold":217,"neow_bonus":"ONE_RANDOM_RARE_CARD","is_prod":false,"is_daily":false,"chose_seed":false,"campfire_upgraded":11,"win_rate":0,"timestamp":1569437093,"path_taken":["M","?","?","M","?","E","R","M","T","?","M","?","R","M","R","BOSS","M","M","?","$","?","R","?","R","T","R","M","E","?","$","R","BOSS","M","M","?","$","?","R","M","R","T","R","E","?","?","M","R","BOSS"],"build_version":"2019-07-17","purchased_purges":3,"victory":true,"max_hp_per_floor":[80,80,85,85,85,85,85,85,85,85,85,85,85,85,85,85,85,88,88,88,88,88,88,92,92,92,92,96,96,96,96,96,96,96,96,96,96,96,96,96,96,96,96,96,96,96,96,96,96,96],"card_choices":[{"not_picked":["Spot Weakness","Intimidate"],"picked":"Clothesline","floor":1},{"not_picked":["Flex","Body Slam"],"picked":"Metallicize","floor":2},{"not_picked":["Body Slam","Heavy Blade"],"picked":"Ghostly Armor","floor":4},{"not_picked":["Clothesline","Sword Boomerang"],"picked":"Anger","floor":6},{"not_picked":["Wild Strike","Hemokinesis","Entrench"],"picked":"SKIP","floor":8},{"not_picked":["Clothesline","Second Wind"],"picked":"Dual Wield","floor":11},{"not_picked":["Fire Breathing","Headbutt"],"picked":"Clash","floor":12},{"not_picked":["Inflame","Pummel","Shrug It Off"],"picked":"SKIP","floor":14},{"not_picked":["Barricade","Offering"],"picked":"Feed","floor":16},{"not_picked":["Inflame+1","Hemokinesis"],"picked":"Flex+1","floor":18},{"not_picked":["Twin Strike","Warcry"],"picked":"Clash","floor":19},{"not_picked":["Shrug It Off+1","Carnage"],"picked":"Ghostly Armor+1","floor":24},{"not_picked":["Entrench","Twin Strike"],"picked":"Clash","floor":28},{"not_picked":["Wild Strike","Hemokinesis"],"picked":"Sever Soul","floor":29},{"not_picked":["Thunderclap","Cleave"],"picked":"Disarm+1","floor":30},{"not_picked":["Flex+1","Body Slam+1"],"picked":"Havoc+1","floor":35},{"not_picked":["Perfected Strike+1","Offering+1"],"picked":"Infernal Blade+1","floor":36},{"not_picked":["Clothesline+1","Thunderclap"],"picked":"Body Slam","floor":41},{"not_picked":["Heavy Blade+1","Rupture"],"picked":"Havoc+1","floor":45},{"not_picked":["Rupture","Shrug It Off+1","Armaments+1"],"picked":"SKIP","floor":46},{"not_picked":["Wild Strike+1","Shrug It Off+1"],"picked":"Headbutt+1","floor":47},{"not_picked":["Shrug It Off+1","Uppercut","Heavy Blade+1"],"picked":"SKIP","floor":48}],"player_experience":397458,"relics_obtained":[{"floor":6,"key":"Unceasing Top"},{"floor":9,"key":"Shuriken"},{"floor":26,"key":"Charon\u0027s Ashes"},{"floor":29,"key":"Toxic Egg 2"},{"floor":34,"key":"Tiny Chest"},{"floor":34,"key":"theSenshi:SuperSailorFukuRelic"},{"floor":34,"key":"Nunchaku"},{"floor":43,"key":"Orichalcum"},{"floor":45,"key":"Happy Flower"},{"floor":47,"key":"FossilizedHelix"}],"event_choices":[{"damage_healed":0,"gold_gain":0,"player_choice":"Donut","damage_taken":0,"max_hp_gain":5,"max_hp_loss":0,"event_name":"Big Fish","floor":3,"gold_loss":0},{"cards_removed":["Defend_R"],"damage_healed":0,"gold_gain":0,"player_choice":"Card Removal","damage_taken":7,"max_hp_gain":0,"max_hp_loss":0,"event_name":"Golden Wing","floor":5,"gold_loss":0},{"cards_removed":["Strike_R"],"damage_healed":0,"gold_gain":0,"player_choice":"Purged","damage_taken":0,"max_hp_gain":0,"max_hp_loss":0,"event_name":"Purifier","floor":10,"gold_loss":0},{"damage_healed":0,"gold_gain":0,"player_choice":"Inject Mutagens","damage_taken":0,"relics_obtained":["MutagenicStrength"],"max_hp_gain":0,"max_hp_loss":0,"event_name":"Drug Dealer","floor":20,"gold_loss":0},{"damage_healed":0,"gold_gain":0,"player_choice":"Gave Potion","damage_taken":0,"relics_obtained":["Oddly Smooth Stone"],"max_hp_gain":0,"max_hp_loss":0,"event_name":"WeMeetAgain","floor":22,"gold_loss":0},{"cards_removed":["Metallicize"],"damage_healed":0,"gold_gain":0,"player_choice":"Removed Power","damage_taken":0,"max_hp_gain":0,"max_hp_loss":0,"event_name":"Falling","floor":37,"gold_loss":0},{"damage_healed":0,"gold_gain":0,"player_choice":"Got Potions","damage_taken":0,"max_hp_gain":0,"max_hp_loss":0,"event_name":"Lab","floor":39,"gold_loss":0},{"damage_healed":0,"gold_gain":0,"player_choice":"Fight","damage_taken":0,"max_hp_gain":0,"max_hp_loss":0,"event_name":"MindBloom","floor":47,"gold_loss":0}],"is_beta":false,"boss_relics":[{"not_picked":["Sozu","Busted Crown"],"picked":"Philosopher\u0027s Stone"},{"not_picked":["Astrolabe","Velvet Choker"],"picked":"Calling Bell"}],"items_purged_floors":[21,31,38],"is_endless":false,"potions_floor_spawned":[4,6,11,18,19,30,41,45],"ascension_level":7}