{"gold_per_floor":[115,290,290,302,302,302,335,335,335,354,389,409,424,439,439,541,541,554,112,124,143,154,154],"floor_reached":23,"playtime":1090,"items_purged":[],"score":311,"play_id":"8504230e-7921-4dac-bc53-3bc446c84720","local_time":"20190910180005","is_ascension_mode":true,"campfire_choices":[{"floor":6,"key":"REST"},{"data":"Neutralize","floor":8,"key":"SMITH"},{"floor":15,"key":"REST"}],"neow_cost":"NONE","seed_source_timestamp":348181474170100,"circlet_count":0,"master_deck":["Strike_G","Strike_G","Strike_G","Strike_G+1","Strike_G","Defend_G+1","Defend_G","Defend_G","Defend_G","Defend_G","Survivor","Neutralize+1","Cloak And Dagger","Doubt","Slice","Regret","Sucker Punch+1","Leg Sweep","Crippling Poison","Choke+1","Unload+1","Infinite Blades","Venomology","Noxious Fumes","Mind Blast+1","Blur+1","Calculated Gamble+1","Flying Knee+1","Prepared+1"],"relics":["Ring of the Snake","NeowsBlessing","Kunai","Molten Egg 2","Pantograph","Anchor","Busted Crown","Toxic Egg 2"],"potions_floor_usage":[21,21,22,22],"damage_taken":[{"damage":0,"enemies":"Jaw Worm","floor":1,"turns":1},{"damage":0,"enemies":"2 Louse","floor":4,"turns":1},{"damage":0,"enemies":"Gremlin Nob","floor":7,"turns":1},{"damage":3,"enemies":"Cultist","floor":10,"turns":4},{"damage":18,"enemies":"3 Sentries","floor":11,"turns":12},{"damage":9,"enemies":"Red Slaver","floor":12,"turns":6},{"damage":4,"enemies":"3 Louse","floor":13,"turns":4},{"damage":12,"enemies":"Large Slime","floor":14,"turns":5},{"damage":22,"enemies":"Hexaghost","floor":16,"turns":11},{"damage":5,"enemies":"3 Byrds","floor":18,"turns":6},{"damage":2,"enemies":"Chosen","floor":20,"turns":5},{"damage":29,"enemies":"Snake Plant","floor":21,"turns":4},{"damage":23,"enemies":"3 Cultists","floor":22,"turns":8},{"damage":6,"enemies":"Slavers","floor":23,"turns":1}],"seed_played":"-7893986112634700190","potions_obtained":[{"floor":4,"key":"Ancient Potion"},{"floor":7,"key":"SpeedPotion"},{"floor":10,"key":"EssenceOfSteel"},{"floor":18,"key":"Fire Potion"}],"is_trial":false,"path_per_floor":["M","?","?","M","?","R","E","R","T","M","E","M","M","M","R","B",null,"M","$","M","M","M","E"],"character_chosen":"THE_SILENT","items_purchased":["Noxious Fumes","Mind Blast+1","Toxic Egg 2","Blur+1"],"campfire_rested":2,"item_purchase_floors":[19,19,19,19],"current_hp_per_floor":[63,63,49,49,49,70,70,70,70,67,49,40,36,24,45,48,65,60,60,58,29,6,0],"gold":154,"neow_bonus":"THREE_ENEMY_KILL","is_prod":false,"is_daily":false,"chose_seed":false,"campfire_upgraded":1,"win_rate":0,"timestamp":1568152805,"path_taken":["M","?","?","M","?","R","E","R","T","M","E","M","M","?","R","BOSS","M","$","M","M","M","E"],"build_version":"2019-07-17","purchased_purges":0,"victory":false,"max_hp_per_floor":[70,70,70,70,70,70,70,70,70,70,70,70,70,70,70,70,70,70,70,70,70,70,70],"card_choices":[{"not_picked":["Dagger Spray","Underhanded Strike"],"picked":"Cloak And Dagger","floor":1},{"not_picked":["Tactician","Deadly Poison"],"picked":"Slice","floor":4},{"not_picked":["Slice","Outmaneuver"],"picked":"Sucker Punch","floor":7},{"not_picked":["Slice+1","Bane+1"],"picked":"Leg Sweep","floor":10},{"not_picked":["Backflip","Prepared"],"picked":"Crippling Poison","floor":11},{"not_picked":["Quick Slash+1","Backstab+1"],"picked":"Choke+1","floor":12},{"not_picked":["Finisher+1","Deadly Poison"],"picked":"Unload+1","floor":13},{"not_picked":["Dagger Throw+1","Prepared"],"picked":"Infinite Blades","floor":14},{"not_picked":["Tools of the Trade","Doppelganger"],"picked":"Venomology","floor":16},{"not_picked":["Acrobatics"],"picked":"SKIP","floor":18},{"not_picked":[],"picked":"Calculated Gamble+1","floor":20},{"not_picked":[],"picked":"Flying Knee+1","floor":21},{"not_picked":[],"picked":"Prepared+1","floor":22}],"player_experience":549500,"relics_obtained":[{"floor":7,"key":"Molten Egg 2"},{"floor":9,"key":"Pantograph"},{"floor":11,"key":"Anchor"}],"event_choices":[{"damage_healed":0,"gold_gain":175,"player_choice":"AGREE","damage_taken":0,"max_hp_gain":0,"max_hp_loss":0,"event_name":"Liars Game","floor":2,"gold_loss":0,"cards_obtained":["Doubt"]},{"damage_healed":0,"gold_gain":0,"player_choice":"Entered Light","damage_taken":14,"max_hp_gain":0,"max_hp_loss":0,"event_name":"Shining Light","floor":3,"gold_loss":0,"cards_upgraded":["Defend_G","Strike_G"]},{"damage_healed":0,"gold_gain":0,"player_choice":"Box","damage_taken":0,"relics_obtained":["Kunai"],"max_hp_gain":0,"max_hp_loss":0,"event_name":"Big Fish","floor":5,"gold_loss":0,"cards_obtained":["Regret"]}],"is_beta":false,"boss_relics":[{"not_picked":["Sozu","Ring of the Serpent"],"picked":"Busted Crown"}],"items_purged_floors":[],"is_endless":false,"potions_floor_spawned":[4,7,10,18],"killed_by":"Slavers","ascension_level":7}