{"gold_per_floor":[113,133,145,145,161,161,194,194,274,300,314,332,8,8,8,8],"floor_reached":16,"playtime":1024,"items_purged":["Strike_G"],"score":162,"play_id":"74baee09-3519-437b-84f5-bae76ec773dd","local_time":"20191002164729","is_ascension_mode":true,"campfire_choices":[{"floor":6,"key":"REST"},{"floor":8,"key":"REST"},{"floor":15,"key":"REST"}],"neow_cost":"NONE","seed_source_timestamp":1290899826621700,"circlet_count":0,"master_deck":["Strike_G","Strike_G","Strike_G","Strike_G","Defend_G","Defend_G","Defend_G","Defend_G","Defend_G","Survivor","Neutralize","Caltrops","Glass Knife","Cloak And Dagger","Dodge and Roll"],"relics":["Ring of the Snake","Thread and Needle","PreservedInsect","Meat on the Bone","Dodecahedron"],"potions_floor_usage":[7,12],"damage_taken":[{"damage":0,"enemies":"Small Slimes","floor":1,"turns":6},{"damage":3,"enemies":"Cultist","floor":2,"turns":4},{"damage":2,"enemies":"Jaw Worm","floor":3,"turns":5},{"damage":30,"enemies":"Gremlin Gang","floor":5,"turns":6},{"damage":26,"enemies":"Gremlin Nob","floor":7,"turns":4},{"damage":37,"enemies":"3 Sentries","floor":10,"turns":15},{"damage":0,"enemies":"2 Fungi Beasts","floor":11,"turns":3},{"damage":0,"enemies":"Large Slime","floor":12,"turns":9},{"damage":55,"enemies":"Slime Boss","floor":16,"turns":11}],"seed_played":"-1281746344837663043","potions_obtained":[{"floor":5,"key":"Strength Potion"},{"floor":10,"key":"AttackPotion"}],"is_trial":false,"path_per_floor":["M","M","M","?","M","R","E","R","T","E","M","M","$","?","R","B"],"character_chosen":"THE_SILENT","items_purchased":["Meat on the Bone"],"campfire_rested":3,"item_purchase_floors":[13],"current_hp_per_floor":[70,67,65,77,47,70,44,67,67,30,30,30,30,30,53,0],"gold":8,"neow_bonus":"TEN_PERCENT_HP_BONUS","is_prod":false,"is_daily":false,"chose_seed":false,"campfire_upgraded":0,"win_rate":0,"timestamp":1570049249,"path_taken":["M","M","M","?","M","R","E","R","T","E","?","M","$","?","R","BOSS"],"build_version":"2019-07-17","purchased_purges":1,"victory":false,"max_hp_per_floor":[77,77,77,77,77,77,77,77,77,77,77,77,77,77,77,77],"card_choices":[{"not_picked":["Prepared","Slice","Tactician"],"picked":"SKIP","floor":1},{"not_picked":["Setup","Bane"],"picked":"Caltrops","floor":2},{"not_picked":["Poisoned Stab","Prepared","Underhanded Strike"],"picked":"SKIP","floor":3},{"not_picked":["Quick Slash","Outmaneuver"],"picked":"Glass Knife","floor":5},{"not_picked":["Poisoned Stab","All Out Attack"],"picked":"Cloak And Dagger","floor":7},{"not_picked":["Finisher","Quick Slash"],"picked":"Dodge and Roll","floor":10},{"not_picked":["Deadly Poison","Flechettes","Quick Slash"],"picked":"SKIP","floor":11},{"not_picked":["Flying Knee","Escape Plan"],"picked":"Dodge and Roll","floor":12}],"player_experience":771044,"relics_obtained":[{"floor":7,"key":"Thread and Needle"},{"floor":10,"key":"PreservedInsect"}],"event_choices":[{"damage_healed":12,"gold_gain":0,"player_choice":"Full Heal","damage_taken":0,"max_hp_gain":0,"max_hp_loss":0,"event_name":"Wheel of Change","floor":4,"gold_loss":0},{"cards_removed":["Dodge and Roll"],"damage_healed":0,"gold_gain":0,"player_choice":"Gave Card","damage_taken":0,"relics_obtained":["Dodecahedron"],"max_hp_gain":0,"max_hp_loss":0,"event_name":"WeMeetAgain","floor":14,"gold_loss":0}],"is_beta":false,"boss_relics":[],"items_purged_floors":[13],"is_endless":false,"potions_floor_spawned":[5,10],"killed_by":"Slime Boss","ascension_level":9}