{"gold_per_floor":[119,135,147,147,159,188,207,59,59,59,92,106,126,126,126,225,225,235,253,91,101,120,152,152,77,77,77,9,9,27,40,40,40],"floor_reached":33,"playtime":1017,"items_purged":[],"score":351,"play_id":"85a9b152-e993-443f-b642-ccfb5a5b8280","local_time":"20181228203151","is_ascension_mode":true,"campfire_choices":[{"floor":10,"key":"REST"},{"floor":15,"key":"REST"},{"floor":24,"key":"REST"},{"floor":29,"key":"REST"},{"floor":32,"key":"REST"}],"neow_cost":"TEN_PERCENT_HP_LOSS","seed_source_timestamp":704044824071525,"circlet_count":0,"master_deck":["Strike_R+1","Strike_R","Strike_R","Strike_R","Defend_R+1","Defend_R+1","Bash","Sword Boomerang","Twin Strike","Wild Strike","Headbutt","Pommel Strike","Flex+1","Infernal Blade+1","Uppercut","Battle Trance","Offering","Perfected Strike","Flex","Mayhem","Sword Boomerang+1","Wild Strike","Whirlwind","Spot Weakness","Feed","Twin Strike"],"relics":["Burning Blood","Mercury Hourglass","War Paint","Anchor","Lizard Tail","WingedGreaves","The Courier"],"potions_floor_usage":[6,11,16,16,16,21,21,23,27,30],"damage_taken":[{"damage":4,"enemies":"Jaw Worm","floor":1,"turns":4},{"damage":7,"enemies":"Small Slimes","floor":2,"turns":4},{"damage":1,"enemies":"Cultist","floor":3,"turns":3},{"damage":35,"enemies":"Gremlin Gang","floor":5,"turns":4},{"damage":22,"enemies":"3 Sentries","floor":6,"turns":7},{"damage":8,"enemies":"Blue Slaver","floor":7,"turns":2},{"damage":24,"enemies":"Lagavulin","floor":11,"turns":4},{"damage":0,"enemies":"Looter","floor":12,"turns":2},{"damage":0,"enemies":"3 Louse","floor":13,"turns":1},{"damage":20,"enemies":"The Guardian","floor":16,"turns":5},{"damage":6,"enemies":"Chosen","floor":18,"turns":2},{"damage":13,"enemies":"2 Thieves","floor":19,"turns":3},{"damage":20,"enemies":"Snake Plant","floor":21,"turns":3},{"damage":10,"enemies":"Cultist and Chosen","floor":22,"turns":4},{"damage":19,"enemies":"Gremlin Leader","floor":23,"turns":4},{"damage":21,"enemies":"Colosseum Slavers","floor":27,"turns":3},{"damage":12,"enemies":"3 Cultists","floor":30,"turns":3},{"damage":47,"enemies":"Shelled Parasite and Fungi","floor":31,"turns":4},{"damage":138,"enemies":"Automaton","floor":33,"turns":6}],"seed_played":"3349272993056398777","potions_obtained":[{"floor":1,"key":"Block Potion"},{"floor":3,"key":"EssenceOfSteel"},{"floor":7,"key":"SteroidPotion"},{"floor":11,"key":"PowerPotion"},{"floor":12,"key":"Energy Potion"},{"floor":16,"key":"Poison Potion"},{"floor":21,"key":"Fruit Juice"},{"floor":22,"key":"EssenceOfSteel"},{"floor":23,"key":"PowerPotion"}],"is_trial":false,"path_per_floor":["M","M","M","?","M","E","M","$","T","R","E","M","M","?","R","B",null,"M","M","$","M","M","E","R","?","T","?","$","R","M","M","R","B"],"character_chosen":"IRONCLAD","items_purchased":["War Paint","Mayhem","Spot Weakness","Poison Potion"],"campfire_rested":5,"item_purchase_floors":[8,20,28,28],"current_hp_per_floor":[72,71,72,58,29,13,11,11,11,32,14,20,26,26,47,33,62,62,55,55,46,42,29,52,52,52,37,37,60,54,13,36,0],"gold":40,"neow_bonus":"REMOVE_TWO","is_prod":false,"is_daily":false,"chose_seed":false,"campfire_upgraded":0,"win_rate":0,"timestamp":1546047111,"path_taken":["M","M","M","?","M","E","M","$","T","R","E","M","M","?","R","BOSS","M","M","$","?","?","E","R","?","T","?","$","R","M","M","R","BOSS"],"build_version":"2018-12-20","purchased_purges":0,"victory":false,"max_hp_per_floor":[72,72,72,72,72,72,72,72,72,72,72,72,72,72,72,72,72,72,72,72,77,77,77,77,77,77,77,77,77,77,77,77,77],"card_choices":[{"not_picked":["Sever Soul","True Grit"],"picked":"Sword Boomerang","floor":1},{"not_picked":["Havoc","Dual Wield"],"picked":"Twin Strike","floor":2},{"not_picked":["Feel No Pain","Thunderclap"],"picked":"Wild Strike","floor":3},{"not_picked":["Iron Wave","Disarm"],"picked":"Headbutt","floor":5},{"not_picked":["Dropkick","Offering"],"picked":"Pommel Strike","floor":6},{"not_picked":["Armaments","Reckless Charge"],"picked":"Flex","floor":7},{"not_picked":["Rage","Dark Embrace"],"picked":"Infernal Blade","floor":11},{"not_picked":["Flame Barrier","Anger"],"picked":"Uppercut","floor":12},{"not_picked":["Wild Strike","Shrug It Off"],"picked":"Battle Trance","floor":13},{"not_picked":["Exhume","Berserk"],"picked":"Offering","floor":16},{"not_picked":["Havoc","True Grit"],"picked":"Perfected Strike","floor":18},{"not_picked":["Flame Barrier","Headbutt"],"picked":"Flex","floor":19},{"not_picked":["Thunderclap","Clash"],"picked":"Sword Boomerang+1","floor":21},{"not_picked":["Evolve","Blood for Blood"],"picked":"Wild Strike","floor":22},{"not_picked":["Sword Boomerang","Carnage"],"picked":"Whirlwind","floor":23},{"not_picked":["Armaments","Cleave"],"picked":"Feed","floor":30},{"not_picked":["Shrug It Off","Dropkick"],"picked":"Twin Strike","floor":31}],"player_experience":253483,"relics_obtained":[{"floor":6,"key":"Mercury Hourglass"},{"floor":11,"key":"Anchor"},{"floor":23,"key":"WingedGreaves"},{"floor":26,"key":"The Courier"}],"event_choices":[{"damage_healed":0,"gold_gain":0,"player_choice":"Entered Light","damage_taken":14,"max_hp_gain":0,"max_hp_loss":0,"event_name":"Shining Light","floor":4,"gold_loss":0,"cards_upgraded":["Defend_R","Strike_R"]},{"damage_healed":0,"gold_gain":0,"player_choice":"Forge","damage_taken":0,"max_hp_gain":0,"max_hp_loss":0,"event_name":"Accursed Blacksmith","floor":14,"gold_loss":0,"cards_upgraded":["Infernal Blade"]},{"cards_removed":["Defend_R"],"damage_healed":0,"gold_gain":0,"player_choice":"Gave Gold","damage_taken":0,"max_hp_gain":0,"max_hp_loss":0,"event_name":"Beggar","floor":25,"gold_loss":75},{"damage_healed":0,"gold_gain":0,"player_choice":"Fight","damage_taken":0,"max_hp_gain":0,"max_hp_loss":0,"event_name":"Colosseum","floor":27,"gold_loss":0},{"damage_healed":0,"gold_gain":0,"player_choice":"Fled From Nobs","damage_taken":0,"max_hp_gain":0,"max_hp_loss":0,"event_name":"Colosseum","floor":27,"gold_loss":0}],"is_beta":false,"boss_relics":[{"not_picked":["Orrery","Black Star"],"picked":"Lizard Tail"}],"items_purged_floors":[],"is_endless":false,"potions_floor_spawned":[1,3,7,11,12,16,21,22,23,27],"killed_by":"Automaton","ascension_level":5}