{"gold_per_floor":[112,287,299,316,266,295,295,328,328,363,438,454,488,488,488,587,587,597,159,177,190,190,225,225,237,290,324,324,335,335,350,350,350],"floor_reached":33,"playtime":2081,"items_purged":["Strike_B"],"score":463,"play_id":"e1dcb9c3-2fd0-46ed-8fb9-4d7d7707437f","local_time":"20190106233534","is_ascension_mode":true,"campfire_choices":[{"floor":7,"key":"REST"},{"floor":15,"key":"REST"},{"data":"Dualcast","floor":24,"key":"SMITH"},{"data":"Redo","floor":32,"key":"SMITH"}],"neow_cost":"NONE","seed_source_timestamp":267931603465168,"circlet_count":0,"master_deck":["Strike_B","Strike_B","Defend_B","Defend_B","Defend_B","Defend_B+1","Zap","Dualcast+1","Coolheaded","Barrage+1","Compile Driver","Cold Snap","Go for the Eyes","Compile Driver+1","Genetic Algorithm","Coolheaded","Electrodynamics","Cold Snap+1","Glacier","Loop","Conserve Battery","Tempest","Ghostly","Ghostly","Ghostly","Ghostly","Ghostly","Thunder Strike+1","Rip and Tear+1","Double Energy","Redo+1","Beam Cell+1"],"relics":["Cracked Core","Bag of Preparation","DataDisk","Ice Cream","Molten Egg 2","Oddly Smooth Stone","Smiling Mask","Lizard Tail","Tiny Chest","Art of War","Strawberry","Du-Vu Doll","Vajra"],"potions_floor_usage":[6,12,33,33],"damage_taken":[{"damage":11,"enemies":"Small Slimes","floor":1,"turns":5},{"damage":0,"enemies":"2 Louse","floor":3,"turns":3},{"damage":0,"enemies":"Jaw Worm","floor":4,"turns":4},{"damage":24,"enemies":"Lagavulin","floor":6,"turns":7},{"damage":5,"enemies":"Gremlin Nob","floor":8,"turns":3},{"damage":4,"enemies":"Lagavulin","floor":10,"turns":6},{"damage":0,"enemies":"Gremlin Gang","floor":12,"turns":2},{"damage":18,"enemies":"3 Sentries","floor":13,"turns":6},{"damage":25,"enemies":"Slime Boss","floor":16,"turns":10},{"damage":30,"enemies":"3 Byrds","floor":18,"turns":4},{"damage":19,"enemies":"2 Thieves","floor":20,"turns":2},{"damage":0,"enemies":"Snecko","floor":21,"turns":4},{"damage":0,"enemies":"Slavers","floor":23,"turns":4},{"damage":0,"enemies":"Snake Plant","floor":25,"turns":7},{"damage":0,"enemies":"Book of Stabbing","floor":27,"turns":7},{"damage":0,"enemies":"Shelled Parasite and Fungi","floor":29,"turns":6},{"damage":1,"enemies":"Centurion and Healer","floor":31,"turns":5},{"damage":72,"enemies":"Champ","floor":33,"turns":11}],"seed_played":"2664580465834463906","potions_obtained":[{"floor":3,"key":"Energy Potion"},{"floor":6,"key":"LiquidBronze"},{"floor":8,"key":"FearPotion"},{"floor":10,"key":"Explosive Potion"},{"floor":21,"key":"SpeedPotion"},{"floor":29,"key":"Swift Potion"}],"is_trial":false,"path_per_floor":["M","?","M","M","?","E","R","E","T","E","?","M","E","?","R","B",null,"M","$","M","M","?","E","R","M","T","E","?","M","T","M","R","B"],"character_chosen":"DEFECT","items_purchased":["Tiny Chest","Art of War","Glacier","Loop"],"campfire_rested":2,"item_purchase_floors":[19,19,19,19],"current_hp_per_floor":[64,64,64,64,64,40,62,57,57,53,42,42,24,9,31,6,75,45,45,26,26,26,33,33,33,33,33,33,33,33,32,32,0],"gold":350,"neow_bonus":"RANDOM_COMMON_RELIC","is_prod":false,"is_daily":false,"chose_seed":false,"campfire_upgraded":2,"win_rate":0,"timestamp":1546835734,"path_taken":["M","?","M","M","?","E","R","E","T","E","?","M","E","?","R","BOSS","M","$","M","M","?","E","R","M","T","E","?","?","?","M","R","BOSS"],"build_version":"2019-01-03v4","purchased_purges":1,"victory":false,"max_hp_per_floor":[75,75,75,75,75,75,75,75,75,75,75,75,75,75,75,75,75,75,75,75,75,37,44,44,44,44,44,44,44,44,44,44,44],"card_choices":[{"not_picked":["Hologram","Steam"],"picked":"Coolheaded","floor":1},{"not_picked":["Fusion","Scrape"],"picked":"Barrage","floor":3},{"not_picked":["Fusion","Leap"],"picked":"Compile Driver","floor":4},{"not_picked":["Consume","Reprogram"],"picked":"Cold Snap","floor":6},{"not_picked":["Scrape","Gash"],"picked":"Go for the Eyes","floor":8},{"not_picked":["Fusion","BootSequence"],"picked":"Compile Driver+1","floor":10},{"not_picked":["Gash+1","Chill"],"picked":"Genetic Algorithm","floor":12},{"not_picked":["Streamline+1","Consume"],"picked":"Coolheaded","floor":13},{"not_picked":["Amplify","Multi-Cast"],"picked":"Electrodynamics","floor":16},{"not_picked":["Leap","Ball Lightning+1"],"picked":"Cold Snap+1","floor":18},{"not_picked":["Hello World","Loop"],"picked":"Conserve Battery","floor":20},{"not_picked":["Recycle","Streamline+1"],"picked":"Tempest","floor":21},{"not_picked":["Ball Lightning+1","Streamline+1"],"picked":"Thunder Strike+1","floor":23},{"not_picked":["Coolheaded+1","Gash+1"],"picked":"Rip and Tear+1","floor":25},{"not_picked":["Sweeping Beam+1","Stack+1"],"picked":"Double Energy","floor":27},{"not_picked":["Gash+1","Undo"],"picked":"Redo","floor":29},{"not_picked":["Genetic Algorithm","Redo"],"picked":"Beam Cell+1","floor":31}],"player_experience":333639,"relics_obtained":[{"floor":6,"key":"DataDisk"},{"floor":8,"key":"Ice Cream"},{"floor":9,"key":"Molten Egg 2"},{"floor":10,"key":"Oddly Smooth Stone"},{"floor":13,"key":"Smiling Mask"},{"floor":23,"key":"Strawberry"},{"floor":27,"key":"Du-Vu Doll"},{"floor":30,"key":"Vajra"}],"event_choices":[{"damage_healed":0,"gold_gain":175,"player_choice":"AGREE","damage_taken":0,"max_hp_gain":0,"max_hp_loss":0,"event_name":"Liars Game","floor":2,"gold_loss":0,"cards_obtained":["Doubt"]},{"cards_removed":["Doubt"],"damage_healed":0,"gold_gain":0,"player_choice":"Card Removal","damage_taken":0,"max_hp_gain":0,"max_hp_loss":0,"event_name":"The Cleric","floor":5,"gold_loss":50},{"damage_healed":0,"gold_gain":75,"player_choice":"Gather Gold","damage_taken":11,"max_hp_gain":0,"max_hp_loss":0,"event_name":"World of Goop","floor":11,"gold_loss":0},{"damage_healed":0,"gold_gain":0,"player_choice":"Entered Light","damage_taken":15,"max_hp_gain":0,"max_hp_loss":0,"event_name":"Shining Light","floor":14,"gold_loss":0,"cards_upgraded":["Defend_B","Barrage"]},{"damage_healed":0,"gold_gain":0,"player_choice":"Became a Ghost","damage_taken":0,"max_hp_gain":0,"max_hp_loss":38,"event_name":"Ghosts","floor":22,"gold_loss":0,"cards_obtained":["Ghostly","Ghostly","Ghostly","Ghostly","Ghostly"]},{"cards_removed":["Strike_B"],"damage_healed":0,"gold_gain":0,"player_choice":"Card Removal","damage_taken":0,"max_hp_gain":0,"max_hp_loss":0,"event_name":"Wheel of Change","floor":28,"gold_loss":0}],"is_beta":false,"boss_relics":[{"not_picked":["Eternal Feather","Runic Pyramid"],"picked":"Lizard Tail"}],"items_purged_floors":[19],"is_endless":false,"potions_floor_spawned":[3,6,8,10,21,25,29,31],"killed_by":"Champ","ascension_level":4}