{"gold_per_floor":[111,111,111,111,136,136,154,189,214,229,229,262,285,309,309,309],"floor_reached":16,"playtime":731,"items_purged":[],"score":110,"play_id":"bce111f4-cef7-423c-b6ad-aec1d718d237","local_time":"20181218182849","is_ascension_mode":false,"campfire_choices":[{"data":"Neutralize","floor":6,"key":"SMITH"},{"floor":15,"key":"RECALL"}],"neow_cost":"NONE","seed_source_timestamp":195800595337302,"circlet_count":0,"master_deck":["Defend_G","Defend_G","Defend_G","Defend_G","Defend_G","Strike_G","Strike_G","Strike_G","Strike_G","Survivor","Neutralize+1","Riddle With Holes","Terror","Regret","Dagger Spray"],"relics":["Busted Crown","Bottled Lightning","Golden Idol","Blood Vial","Anchor","Vajra","Juzu Bracelet"],"potions_floor_usage":[12,16,16],"damage_taken":[{"damage":0,"enemies":"Jaw Worm","floor":1,"turns":4},{"damage":0,"enemies":"2 Louse","floor":5,"turns":3},{"damage":0,"enemies":"Small Slimes","floor":7,"turns":4},{"damage":3,"enemies":"Lagavulin","floor":8,"turns":7},{"damage":0,"enemies":"2 Fungi Beasts","floor":10,"turns":3},{"damage":11,"enemies":"3 Sentries","floor":12,"turns":13},{"damage":10,"enemies":"Lots of Slimes","floor":13,"turns":4},{"damage":34,"enemies":"The Guardian","floor":16,"turns":7}],"seed_played":"-8987828087791361767","potions_obtained":[{"floor":1,"key":"FearPotion"},{"floor":7,"key":"Explosive Potion"},{"floor":13,"key":"SteroidPotion"}],"is_trial":false,"path_per_floor":["M","?","T","?","M","R","M","E","T","M","?","E","M","T","R","B"],"character_chosen":"THE_SILENT","items_purchased":[],"campfire_rested":0,"item_purchase_floors":[],"current_hp_per_floor":[70,63,63,46,46,46,46,43,43,45,45,36,28,28,28,0],"gold":309,"neow_bonus":"BOSS_RELIC","is_prod":false,"is_daily":false,"chose_seed":false,"campfire_upgraded":1,"win_rate":0,"timestamp":1545157729,"path_taken":["M","?","?","?","M","R","M","E","T","M","?","E","M","?","R","BOSS"],"build_version":"2018-12-17","purchased_purges":0,"victory":false,"max_hp_per_floor":[70,70,70,70,70,70,70,70,70,70,70,70,70,70,70,70],"card_choices":[{"not_picked":[],"picked":"Riddle With Holes","floor":1},{"not_picked":["Outmaneuver"],"picked":"SKIP","floor":5},{"not_picked":[],"picked":"Terror","floor":7},{"not_picked":["Deflect"],"picked":"SKIP","floor":8},{"not_picked":["Backflip"],"picked":"SKIP","floor":10},{"not_picked":["Terror"],"picked":"SKIP","floor":12},{"not_picked":[],"picked":"Dagger Spray","floor":13}],"player_experience":224138,"relics_obtained":[{"floor":3,"key":"Bottled Lightning"},{"floor":8,"key":"Blood Vial"},{"floor":12,"key":"Vajra"},{"floor":14,"key":"Juzu Bracelet"}],"event_choices":[{"cards_removed":["Strike_G"],"damage_healed":0,"gold_gain":0,"player_choice":"Card Removal","damage_taken":7,"max_hp_gain":0,"max_hp_loss":0,"event_name":"Golden Wing","floor":2,"gold_loss":0},{"damage_healed":0,"gold_gain":0,"player_choice":"Take Damage","damage_taken":17,"relics_obtained":["Golden Idol"],"max_hp_gain":0,"max_hp_loss":0,"event_name":"Golden Idol","floor":4,"gold_loss":0},{"damage_healed":0,"gold_gain":0,"player_choice":"Box","damage_taken":0,"relics_obtained":["Anchor"],"max_hp_gain":0,"max_hp_loss":0,"event_name":"Big Fish","floor":11,"gold_loss":0,"cards_obtained":["Regret"]}],"is_beta":true,"boss_relics":[],"items_purged_floors":[],"is_endless":false,"potions_floor_spawned":[1,7,13],"killed_by":"The Guardian","ascension_level":0}