{"gold_per_floor":[112,112,142,154,186,233,245,320,358,402,489,501,513,543,555,670,682,710,722,510,510,35,35],"floor_reached":23,"playtime":972,"items_purged":[],"score":277,"play_id":"87ad9835-7bd1-4196-b77a-eef803d92020","local_time":"20190210215003","is_ascension_mode":true,"campfire_choices":[{"floor":7,"key":"REST"},{"floor":15,"key":"REST"}],"neow_cost":"NONE","seed_source_timestamp":1227012367499251,"circlet_count":0,"master_deck":["Strike_R","Strike_R","Strike_R","Strike_R","Defend_R","Bash","Wild Strike","Clothesline","Demon Form","Infernal Blade","Armaments","Sword Boomerang","Pommel Strike","Double Tap","Burning Pact+1","Bloodletting+1","Demon Form+1","Cleave","RitualDagger","Shrug It Off","True Grit","Offering"],"relics":["Burning Blood","Juzu Bracelet","MawBank","Regal Pillow","Tiny Chest","The Courier","Potion Belt","Astrolabe","MutagenicStrength","Membership Card","Blood Vial","Happy Flower","Molten Egg 2","Mercury Hourglass"],"potions_floor_usage":[8,10,10,23,23],"damage_taken":[{"damage":14,"enemies":"Small Slimes","floor":1,"turns":5},{"damage":3,"enemies":"2 Louse","floor":3,"turns":2},{"damage":0,"enemies":"Cultist","floor":5,"turns":4},{"damage":33,"enemies":"Gremlin Nob","floor":6,"turns":4},{"damage":46,"enemies":"Lagavulin","floor":8,"turns":6},{"damage":15,"enemies":"3 Sentries","floor":10,"turns":4},{"damage":6,"enemies":"2 Fungi Beasts","floor":14,"turns":3},{"damage":70,"enemies":"The Guardian","floor":16,"turns":9},{"damage":27,"enemies":"Shell Parasite","floor":18,"turns":3},{"damage":39,"enemies":"Book of Stabbing","floor":23,"turns":3}],"seed_played":"-7505927824349731548","potions_obtained":[{"floor":5,"key":"Fire Potion"},{"floor":6,"key":"Fire Potion"},{"floor":8,"key":"SteroidPotion"},{"floor":18,"key":"Weak Potion"}],"is_trial":false,"path_per_floor":["M","?","M","?","M","E","R","E","T","E","?","?","?","M","R","B",null,"M","?","$","?","$","E"],"character_chosen":"IRONCLAD","items_purchased":["Shrug It Off","True Grit","Offering","Fire Potion","Membership Card","Blood Vial","Happy Flower","Molten Egg 2","Mercury Hourglass"],"campfire_rested":2,"item_purchase_floors":[20,20,20,20,22,22,22,22,22],"current_hp_per_floor":[64,61,64,64,70,43,80,40,40,31,20,20,46,46,80,16,64,43,37,37,37,37,0],"gold":35,"neow_bonus":"RANDOM_COMMON_RELIC","is_prod":false,"is_daily":false,"chose_seed":false,"campfire_upgraded":0,"win_rate":0,"timestamp":1549853403,"path_taken":["M","?","M","?","M","E","R","E","T","E","?","?","?","M","R","BOSS","M","?","$","?","$","E"],"build_version":"2019-01-23","purchased_purges":0,"victory":false,"max_hp_per_floor":[80,80,80,80,80,80,80,80,80,80,80,80,80,80,80,80,80,80,80,80,80,80,80],"card_choices":[{"not_picked":["Havoc","Sever Soul"],"picked":"Wild Strike","floor":1},{"not_picked":["Feel No Pain","Seeing Red"],"picked":"Clothesline","floor":3},{"not_picked":["Heavy Blade","Cleave"],"picked":"Demon Form","floor":5},{"not_picked":["Clash","Heavy Blade"],"picked":"Infernal Blade","floor":6},{"not_picked":["Pommel Strike","Warcry"],"picked":"Armaments","floor":8},{"not_picked":["Flex","Headbutt"],"picked":"Sword Boomerang","floor":10},{"not_picked":["Wild Strike","Dual Wield"],"picked":"Pommel Strike","floor":14},{"not_picked":["Juggernaut","Limit Break"],"picked":"Double Tap","floor":16},{"not_picked":["Corruption+1","Warcry+1"],"picked":"Cleave","floor":18}],"player_experience":443650,"relics_obtained":[{"floor":6,"key":"Regal Pillow"},{"floor":8,"key":"Tiny Chest"},{"floor":10,"key":"The Courier"}],"event_choices":[{"damage_healed":0,"gold_gain":0,"player_choice":"Success","damage_taken":3,"relics_obtained":["MawBank"],"max_hp_gain":0,"max_hp_loss":0,"event_name":"Scrap Ooze","floor":2,"gold_loss":0},{"damage_healed":0,"gold_gain":0,"cards_transformed":["Defend_R"],"player_choice":"Transformed","damage_taken":0,"max_hp_gain":0,"max_hp_loss":0,"event_name":"Transmorgrifier","floor":4,"gold_loss":0,"cards_obtained":["Warcry"]},{"damage_healed":0,"gold_gain":75,"player_choice":"Gather Gold","damage_taken":11,"max_hp_gain":0,"max_hp_loss":0,"event_name":"World of Goop","floor":11,"gold_loss":0},{"cards_removed":["Warcry"],"damage_healed":0,"gold_gain":0,"player_choice":"Gave Card","damage_taken":0,"relics_obtained":["Potion Belt"],"max_hp_gain":0,"max_hp_loss":0,"event_name":"WeMeetAgain","floor":12,"gold_loss":0},{"damage_healed":26,"gold_gain":0,"player_choice":"Banana","damage_taken":0,"max_hp_gain":0,"max_hp_loss":0,"event_name":"Big Fish","floor":13,"gold_loss":0},{"damage_healed":0,"gold_gain":0,"player_choice":"Joined the Cult","damage_taken":6,"max_hp_gain":0,"max_hp_loss":0,"event_name":"Nest","floor":19,"gold_loss":0,"cards_obtained":["RitualDagger"]},{"damage_healed":0,"gold_gain":0,"player_choice":"Inject Mutagens","damage_taken":0,"relics_obtained":["MutagenicStrength"],"max_hp_gain":0,"max_hp_loss":0,"event_name":"Drug Dealer","floor":21,"gold_loss":0}],"is_beta":false,"boss_relics":[{"not_picked":["Ectoplasm","Orrery"],"picked":"Astrolabe"}],"items_purged_floors":[],"is_endless":false,"potions_floor_spawned":[5,6,8,18],"killed_by":"Book of Stabbing","ascension_level":7}