{"gold_per_floor":[109,121,139,156,167,167,193,208,208,229,2,37,93,127,127,228,228,262,262,6,42,60,107,137,137,137,209,226,251,466,486],"floor_reached":31,"playtime":3945,"items_purged":[],"score":352,"play_id":"ef453abc-9512-4453-999c-b9cc017c11be","local_time":"20181226223857","is_ascension_mode":true,"campfire_choices":[{"data":"Noxious Fumes","floor":6,"key":"SMITH"},{"floor":15,"key":"REST"},{"floor":25,"key":"REST"}],"neow_cost":"NONE","seed_source_timestamp":535939724644161,"circlet_count":0,"master_deck":["Defend_G","Defend_G","Defend_G","Defend_G","Defend_G","Strike_G+1","Strike_G","Strike_G","Strike_G","Strike_G","Survivor","Neutralize","Noxious Fumes+1","Well Laid Plans","Poisoned Stab+1","Venomology","Backstab","Prepared","Prepared","Infinite Blades","HandOfGreed","Caltrops","Tactician","PiercingWail","Quick Slash","Glass Knife","Deadly Poison","Footwork","HandOfGreed","Bane","Blade Dance","Bane","PiercingWail","Dash+1","Quick Slash+1","Phantasmal Killer"],"relics":["Ring of the Snake","NeowsBlessing","Blood Vial","Odd Mushroom","Oddly Smooth Stone","Busted Crown","Whetstone","Tough Bandages","Ginger","Pen Nib","Old Coin"],"potions_floor_usage":[4,7,10,10,10,12,12,14,14,16,16,16,18,18,18,21,21,23,23,23,24,24,27,27,28,29,31],"damage_taken":[{"damage":0,"enemies":"Small Slimes","floor":1,"turns":1},{"damage":0,"enemies":"Jaw Worm","floor":2,"turns":1},{"damage":0,"enemies":"2 Louse","floor":3,"turns":1},{"damage":10,"enemies":"Exordium Wildlife","floor":4,"turns":6},{"damage":16,"enemies":"Lots of Slimes","floor":5,"turns":6},{"damage":13,"enemies":"3 Sentries","floor":7,"turns":6},{"damage":2,"enemies":"3 Louse","floor":8,"turns":4},{"damage":1,"enemies":"The Mushroom Lair","floor":10,"turns":6},{"damage":0,"enemies":"Blue Slaver","floor":12,"turns":4},{"damage":8,"enemies":"Lots of Slimes","floor":13,"turns":5},{"damage":10,"enemies":"Gremlin Nob","floor":14,"turns":3},{"damage":34,"enemies":"The Guardian","floor":16,"turns":9},{"damage":5,"enemies":"3 Byrds","floor":18,"turns":4},{"damage":2,"enemies":"Spheric Guardian","floor":21,"turns":4},{"damage":0,"enemies":"Snake Plant","floor":22,"turns":3},{"damage":16,"enemies":"Book of Stabbing","floor":23,"turns":5},{"damage":16,"enemies":"3 Cultists","floor":24,"turns":6},{"damage":13,"enemies":"Slavers","floor":27,"turns":6},{"damage":11,"enemies":"Shelled Parasite and Fungi","floor":28,"turns":4},{"damage":13,"enemies":"Book of Stabbing","floor":29,"turns":6},{"damage":20,"enemies":"Slavers","floor":31,"turns":4}],"seed_played":"-6687440294695788385","potions_obtained":[{"floor":1,"key":"PowerPotion"},{"floor":3,"key":"SteroidPotion"},{"floor":7,"key":"Block Potion"},{"floor":10,"key":"Block Potion"},{"floor":14,"key":"LiquidBronze"},{"floor":16,"key":"EntropicBrew"},{"floor":18,"key":"SkillPotion"},{"floor":23,"key":"EssenceOfSteel"},{"floor":24,"key":"AttackPotion"},{"floor":27,"key":"SteroidPotion"}],"is_trial":false,"path_per_floor":["M","M","M","M","M","R","E","M","T","?","$","M","M","E","R","B",null,"M","?","$","M","M","E","M","R","T","E","M","E","?","E"],"character_chosen":"THE_SILENT","items_purchased":["HandOfGreed","Caltrops","Footwork","HandOfGreed"],"campfire_rested":2,"item_purchase_floors":[11,11,20,20],"current_hp_per_floor":[70,70,70,60,44,44,31,31,31,32,32,34,28,20,41,9,70,65,52,52,52,54,40,26,48,48,37,28,17,17,0],"gold":486,"neow_bonus":"THREE_ENEMY_KILL","is_prod":false,"is_daily":false,"chose_seed":false,"campfire_upgraded":1,"win_rate":0,"timestamp":1545881937,"path_taken":["M","M","M","M","M","R","E","M","T","?","$","M","M","E","R","BOSS","M","?","$","M","M","E","M","R","T","E","M","E","?","E"],"build_version":"2018-12-20","purchased_purges":0,"victory":false,"max_hp_per_floor":[70,70,70,70,70,70,70,70,70,70,70,70,70,70,70,70,70,70,75,75,75,75,75,75,75,75,75,75,75,75,75],"card_choices":[{"not_picked":["Escape Plan","Leg Sweep"],"picked":"Noxious Fumes","floor":1},{"not_picked":["Heel Hook","Acrobatics"],"picked":"Well Laid Plans","floor":2},{"not_picked":["Sucker Punch","Masterful Stab"],"picked":"Poisoned Stab","floor":3},{"not_picked":["Blur","Bane"],"picked":"Venomology","floor":4},{"not_picked":["Distraction","Expertise"],"picked":"Backstab","floor":5},{"not_picked":["Doppelganger","Outmaneuver"],"picked":"Prepared","floor":7},{"not_picked":["Setup","Blade Dance"],"picked":"Prepared","floor":8},{"not_picked":["Bane","Masterful Stab"],"picked":"Infinite Blades","floor":10},{"not_picked":["Noxious Fumes","Sucker Punch"],"picked":"Tactician","floor":12},{"not_picked":["Poisoned Stab","Predator"],"picked":"PiercingWail","floor":13},{"not_picked":["Venomology","Caltrops"],"picked":"Quick Slash","floor":14},{"not_picked":["Doppelganger","Phantasmal Killer"],"picked":"Glass Knife","floor":16},{"not_picked":[],"picked":"Deadly Poison","floor":18},{"not_picked":[],"picked":"Bane","floor":21},{"not_picked":[],"picked":"Blade Dance","floor":22},{"not_picked":[],"picked":"Bane","floor":23},{"not_picked":[],"picked":"PiercingWail","floor":24},{"not_picked":[],"picked":"Dash+1","floor":27},{"not_picked":[],"picked":"Quick Slash+1","floor":28},{"not_picked":[],"picked":"Phantasmal Killer","floor":29}],"player_experience":186390,"relics_obtained":[{"floor":7,"key":"Blood Vial"},{"floor":10,"key":"Odd Mushroom"},{"floor":14,"key":"Oddly Smooth Stone"},{"floor":23,"key":"Whetstone"},{"floor":26,"key":"Tough Bandages"},{"floor":27,"key":"Ginger"},{"floor":29,"key":"Pen Nib"}],"event_choices":[{"damage_healed":0,"gold_gain":0,"player_choice":"Fought Mushrooms","damage_taken":0,"max_hp_gain":0,"max_hp_loss":0,"event_name":"Mushrooms","floor":10,"gold_loss":0},{"damage_healed":0,"gold_gain":0,"player_choice":"Shed Blood","damage_taken":18,"max_hp_gain":5,"max_hp_loss":0,"event_name":"Forgotten Altar","floor":19,"gold_loss":0},{"damage_healed":0,"gold_gain":0,"player_choice":"Obtained Relic","damage_taken":0,"relics_obtained":["Old Coin"],"max_hp_gain":0,"max_hp_loss":0,"event_name":"Addict","floor":30,"gold_loss":85}],"is_beta":false,"boss_relics":[{"not_picked":["Empty Cage","Runic Pyramid"],"picked":"Busted Crown"}],"items_purged_floors":[],"is_endless":false,"potions_floor_spawned":[1,3,7,10,14,16,18,23,24,27],"killed_by":"Slavers","ascension_level":1}