{"gold_per_floor":[116,39,53,328,342,370,370,380,407,417,442,452,55,55],"floor_reached":14,"playtime":520,"items_purged":[],"score":133,"play_id":"bbf7a45b-ce61-4eca-a557-90dcf9a76c7a","local_time":"20190211215459","is_ascension_mode":true,"campfire_choices":[{"data":"Defragment","floor":7,"key":"SMITH"}],"neow_cost":"NONE","seed_source_timestamp":21682673990062,"circlet_count":0,"master_deck":["Strike_B","Strike_B","Strike_B","Strike_B","Defend_B","Defend_B","Defend_B","Defend_B","Zap","Dualcast","Defragment","Defragment+1","Cold Snap","Regret","Auto Shields","Steam","Hologram","Beam Cell","Cold Snap","Defragment","White Noise","Capacitor"],"relics":["Cracked Core","NeowsBlessing","Bag of Preparation","Omamori","Bird Faced Urn"],"potions_floor_usage":[6,11],"damage_taken":[{"damage":0,"enemies":"Cultist","floor":1,"turns":1},{"damage":0,"enemies":"Jaw Worm","floor":3,"turns":1},{"damage":0,"enemies":"2 Louse","floor":5,"turns":1},{"damage":15,"enemies":"3 Sentries","floor":6,"turns":9},{"damage":8,"enemies":"Looter","floor":8,"turns":4},{"damage":3,"enemies":"3 Louse","floor":10,"turns":3},{"damage":23,"enemies":"Gremlin Nob","floor":11,"turns":4},{"damage":10,"enemies":"Exordium Wildlife","floor":12,"turns":5},{"damage":13,"enemies":"Red Slaver","floor":14,"turns":1}],"seed_played":"1752072994149692957","potions_obtained":[{"floor":1,"key":"Block Potion"},{"floor":3,"key":"Swift Potion"},{"floor":8,"key":"Dexterity Potion"},{"floor":10,"key":"SteroidPotion"},{"floor":12,"key":"Ancient Potion"}],"is_trial":false,"path_per_floor":["M","$","M","?","M","E","R","M","T","M","E","M","$","M"],"character_chosen":"DEFECT","items_purchased":["Defragment","White Noise","Bird Faced Urn","Capacitor"],"campfire_rested":0,"item_purchase_floors":[2,13,13,13],"current_hp_per_floor":[68,68,68,68,68,53,53,45,45,42,19,9,9,0],"gold":55,"neow_bonus":"THREE_ENEMY_KILL","is_prod":false,"is_daily":false,"chose_seed":false,"campfire_upgraded":1,"win_rate":0,"timestamp":1549940099,"path_taken":["M","$","?","?","M","E","R","M","T","M","E","M","?","M"],"build_version":"2019-01-23","purchased_purges":0,"victory":false,"max_hp_per_floor":[75,75,75,75,75,75,75,75,75,75,75,75,75,75],"card_choices":[{"not_picked":["Ball Lightning","FTL"],"picked":"Defragment","floor":1},{"not_picked":["Turbo","Chaos"],"picked":"Cold Snap","floor":3},{"not_picked":["Go for the Eyes","Gash"],"picked":"Auto Shields","floor":5},{"not_picked":["Beam Cell","Doom and Gloom"],"picked":"Steam","floor":6},{"not_picked":["Redo","All For One"],"picked":"Hologram","floor":8},{"not_picked":["Barrage","Compile Driver"],"picked":"Beam Cell","floor":10},{"not_picked":["Undo","Consume"],"picked":"Cold Snap","floor":11},{"not_picked":["Gash","Sunder"],"picked":"Defragment","floor":12}],"player_experience":458640,"relics_obtained":[{"floor":6,"key":"Bag of Preparation"},{"floor":11,"key":"Omamori"}],"event_choices":[{"damage_healed":0,"gold_gain":275,"player_choice":"Desecrate","damage_taken":0,"max_hp_gain":0,"max_hp_loss":0,"event_name":"Golden Shrine","floor":4,"gold_loss":0,"cards_obtained":["Regret"]}],"is_beta":false,"boss_relics":[],"items_purged_floors":[],"is_endless":false,"potions_floor_spawned":[1,3,8,10,12],"killed_by":"Red Slaver","ascension_level":6}