{"gold_per_floor":[112,37,37,37,15,15,43,43,67,80,96,16,43,60,60,164,164,184,203,215,45,60,60],"floor_reached":23,"playtime":1266,"items_purged":["Defend_R","Regret"],"score":330,"play_id":"6e321abf-14a7-4d63-8aff-32122b362fe8","local_time":"20190907105223","is_ascension_mode":true,"campfire_choices":[{"floor":6,"key":"REST"},{"data":"Flex","floor":8,"key":"SMITH"},{"floor":15,"key":"DIG"}],"neow_cost":"NONE","seed_source_timestamp":63140681646200,"circlet_count":0,"master_deck":["Strike_R","Strike_R","Strike_R","Strike_R","Strike_R","Defend_R","Defend_R","Defend_R","Bash","Sever Soul","Anger","Flex+1","Reaper","Carnage","Inflame","Pommel Strike","Iron Wave","Offering","Doubt","Clumsy","Headbutt","Shockwave+1","Twin Strike","Flex+1","Seeing Red+1","Battle Trance","Clash","Infernal Blade"],"relics":["Burning Blood","NeowsBlessing","Regal Pillow","Darkstone Periapt","Shovel","Oddly Smooth Stone","Calling Bell","Potion Belt","Gremlin Horn","Prayer Wheel"],"potions_floor_usage":[14,16,20],"damage_taken":[{"damage":0,"enemies":"Cultist","floor":1,"turns":1},{"damage":0,"enemies":"3 Sentries","floor":7,"turns":1},{"damage":0,"enemies":"Small Slimes","floor":10,"turns":1},{"damage":12,"enemies":"Jaw Worm","floor":11,"turns":2},{"damage":40,"enemies":"Lagavulin","floor":13,"turns":5},{"damage":12,"enemies":"Lots of Slimes","floor":14,"turns":2},{"damage":48,"enemies":"Hexaghost","floor":16,"turns":8},{"damage":42,"enemies":"2 Thieves","floor":18,"turns":4},{"damage":31,"enemies":"3 Byrds","floor":19,"turns":6},{"damage":32,"enemies":"Cultist and Chosen","floor":20,"turns":6},{"damage":42,"enemies":"3 Cultists","floor":22,"turns":5},{"damage":30,"enemies":"Gremlin Leader","floor":23,"turns":2}],"seed_played":"-7430435656523243223","potions_obtained":[{"floor":1,"key":"AttackPotion"},{"floor":7,"key":"Ancient Potion"},{"floor":19,"key":"Swift Potion"}],"is_trial":false,"path_per_floor":["M","$","?","?","$","R","E","R","T","M","M","$","E","M","R","B",null,"M","M","M","$","M","E"],"character_chosen":"IRONCLAD","items_purchased":["Anger","Inflame","Battle Trance"],"campfire_rested":1,"item_purchase_floors":[5,12,21],"current_hp_per_floor":[78,78,45,45,45,80,80,80,80,80,80,80,55,49,49,17,82,55,40,30,30,18,0],"gold":60,"neow_bonus":"THREE_ENEMY_KILL","is_prod":false,"is_daily":false,"chose_seed":false,"campfire_upgraded":1,"win_rate":0,"timestamp":1567867943,"path_taken":["M","$","?","?","$","R","E","R","T","M","M","$","E","M","R","BOSS","M","?","M","$","M","E"],"build_version":"2019-07-17","purchased_purges":2,"victory":false,"max_hp_per_floor":[80,80,80,80,80,80,80,80,80,80,80,80,80,80,80,80,98,98,98,98,98,98,98],"card_choices":[{"not_picked":["Spot Weakness","Intimidate"],"picked":"Sever Soul","floor":1},{"not_picked":["Clash","Perfected Strike"],"picked":"Flex","floor":7},{"not_picked":["Cleave","Armaments"],"picked":"Reaper","floor":10},{"not_picked":["Body Slam","Pommel Strike"],"picked":"Carnage","floor":11},{"not_picked":["Thunderclap","Metallicize"],"picked":"Pommel Strike","floor":13},{"not_picked":["Corruption","Shrug It Off"],"picked":"Iron Wave","floor":14},{"not_picked":["Immolate","Fiend Fire"],"picked":"Offering","floor":16},{"not_picked":["Clothesline","Hemokinesis"],"picked":"Headbutt","floor":18},{"not_picked":["Feel No Pain+1","Rupture+1"],"picked":"Shockwave+1","floor":18},{"not_picked":["Clash","Reckless Charge"],"picked":"Twin Strike","floor":19},{"not_picked":["Iron Wave+1","Disarm"],"picked":"Flex+1","floor":19},{"not_picked":["Body Slam","Entrench+1"],"picked":"Seeing Red+1","floor":20},{"not_picked":["Power Through+1","Perfected Strike","Burning Pact+1"],"picked":"SKIP","floor":20},{"not_picked":["Headbutt","Anger"],"picked":"Clash","floor":22},{"not_picked":["Intimidate","Cleave"],"picked":"Infernal Blade","floor":22}],"player_experience":484771,"relics_obtained":[{"floor":7,"key":"Darkstone Periapt"},{"floor":13,"key":"Shovel"},{"floor":15,"key":"Oddly Smooth Stone"},{"floor":17,"key":"Potion Belt"},{"floor":17,"key":"Gremlin Horn"},{"floor":17,"key":"Prayer Wheel"}],"event_choices":[{"damage_healed":0,"gold_gain":0,"player_choice":"Success","damage_taken":33,"relics_obtained":["Regal Pillow"],"max_hp_gain":0,"max_hp_loss":0,"event_name":"Scrap Ooze","floor":3,"gold_loss":0},{"damage_healed":0,"gold_gain":0,"player_choice":"0 cards matched","damage_taken":0,"max_hp_gain":0,"max_hp_loss":0,"event_name":"Match and Keep!","floor":4,"gold_loss":0,"cards_obtained":[]}],"is_beta":false,"boss_relics":[{"not_picked":["Mark of Pain","Runic Pyramid"],"picked":"Calling Bell"}],"items_purged_floors":[2,21],"is_endless":false,"potions_floor_spawned":[1,7,19],"killed_by":"Gremlin Leader","ascension_level":7}