{"gold_per_floor":[115,129,129,139,150,177,177,206,229,184,210,210,226,237,237,335,335,335,335,335,87,87,87,87,87,87,87,87,87,87,87,87,87,87,87,87,87,87,87,87,87,87,87,87,87,87,87,87,87,87,87,87,9,9,9],"floor_reached":55,"playtime":4966,"items_purged":["Defend_R"],"score":1163,"play_id":"a095ddfc-635d-4635-a09e-188b5ff229a8","local_time":"20181228130716","is_ascension_mode":true,"campfire_choices":[{"data":"Metallicize","floor":7,"key":"SMITH"},{"data":"Metallicize","floor":15,"key":"SMITH"},{"data":"Spot Weakness","floor":29,"key":"SMITH"},{"data":"Flex","floor":32,"key":"SMITH"},{"floor":44,"key":"RECALL"},{"data":"Mayhem","floor":47,"key":"SMITH"},{"data":"Seeing Red","floor":49,"key":"SMITH"},{"data":"Perfected Strike","floor":52,"key":"SMITH"}],"neow_cost":"NONE","seed_source_timestamp":673421441839264,"circlet_count":0,"master_deck":["Strike_R","Strike_R","Strike_R","Strike_R","Strike_R","Defend_R","Bash","Battle Trance","Headbutt","Clash","Ghostly Armor","Metallicize+1","Metallicize+1","Ghostly Armor","Twin Strike","Flex+1","Cleave","Pommel Strike","Feed","Infernal Blade+1","Ghostly","Ghostly","Ghostly","Ghostly","Ghostly","Perfected Strike+1","Panache","Spot Weakness+1","Offering","Anger+1","Battle Trance+1","Inflame","Whirlwind","Sword Boomerang","Impervious","Shrug It Off+1","Warcry+1","Sword Boomerang","Twin Strike","Pummel+1","Perfected Strike+1","Flame Barrier+1","Demon Form","Discovery","Mayhem+1","Secret Weapon","Spot Weakness+1","Headbutt+1","Inflame","Seeing Red+1","Warcry","Pommel Strike+1"],"relics":["Burning Blood","NeowsBlessing","Peace Pipe","Happy Flower","Centennial Puzzle","Ectoplasm","FossilizedHelix","Ginger","Meat on the Bone","Bag of Marbles","Red Mask","Paper Frog","Orrery","Pantograph","Red Skull","The Courier","Nunchaku"],"potions_floor_usage":[11,14,16,18,30,45,45,45,55],"damage_taken":[{"damage":0,"enemies":"Small Slimes","floor":1,"turns":1},{"damage":0,"enemies":"Cultist","floor":2,"turns":1},{"damage":0,"enemies":"2 Louse","floor":4,"turns":1},{"damage":3,"enemies":"Blue Slaver","floor":5,"turns":3},{"damage":18,"enemies":"Gremlin Nob","floor":6,"turns":4},{"damage":17,"enemies":"3 Sentries","floor":8,"turns":12},{"damage":24,"enemies":"Lagavulin","floor":11,"turns":6},{"damage":6,"enemies":"Red Slaver","floor":13,"turns":4},{"damage":0,"enemies":"2 Fungi Beasts","floor":14,"turns":2},{"damage":18,"enemies":"The Guardian","floor":16,"turns":10},{"damage":2,"enemies":"3 Byrds","floor":18,"turns":4},{"damage":0,"enemies":"Spheric Guardian","floor":20,"turns":4},{"damage":0,"enemies":"Centurion and Healer","floor":22,"turns":6},{"damage":0,"enemies":"Book of Stabbing","floor":23,"turns":7},{"damage":0,"enemies":"Snake Plant","floor":24,"turns":3},{"damage":10,"enemies":"Slavers","floor":25,"turns":5},{"damage":9,"enemies":"Book of Stabbing","floor":27,"turns":6},{"damage":1,"enemies":"Shelled Parasite and Fungi","floor":28,"turns":5},{"damage":0,"enemies":"Masked Bandits","floor":30,"turns":4},{"damage":0,"enemies":"Gremlin Leader","floor":31,"turns":5},{"damage":0,"enemies":"Champ","floor":33,"turns":8},{"damage":0,"enemies":"Orb Walker","floor":35,"turns":3},{"damage":0,"enemies":"3 Darklings","floor":36,"turns":4},{"damage":0,"enemies":"Writhing Mass","floor":37,"turns":5},{"damage":22,"enemies":"4 Shapes","floor":39,"turns":3},{"damage":3,"enemies":"Nemesis","floor":40,"turns":5},{"damage":6,"enemies":"Jaw Worm Horde","floor":42,"turns":3},{"damage":22,"enemies":"Reptomancer","floor":45,"turns":6},{"damage":51,"enemies":"Donu and Deca","floor":50,"turns":8},{"damage":5,"enemies":"Shield and Spear","floor":54,"turns":7},{"damage":52,"enemies":"The Heart","floor":55,"turns":3}],"seed_played":"5228029647176553413","potions_obtained":[{"floor":5,"key":"SkillPotion"},{"floor":6,"key":"FearPotion"},{"floor":8,"key":"Explosive Potion"},{"floor":13,"key":"Explosive Potion"},{"floor":16,"key":"Dexterity Potion"},{"floor":18,"key":"Fire Potion"},{"floor":22,"key":"Regen Potion"},{"floor":33,"key":"LiquidBronze"},{"floor":45,"key":"SpeedPotion"}],"is_trial":false,"path_per_floor":["M","M","?","M","M","E","R","E","T","$","E","?","M","M","R","B",null,"M","?","M","$","M","E","M","E","T","E","M","R","?","E","R","B",null,"M","M","M","?","M","E","?","M","T","R","E","?","R","?","R","B",null,"R","$","E","B"],"character_chosen":"IRONCLAD","items_purchased":["Twin Strike","Panache","Warcry","AttackPotion"],"campfire_rested":0,"item_purchase_floors":[10,21,53,53],"current_hp_per_floor":[80,80,80,80,80,68,68,57,57,57,39,32,32,38,38,26,80,80,40,43,43,46,46,46,45,45,42,47,47,52,55,55,55,55,55,55,55,45,41,44,44,44,44,44,42,42,42,42,42,19,52,52,52,52,0],"gold":9,"neow_bonus":"THREE_ENEMY_KILL","is_prod":false,"is_daily":false,"chose_seed":false,"campfire_upgraded":7,"win_rate":0,"timestamp":1546020436,"path_taken":["M","M","?","M","?","E","R","E","T","?","E","?","M","M","R","BOSS","M","?","M","$","M","E","M","E","T","E","M","R","?","E","R","BOSS","M","M","M","?","M","E","?","?","T","R","E","?","R","?","R","BOSS","R","$","E","BOSS"],"build_version":"2018-12-20","purchased_purges":1,"victory":false,"max_hp_per_floor":[80,80,80,80,80,80,80,80,80,80,80,80,80,80,80,80,80,80,40,43,43,46,46,46,49,49,49,49,49,52,55,55,55,55,55,55,55,55,55,55,55,55,55,55,55,52,52,52,52,52,52,52,52,52,52],"card_choices":[{"not_picked":["Anger","Armaments"],"picked":"Battle Trance","floor":1},{"not_picked":["Iron Wave","Warcry"],"picked":"Headbutt","floor":2},{"not_picked":["Power Through","Headbutt"],"picked":"Ghostly Armor","floor":4},{"not_picked":["Pommel Strike","Cleave"],"picked":"Metallicize","floor":5},{"not_picked":["Pommel Strike","Disarm"],"picked":"Metallicize","floor":6},{"not_picked":["Warcry","Thunderclap"],"picked":"Ghostly Armor","floor":8},{"not_picked":["Havoc","Double Tap"],"picked":"Flex","floor":11},{"not_picked":["Warcry","Combust"],"picked":"Cleave","floor":13},{"not_picked":["Evolve","Body Slam"],"picked":"Pommel Strike","floor":14},{"not_picked":["Exhume","Impervious"],"picked":"Feed","floor":16},{"not_picked":["Wild Strike","Iron Wave"],"picked":"Infernal Blade+1","floor":18},{"not_picked":["Wild Strike","Warcry"],"picked":"Perfected Strike","floor":20},{"not_picked":["Anger","Thunderclap+1"],"picked":"Spot Weakness","floor":22},{"not_picked":["Iron Wave","Disarm"],"picked":"Offering","floor":23},{"not_picked":["Headbutt","Iron Wave"],"picked":"Anger+1","floor":24},{"not_picked":["Headbutt+1","Blood for Blood+1"],"picked":"Battle Trance+1","floor":25},{"not_picked":["Combust","Hemokinesis"],"picked":"Inflame","floor":27},{"not_picked":["Wild Strike","Armaments"],"picked":"Cleave","floor":28},{"not_picked":["Evolve+1","Havoc"],"picked":"Whirlwind","floor":30},{"not_picked":["Armaments","Cleave"],"picked":"Sword Boomerang","floor":31},{"not_picked":["Feed","Berserk"],"picked":"Impervious","floor":33},{"not_picked":["Searing Blow+1","Dual Wield"],"picked":"Shrug It Off+1","floor":34},{"not_picked":["Rage","Shockwave"],"picked":"Warcry+1","floor":34},{"not_picked":["Havoc","Headbutt"],"picked":"Sword Boomerang","floor":34},{"not_picked":["Clothesline","Sword Boomerang"],"picked":"Twin Strike","floor":34},{"not_picked":["Thunderclap+1","Wild Strike+1"],"picked":"Pummel+1","floor":34},{"not_picked":["Rampage+1","Whirlwind+1"],"picked":"Perfected Strike+1","floor":35},{"not_picked":["Clothesline","Iron Wave+1"],"picked":"Flame Barrier+1","floor":36},{"not_picked":["Sever Soul+1","Flex+1"],"picked":"Demon Form","floor":37},{"not_picked":["Enlightenment","Purity"],"picked":"Discovery","floor":38},{"not_picked":["Flash of Steel","Magnetism"],"picked":"Mayhem","floor":38},{"not_picked":["Panacea","Jack Of All Trades"],"picked":"Secret Weapon","floor":38},{"not_picked":["Evolve","Heavy Blade"],"picked":"Spot Weakness+1","floor":39},{"not_picked":["Power Through","Sword Boomerang"],"picked":"Headbutt+1","floor":40},{"not_picked":["Clothesline","Warcry"],"picked":"Inflame","floor":42},{"not_picked":["Rampage","True Grit+1"],"picked":"Seeing Red","floor":45},{"not_picked":["Headbutt+1","Battle Trance"],"picked":"Pommel Strike+1","floor":54}],"player_experience":235044,"relics_obtained":[{"floor":6,"key":"Peace Pipe"},{"floor":8,"key":"Happy Flower"},{"floor":11,"key":"Centennial Puzzle"},{"floor":23,"key":"FossilizedHelix"},{"floor":25,"key":"Ginger"},{"floor":26,"key":"Meat on the Bone"},{"floor":27,"key":"Bag of Marbles"},{"floor":30,"key":"Red Mask"},{"floor":31,"key":"Paper Frog"},{"floor":40,"key":"Pantograph"},{"floor":43,"key":"Red Skull"},{"floor":45,"key":"The Courier"},{"floor":54,"key":"Nunchaku"}],"event_choices":[{"damage_healed":0,"gold_gain":0,"cards_transformed":["Defend_R"],"player_choice":"Transformed","damage_taken":0,"max_hp_gain":0,"max_hp_loss":0,"event_name":"Transmorgrifier","floor":3,"gold_loss":0,"cards_obtained":["Clash"]},{"cards_removed":["Defend_R"],"damage_healed":0,"gold_gain":0,"player_choice":"Card Removal","damage_taken":7,"max_hp_gain":0,"max_hp_loss":0,"event_name":"Golden Wing","floor":12,"gold_loss":0},{"damage_healed":0,"gold_gain":0,"player_choice":"Became a Ghost","damage_taken":0,"max_hp_gain":0,"max_hp_loss":40,"event_name":"Ghosts","floor":19,"gold_loss":0,"cards_obtained":["Ghostly","Ghostly","Ghostly","Ghostly","Ghostly"]},{"damage_healed":0,"gold_gain":0,"player_choice":"Fought Bandits","damage_taken":0,"max_hp_gain":0,"max_hp_loss":0,"event_name":"Masked Bandits","floor":30,"gold_loss":0},{"damage_healed":0,"gold_gain":0,"player_choice":"Memory 3","damage_taken":10,"max_hp_gain":0,"max_hp_loss":0,"event_name":"SensoryStone","floor":38,"gold_loss":0},{"damage_healed":0,"gold_gain":0,"player_choice":"Ignored","damage_taken":0,"max_hp_gain":0,"max_hp_loss":0,"event_name":"SecretPortal","floor":41,"gold_loss":0},{"damage_healed":0,"gold_gain":0,"player_choice":"Max HP","damage_taken":0,"max_hp_gain":0,"max_hp_loss":3,"event_name":"Winding Halls","floor":46,"gold_loss":0},{"cards_removed":["Cleave"],"damage_healed":0,"gold_gain":0,"player_choice":"Removed Attack","damage_taken":0,"max_hp_gain":0,"max_hp_loss":0,"event_name":"Falling","floor":48,"gold_loss":0}],"is_beta":false,"boss_relics":[{"not_picked":["Philosopher\u0027s Stone","Eternal Feather"],"picked":"Ectoplasm"},{"not_picked":["Velvet Choker","Empty Cage"],"picked":"Orrery"}],"items_purged_floors":[21],"is_endless":false,"potions_floor_spawned":[5,6,8,13,16,18,22,24,28,33,36,45],"killed_by":"The Heart","ascension_level":4}