{"gold_per_floor":[15,25,25,39,214,214,139,139,166,197,109,134,134,164,164,164],"floor_reached":16,"playtime":557,"items_purged":["Doubt","Defend_R"],"score":162,"play_id":"298e53e4-5b84-43a3-9b61-edcc5349ac9c","local_time":"20191001153549","is_ascension_mode":true,"campfire_choices":[{"data":"Havoc","floor":6,"key":"SMITH"},{"data":"Clothesline","floor":8,"key":"SMITH"},{"data":"Clash","floor":13,"key":"SMITH"},{"data":"Brutality","floor":15,"key":"SMITH"}],"neow_cost":"NO_GOLD","seed_source_timestamp":1049829531112000,"circlet_count":0,"master_deck":["AscendersBane","Strike_R","Strike_R","Strike_R","Strike_R","Strike_R","Defend_R","Defend_R","Bash","Bandage Up","Dramatic Entrance","Clash+1","Havoc+1","Clothesline+1","Anger","Pummel","Brutality+1"],"relics":["Burning Blood","MawBank","Blue Candle","Bird Faced Urn"],"potions_floor_usage":[16],"damage_taken":[{"damage":3,"enemies":"Jaw Worm","floor":1,"turns":5},{"damage":6,"enemies":"2 Louse","floor":2,"turns":3},{"damage":0,"enemies":"Small Slimes","floor":4,"turns":2},{"damage":1,"enemies":"Exordium Wildlife","floor":10,"turns":3},{"damage":30,"enemies":"3 Sentries","floor":12,"turns":5},{"damage":16,"enemies":"Gremlin Nob","floor":14,"turns":3},{"damage":67,"enemies":"The Guardian","floor":16,"turns":8}],"seed_played":"8256293337423917126","potions_obtained":[{"floor":1,"key":"Energy Potion"},{"floor":10,"key":"Regen Potion"}],"is_trial":false,"path_per_floor":["M","M","?","M","?","R","$","R","T","M","$","E","R","E","R","B"],"character_chosen":"IRONCLAD","items_purchased":[],"campfire_rested":0,"item_purchase_floors":[],"current_hp_per_floor":[79,80,80,80,80,80,80,80,80,80,80,56,56,46,46,0],"gold":164,"neow_bonus":"RANDOM_COLORLESS_2","is_prod":false,"is_daily":false,"chose_seed":false,"campfire_upgraded":4,"win_rate":0,"timestamp":1569940549,"path_taken":["M","M","?","M","?","R","$","R","T","M","$","E","R","E","R","BOSS"],"build_version":"2019-07-17","purchased_purges":2,"victory":false,"max_hp_per_floor":[80,80,80,80,80,80,80,80,80,80,80,80,80,80,80,80],"card_choices":[{"not_picked":["Wild Strike","Sword Boomerang"],"picked":"Clash","floor":1},{"not_picked":["Thunderclap","Heavy Blade"],"picked":"Havoc","floor":2},{"not_picked":["Pommel Strike","Heavy Blade"],"picked":"Clothesline","floor":4},{"not_picked":["Clothesline","Flex"],"picked":"Anger","floor":10},{"not_picked":["Heavy Blade","Spot Weakness"],"picked":"Pummel","floor":12},{"not_picked":["Carnage","Havoc"],"picked":"Brutality","floor":14}],"player_experience":222478,"relics_obtained":[{"floor":9,"key":"MawBank"},{"floor":12,"key":"Blue Candle"},{"floor":14,"key":"Bird Faced Urn"}],"event_choices":[{"cards_removed":["Defend_R"],"damage_healed":0,"gold_gain":0,"player_choice":"Forget","damage_taken":0,"max_hp_gain":0,"max_hp_loss":0,"event_name":"Living Wall","floor":3,"gold_loss":0},{"damage_healed":0,"gold_gain":175,"player_choice":"AGREE","damage_taken":0,"max_hp_gain":0,"max_hp_loss":0,"event_name":"Liars Game","floor":5,"gold_loss":0,"cards_obtained":["Doubt"]}],"is_beta":false,"boss_relics":[],"items_purged_floors":[7,11],"is_endless":false,"potions_floor_spawned":[1,10],"killed_by":"The Guardian","ascension_level":10}