{"gold_per_floor":[118,131,131,131,41,81,81,117,144,63,63,99,99,122,122,122],"floor_reached":16,"playtime":619,"items_purged":[],"score":168,"play_id":"6afbef35-c3bc-4fd7-af7e-203e6b8df245","local_time":"20190911100748","is_ascension_mode":true,"campfire_choices":[{"data":"Flash of Steel","floor":7,"key":"SMITH"},{"floor":11,"key":"REST"},{"floor":13,"key":"REST"},{"data":"Armaments","floor":15,"key":"SMITH"}],"neow_cost":"NONE","seed_source_timestamp":406715140263700,"circlet_count":0,"master_deck":["Strike_R","Strike_R","Strike_R+1","Strike_R","Strike_R","Defend_R","Defend_R","Defend_R","Defend_R","Bash+1","Shrug It Off","Twin Strike","Flash of Steel+1","Thunderclap","Iron Wave","Flame Barrier","Armaments+1","Pommel Strike","Flame Barrier"],"relics":["Burning Blood","Golden Idol","Boot","The Courier","Whetstone","Turnip"],"potions_floor_usage":[6],"damage_taken":[{"damage":12,"enemies":"Small Slimes","floor":1,"turns":4},{"damage":6,"enemies":"Jaw Worm","floor":2,"turns":4},{"damage":12,"enemies":"3 Sentries","floor":6,"turns":8},{"damage":55,"enemies":"Lagavulin","floor":8,"turns":7},{"damage":32,"enemies":"Gremlin Nob","floor":12,"turns":5},{"damage":1,"enemies":"Cultist","floor":14,"turns":3},{"damage":61,"enemies":"Slime Boss","floor":16,"turns":9}],"seed_played":"4993183214411832625","potions_obtained":[{"floor":1,"key":"Explosive Potion"}],"is_trial":false,"path_per_floor":["M","M","?","?","$","E","R","E","T","$","R","E","R","M","R","B"],"character_chosen":"IRONCLAD","items_purchased":["Flash of Steel","Flame Barrier","Armaments"],"campfire_rested":2,"item_purchase_floors":[5,10,10],"current_hp_per_floor":[74,74,74,74,74,68,68,19,19,19,45,19,45,50,50,0],"gold":122,"neow_bonus":"TEN_PERCENT_HP_BONUS","is_prod":false,"is_daily":false,"chose_seed":false,"campfire_upgraded":2,"win_rate":0,"timestamp":1568210868,"path_taken":["M","M","?","?","$","E","R","E","T","$","R","E","R","?","R","BOSS"],"build_version":"2019-07-17","purchased_purges":0,"victory":false,"max_hp_per_floor":[88,88,88,88,88,88,88,88,88,88,88,88,88,88,88,88],"card_choices":[{"not_picked":["Battle Trance","Pummel"],"picked":"Shrug It Off","floor":1},{"not_picked":["Body Slam","Intimidate"],"picked":"Twin Strike","floor":2},{"not_picked":["Fiend Fire","Rupture"],"picked":"Thunderclap","floor":6},{"not_picked":["Ghostly Armor","Intimidate"],"picked":"Iron Wave","floor":8},{"not_picked":["Heavy Blade","Thunderclap"],"picked":"Pommel Strike","floor":12},{"not_picked":["Feel No Pain","Thunderclap"],"picked":"Flame Barrier","floor":14}],"player_experience":550590,"relics_obtained":[{"floor":6,"key":"Boot"},{"floor":8,"key":"The Courier"},{"floor":9,"key":"Whetstone"},{"floor":12,"key":"Turnip"}],"event_choices":[{"damage_healed":0,"gold_gain":0,"player_choice":"Take Wound","damage_taken":0,"relics_obtained":["Golden Idol"],"max_hp_gain":0,"max_hp_loss":0,"event_name":"Golden Idol","floor":3,"gold_loss":0,"cards_obtained":["Injury"]},{"cards_removed":["Injury"],"damage_healed":0,"gold_gain":0,"player_choice":"Removed Curses","damage_taken":0,"max_hp_gain":0,"max_hp_loss":0,"event_name":"Fountain of Cleansing","floor":4,"gold_loss":0}],"is_beta":false,"boss_relics":[],"items_purged_floors":[],"is_endless":false,"potions_floor_spawned":[1],"killed_by":"Slime Boss","ascension_level":9}