{"path_per_floor":["M","M","M","?","M","R","E","M","T","E","?","M","R","E","R","B",null,"M","M","$","M","M","E","M","?","T","M","?","E","M","M","R","B",null,"M","$","M","?","?","E","$","T","T","M","R","M","?","E","R","B"],"character_chosen":"IRONCLAD","items_purchased":["Champion Belt","Lantern","Gremlin Horn","Orichalcum"],"gold_per_floor":[119,132,147,147,160,160,194,208,231,262,212,224,224,259,259,361,361,371,383,72,82,94,120,137,137,137,155,155,185,195,210,210,308,308,326,108,128,474,474,504,17,97,97,112,112,132,132,157,157,157],"floor_reached":51,"campfire_rested":1,"playtime":5008,"item_purchase_floors":[20,36,41,41],"current_hp_per_floor":[61,58,57,50,51,51,21,18,18,26,26,24,51,41,41,11,92,92,92,92,92,85,81,87,87,87,92,74,77,91,92,92,93,97,97,97,97,97,97,97,97,107,107,107,107,103,103,107,107,73],"items_purged":["Defend_R","Defend_R"],"gold":157,"score":846,"play_id":"1665e260-4662-439b-99fc-860c11d13fa0","local_time":"20180625235122","is_prod":false,"is_daily":false,"chose_seed":false,"is_ascension_mode":false,"campfire_upgraded":3,"win_rate":0.0,"timestamp":1529967082,"campfire_choices":[{"data":"Perfected Strike","floor":6,"key":"SMITH"},{"floor":13,"key":"REST"},{"data":"Armaments","floor":15,"key":"SMITH"},{"data":"Injury","floor":32,"key":"PURGE"},{"data":"Pommel Strike","floor":45,"key":"SMITH"},{"data":"Doubt","floor":49,"key":"PURGE"}],"path_taken":["M","M","M","?","M","R","E","M","T","E","?","M","R","E","R","BOSS","M","M","$","M","M","E","M","?","T","M","?","E","M","M","R","BOSS","M","$","M","?","?","E","?","?","T","?","R","M","?","E","R","BOSS"],"build_version":"2018-06-21","seed_source_timestamp":253093920852010,"purchased_purges":2,"circlet_count":0,"victory":true,"master_deck":["Strike_R","Strike_R","Strike_R","Strike_R","Bash","Warcry","Perfected Strike+1","Warcry","Armaments+1","Thunderclap","Thunderclap","Dropkick","Pommel Strike+1","Pommel Strike+1","Reaper","Battle Trance","Perfected Strike","Shrug It Off+1","Flex+1","Pommel Strike","Warcry","Rage","Warcry","Pommel Strike+1","Double Tap","Thunderclap","Rampage+1","Armaments+1","Flex","Decay","Shrug It Off+1","Flex","True Grit+1"],"max_hp_per_floor":[80,80,80,80,85,85,85,85,85,92,92,92,92,92,92,92,92,92,92,92,92,92,92,92,92,92,92,97,97,97,97,97,97,97,97,97,97,97,97,97,97,107,107,107,107,107,107,107,107,107],"relics":["Burning Blood","Paper Frog","Oddly Smooth Stone","Strawberry","Pen Nib","Cursed Key","Champion Belt","Peace Pipe","Self Forming Clay","Shuriken","Busted Crown","Lantern","Old Coin","Vajra","Gremlin Horn","Orichalcum","Pear","Dodecahedron","Unceasing Top"],"card_choices":[{"not_picked":["Infernal Blade","Shrug It Off"],"picked":"Warcry","floor":1},{"not_picked":["Twin Strike","Demon Form"],"picked":"Perfected Strike","floor":2},{"not_picked":["Anger","Cleave"],"picked":"Warcry","floor":3},{"not_picked":["Shrug It Off","Sever Soul"],"picked":"Armaments","floor":5},{"not_picked":["Anger","Shrug It Off"],"picked":"Thunderclap","floor":7},{"not_picked":["Reckless Charge","Sword Boomerang"],"picked":"Thunderclap","floor":8},{"not_picked":["Dual Wield","Clash"],"picked":"Dropkick","floor":10},{"not_picked":["Brutality","Searing Blow"],"picked":"Pommel Strike","floor":12},{"not_picked":["Double Tap","Battle Trance"],"picked":"Pommel Strike","floor":14},{"not_picked":["Dark Embrace","Bludgeon"],"picked":"Reaper","floor":16},{"not_picked":["Blood for Blood","Thunderclap"],"picked":"Battle Trance","floor":18},{"not_picked":["Uppercut","Hemokinesis+1"],"picked":"Perfected Strike","floor":19},{"not_picked":["Body Slam","Headbutt"],"picked":"Shrug It Off+1","floor":21},{"not_picked":["Pummel","Dual Wield"],"picked":"Flex+1","floor":22},{"not_picked":["Ghostly Armor+1","Armaments+1"],"picked":"Pommel Strike","floor":23},{"not_picked":["Carnage+1","Armaments+1"],"picked":"Warcry","floor":24},{"not_picked":["Ghostly Armor","Headbutt"],"picked":"Rage","floor":27},{"not_picked":["Pummel","Ghostly Armor"],"picked":"Warcry","floor":29},{"not_picked":["Barricade","Armaments"],"picked":"Pommel Strike+1","floor":30},{"not_picked":["Ghostly Armor","Burning Pact","Hemokinesis"],"picked":"SKIP","floor":31},{"not_picked":["Fiend Fire","Demon Form"],"picked":"Double Tap","floor":33},{"not_picked":[],"picked":"Thunderclap","floor":35},{"not_picked":[],"picked":"Rampage+1","floor":37},{"not_picked":[],"picked":"Armaments+1","floor":38},{"not_picked":[],"picked":"Flex","floor":40},{"not_picked":[],"picked":"Shrug It Off+1","floor":44},{"not_picked":[],"picked":"Flex","floor":46},{"not_picked":[],"picked":"True Grit+1","floor":48}],"player_experience":0,"potions_floor_usage":[5,10,16,16,23,23,30,33,38,50],"damage_taken":[{"damage":25,"enemies":"Jaw Worm","floor":1,"turns":5},{"damage":9,"enemies":"2 Louse","floor":2,"turns":3},{"damage":7,"enemies":"Small Slimes","floor":3,"turns":3},{"damage":10,"enemies":"Looter","floor":5,"turns":3},{"damage":36,"enemies":"Lagavulin","floor":7,"turns":5},{"damage":9,"enemies":"Exordium Wildlife","floor":8,"turns":3},{"damage":20,"enemies":"3 Sentries","floor":10,"turns":6},{"damage":8,"enemies":"3 Louse","floor":12,"turns":3},{"damage":16,"enemies":"Gremlin Nob","floor":14,"turns":3},{"damage":51,"enemies":"The Guardian","floor":16,"turns":8},{"damage":0,"enemies":"Spheric Guardian","floor":18,"turns":3},{"damage":0,"enemies":"Chosen","floor":19,"turns":2},{"damage":6,"enemies":"Snecko","floor":21,"turns":3},{"damage":13,"enemies":"Slaver and Parasite","floor":22,"turns":4},{"damage":25,"enemies":"Gremlin Leader","floor":23,"turns":4},{"damage":0,"enemies":"3 Cultists","floor":24,"turns":4},{"damage":0,"enemies":"Snecko","floor":27,"turns":3},{"damage":11,"enemies":"Book of Stabbing","floor":29,"turns":4},{"damage":0,"enemies":"Snake Plant","floor":30,"turns":3},{"damage":11,"enemies":"Slaver and Parasite","floor":31,"turns":5},{"damage":5,"enemies":"Champ","floor":33,"turns":5},{"damage":1,"enemies":"Flame Bruiser 1 Orb","floor":35,"turns":4},{"damage":3,"enemies":"Orb Walker","floor":37,"turns":3},{"damage":5,"floor":38,"turns":3},{"damage":3,"enemies":"Giant Head","floor":40,"turns":4},{"damage":0,"enemies":"Sphere and 2 Shapes","floor":44,"turns":2},{"damage":25,"enemies":"4 Shapes","floor":46,"turns":4},{"damage":19,"enemies":"2 Orb Walkers","floor":48,"turns":3},{"damage":40,"enemies":"Awakened One","floor":50,"turns":8}],"relics_obtained":[{"floor":7,"key":"Paper Frog"},{"floor":9,"key":"Oddly Smooth Stone"},{"floor":10,"key":"Strawberry"},{"floor":14,"key":"Pen Nib"},{"floor":23,"key":"Peace Pipe"},{"floor":26,"key":"Self Forming Clay"},{"floor":29,"key":"Shuriken"},{"floor":38,"key":"Old Coin"},{"floor":40,"key":"Vajra"},{"floor":42,"key":"Pear"},{"floor":43,"key":"Dodecahedron"},{"floor":48,"key":"Unceasing Top"}],"event_choices":[{"event_name":"Golden Wing","player_choice":"Card Removal","floor":4,"damage_taken":0},{"event_name":"The Cleric","player_choice":"Card Removal","floor":11,"damage_taken":0},{"event_name":"The Woman in Blue","player_choice":"Bought 0 Potions","floor":25,"damage_taken":0},{"event_name":"Forgotten Altar","player_choice":"Shed Blood","floor":28,"damage_taken":0},{"event_name":"Mysterious Sphere","player_choice":"Fight","floor":38,"damage_taken":0},{"event_name":"Falling","player_choice":"Removed Attack","floor":39,"damage_taken":0},{"event_name":"Upgrade Shrine","player_choice":"Upgraded","floor":47,"damage_taken":0}],"boss_relics":[{"not_picked":["Fusion Hammer","Empty Cage"],"picked":"Cursed Key"},{"not_picked":["Black Star","Eternal Feather"],"picked":"Busted Crown"}],"items_purged_floors":[36,41],"is_endless":false,"potions_floor_spawned":[1,3,8,12,14,16,19,23,24,27,30,31,35,40],"seed_played":"6780683619931168349","ascension_level":0,"potions_obtained":[{"floor":1,"key":"Fruit Juice"},{"floor":3,"key":"Swift Potion"},{"floor":8,"key":"Regen Potion"},{"floor":12,"key":"LiquidBronze"},{"floor":14,"key":"Regen Potion"},{"floor":16,"key":"Strength Potion"},{"floor":19,"key":"FairyPotion"},{"floor":23,"key":"PowerPotion"},{"floor":24,"key":"Block Potion"},{"floor":30,"key":"Ancient Potion"},{"floor":31,"key":"Explosive Potion"},{"floor":35,"key":"BloodPotion"},{"floor":40,"key":"GamblersBrew"}],"is_trial":false}