{"gold_per_floor":[118,118,118,131,131,156,156,171,196,211,236,252,217,232,232,328,328,342,353,353,278,278,278,309,309,309,340,358,88,119,129,129,231,231,251,268,281,298,313,343,359,386,463,497,497,514,514,47,47,47,47,47,2,33,33],"floor_reached":55,"playtime":6125,"items_purged":["Defend_G","Strike_G"],"score":997,"play_id":"d9fa829b-c1f9-4d6c-8267-6a2b662ed306","local_time":"20181231163943","is_ascension_mode":true,"campfire_choices":[{"data":"Dash","floor":7,"key":"SMITH"},{"data":"Predator","floor":15,"key":"SMITH"},{"data":"Bouncing Flask","floor":23,"key":"SMITH"},{"data":"Predator","floor":25,"key":"SMITH"},{"data":"Phantasmal Killer","floor":32,"key":"SMITH"},{"floor":45,"key":"RECALL"},{"floor":47,"key":"REST"},{"data":"Caltrops","floor":49,"key":"SMITH"},{"data":"Survivor","floor":52,"key":"SMITH"}],"neow_cost":"NONE","seed_source_timestamp":165417573977260,"circlet_count":0,"master_deck":["Defend_G","Defend_G+1","Defend_G+1","Defend_G","Strike_G+1","Strike_G","Survivor+1","Neutralize+1","Trip","Dash+1","Flying Knee","Predator+1","Reflex","Backstab","Phantasmal Killer+1","Bouncing Flask+1","Blade Dance","Venomology","PiercingWail+1","Reflex","Predator+1","Deadly Poison+1","Flechettes+1","Acrobatics+1","Well Laid Plans","Well Laid Plans","Die Die Die","Prepared+1","Dagger Throw+1","Deflect+1","Blade Dance+1","Finisher+1","Dagger Spray+1","Prepared+1","Riddle With Holes","Calculated Gamble+1","Panache","Dodge and Roll+1","Caltrops+1","Prepared+1","Tools of the Trade"],"relics":["Ring of the Snake","PreservedInsect","Vajra","Pen Nib","Pantograph","Busted Crown","Bronze Scales","Toxic Egg 2","Whetstone","Strawberry","Anchor","Velvet Choker","FossilizedHelix","Torii","Centennial Puzzle","Oddly Smooth Stone"],"potions_floor_usage":[6,19,24,28,30,33,33,33,39,39,41,42,50,50,54,55],"damage_taken":[{"damage":0,"enemies":"Jaw Worm","floor":1,"turns":4},{"damage":0,"enemies":"Small Slimes","floor":4,"turns":3},{"damage":2,"enemies":"Lagavulin","floor":6,"turns":5},{"damage":0,"enemies":"2 Louse","floor":8,"turns":2},{"damage":1,"enemies":"Exordium Wildlife","floor":10,"turns":3},{"damage":0,"enemies":"Gremlin Nob","floor":11,"turns":2},{"damage":0,"enemies":"2 Fungi Beasts","floor":12,"turns":3},{"damage":0,"enemies":"Looter","floor":14,"turns":2},{"damage":4,"enemies":"Slime Boss","floor":16,"turns":8},{"damage":0,"enemies":"Shell Parasite","floor":18,"turns":3},{"damage":0,"enemies":"2 Thieves","floor":19,"turns":4},{"damage":8,"enemies":"Slavers","floor":24,"turns":4},{"damage":5,"enemies":"Book of Stabbing","floor":27,"turns":3},{"damage":4,"enemies":"Cultist and Chosen","floor":28,"turns":6},{"damage":7,"enemies":"Gremlin Leader","floor":30,"turns":4},{"damage":0,"enemies":"3 Cultists","floor":31,"turns":4},{"damage":33,"enemies":"Champ","floor":33,"turns":7},{"damage":6,"enemies":"3 Shapes","floor":35,"turns":3},{"damage":0,"enemies":"Orb Walker","floor":36,"turns":3},{"damage":9,"enemies":"Spire Growth","floor":37,"turns":4},{"damage":1,"enemies":"Jaw Worm Horde","floor":38,"turns":3},{"damage":0,"enemies":"Transient","floor":39,"turns":5},{"damage":0,"enemies":"Nemesis","floor":40,"turns":5},{"damage":13,"enemies":"3 Darklings","floor":41,"turns":4},{"damage":0,"enemies":"Giant Head","floor":42,"turns":5},{"damage":8,"enemies":"Nemesis","floor":44,"turns":5},{"damage":0,"enemies":"Writhing Mass","floor":46,"turns":2},{"damage":32,"enemies":"Donu and Deca","floor":50,"turns":7},{"damage":14,"enemies":"Shield and Spear","floor":54,"turns":6},{"damage":77,"enemies":"The Heart","floor":55,"turns":3}],"seed_played":"-4084032843614312753","potions_obtained":[{"floor":1,"key":"FearPotion"},{"floor":4,"key":"AttackPotion"},{"floor":10,"key":"SpeedPotion"},{"floor":14,"key":"Regen Potion"},{"floor":27,"key":"Block Potion"},{"floor":33,"key":"FearPotion"},{"floor":37,"key":"Regen Potion"},{"floor":39,"key":"SteroidPotion"},{"floor":41,"key":"GhostInAJar"},{"floor":46,"key":"GhostInAJar"}],"is_trial":false,"path_per_floor":["M","?","?","M","?","E","R","M","T","M","E","M","?","M","R","B",null,"M","M","?","?","?","R","E","R","T","E","M","$","E","M","R","B",null,"M","M","M","M","M","E","M","E","T","E","R","M","R","$","R","B",null,"R","$","E","B"],"character_chosen":"THE_SILENT","items_purchased":["Well Laid Plans","Strawberry","Panache","Dodge and Roll+1","Caltrops","Poison Potion","Prepared+1"],"campfire_rested":1,"item_purchase_floors":[29,29,48,48,48,48,53],"current_hp_per_floor":[70,45,68,68,54,52,52,52,52,51,51,51,68,68,68,66,70,70,70,70,70,70,70,62,62,62,57,53,60,65,65,65,44,77,71,71,62,61,61,61,57,57,57,49,49,49,72,72,72,45,77,77,77,63,0],"gold":33,"neow_bonus":"RANDOM_COLORLESS","is_prod":false,"is_daily":false,"chose_seed":false,"campfire_upgraded":7,"win_rate":0,"timestamp":1546292383,"path_taken":["M","?","?","M","?","E","R","M","T","?","E","M","?","M","R","BOSS","M","M","?","?","?","R","E","R","T","E","M","$","E","M","R","BOSS","M","M","M","M","?","E","M","E","T","E","R","M","R","$","R","BOSS","R","$","E","BOSS"],"build_version":"2018-12-20","purchased_purges":2,"victory":false,"max_hp_per_floor":[70,70,70,70,70,70,70,70,70,70,70,70,70,70,70,70,70,70,70,70,70,70,70,70,70,70,70,70,77,77,77,77,77,77,77,77,77,77,77,77,77,77,77,77,77,77,77,77,77,77,77,77,77,77,77],"card_choices":[{"not_picked":["Endless Agony","Terror"],"picked":"Dash","floor":1},{"not_picked":["Blade Dance","Skewer"],"picked":"Flying Knee","floor":4},{"not_picked":["Concentrate","Deadly Poison"],"picked":"Predator","floor":6},{"not_picked":["Blade Dance","Slice"],"picked":"Reflex","floor":8},{"not_picked":["Dagger Throw","All Out Attack"],"picked":"Backstab","floor":10},{"not_picked":["Wraith Form v2","Masterful Stab"],"picked":"Phantasmal Killer","floor":11},{"not_picked":["Dagger Spray","Acrobatics"],"picked":"Bouncing Flask","floor":12},{"not_picked":["Flying Knee","Concentrate"],"picked":"Blade Dance","floor":14},{"not_picked":["Night Terror","Doppelganger"],"picked":"Venomology","floor":16},{"not_picked":[],"picked":"PiercingWail+1","floor":18},{"not_picked":[],"picked":"Reflex","floor":19},{"not_picked":[],"picked":"Deadly Poison+1","floor":24},{"not_picked":[],"picked":"Flechettes+1","floor":27},{"not_picked":[],"picked":"Acrobatics+1","floor":28},{"not_picked":[],"picked":"Well Laid Plans","floor":30},{"not_picked":["Quick Slash"],"picked":"SKIP","floor":31},{"not_picked":[],"picked":"Die Die Die","floor":33},{"not_picked":[],"picked":"Prepared+1","floor":35},{"not_picked":[],"picked":"Dagger Throw+1","floor":36},{"not_picked":[],"picked":"Deflect+1","floor":37},{"not_picked":[],"picked":"Blade Dance+1","floor":38},{"not_picked":[],"picked":"Finisher+1","floor":39},{"not_picked":[],"picked":"Dagger Spray+1","floor":40},{"not_picked":[],"picked":"Prepared+1","floor":41},{"not_picked":[],"picked":"Riddle With Holes","floor":42},{"not_picked":[],"picked":"Calculated Gamble+1","floor":44},{"not_picked":["Slice"],"picked":"SKIP","floor":46},{"not_picked":[],"picked":"Tools of the Trade","floor":54}],"player_experience":292927,"relics_obtained":[{"floor":6,"key":"Vajra"},{"floor":9,"key":"Pen Nib"},{"floor":11,"key":"Pantograph"},{"floor":24,"key":"Bronze Scales"},{"floor":26,"key":"Toxic Egg 2"},{"floor":27,"key":"Whetstone"},{"floor":30,"key":"Anchor"},{"floor":40,"key":"FossilizedHelix"},{"floor":42,"key":"Torii"},{"floor":44,"key":"Centennial Puzzle"},{"floor":54,"key":"Oddly Smooth Stone"}],"event_choices":[{"damage_healed":0,"gold_gain":0,"player_choice":"Success","damage_taken":25,"relics_obtained":["PreservedInsect"],"max_hp_gain":0,"max_hp_loss":0,"event_name":"Scrap Ooze","floor":2,"gold_loss":0},{"damage_healed":23,"gold_gain":0,"player_choice":"Banana","damage_taken":0,"max_hp_gain":0,"max_hp_loss":0,"event_name":"Big Fish","floor":3,"gold_loss":0},{"damage_healed":0,"gold_gain":0,"player_choice":"Entered Light","damage_taken":14,"max_hp_gain":0,"max_hp_loss":0,"event_name":"Shining Light","floor":5,"gold_loss":0,"cards_upgraded":["Defend_G","Defend_G"]},{"damage_healed":17,"gold_gain":0,"player_choice":"Healed","damage_taken":0,"max_hp_gain":0,"max_hp_loss":0,"event_name":"The Cleric","floor":13,"gold_loss":35},{"damage_healed":0,"gold_gain":0,"player_choice":"Read","damage_taken":0,"max_hp_gain":0,"max_hp_loss":0,"event_name":"The Library","floor":20,"gold_loss":0,"cards_obtained":["Predator"]},{"cards_removed":["Strike_G"],"damage_healed":0,"gold_gain":0,"player_choice":"Gave Gold","damage_taken":0,"max_hp_gain":0,"max_hp_loss":0,"event_name":"Beggar","floor":21,"gold_loss":75},{"cards_removed":["Strike_G"],"damage_healed":0,"gold_gain":0,"player_choice":"Purged","damage_taken":0,"max_hp_gain":0,"max_hp_loss":0,"event_name":"Purifier","floor":22,"gold_loss":0}],"is_beta":false,"boss_relics":[{"not_picked":["WristBlade","Calling Bell"],"picked":"Busted Crown"},{"not_picked":["Coffee Dripper","White Beast Statue"],"picked":"Velvet Choker"}],"items_purged_floors":[29,48],"is_endless":false,"potions_floor_spawned":[1,4,10,14,24,27,28,33,37,38,39,41,46],"killed_by":"The Heart","ascension_level":2}