{"gold_per_floor":[11,11,11,24,43,43,43,75,151,151,1,176,207,18,18,121,121,132,132,132,57,69,69,100,100,175,190,225,225,258,290,290,389,439,455,22,22,40,262,294,307,307],"floor_reached":42,"playtime":4974,"items_purged":["Doubt"],"score":564,"play_id":"f58d68b1-19a8-4dd2-87f6-c9e8852325ed","local_time":"20181223124647","is_ascension_mode":true,"campfire_choices":[{"data":"Poisoned Stab","floor":6.0,"key":"SMITH"},{"floor":10.0,"key":"REST"},{"floor":15.0,"key":"REST"},{"floor":23,"key":"REST"},{"floor":25,"key":"REST"},{"data":"Mayhem","floor":29,"key":"SMITH"},{"floor":32,"key":"REST"}],"neow_cost":"NO_GOLD","seed_source_timestamp":0,"circlet_count":0,"master_deck":["Defend_G","Defend_G","Defend_G","Defend_G","Strike_G","Strike_G","Strike_G","Survivor","Neutralize","Die Die Die","Deflect","Poisoned Stab+1","Bouncing Flask","Prepared","Unload+1","Mayhem+1","Corpse Explosion","All Out Attack+1","Cloak And Dagger","Cloak And Dagger","Backflip+1","Cloak And Dagger+1","Storm of Steel","Dagger Throw","Acrobatics","Envenom","Caltrops+1","Caltrops+1","Glass Knife","Deflect+1","Noxious Fumes+1","Riddle With Holes+1"],"special_seed":0,"relics":["Ring of the Snake","Boot","Bronze Scales","Vajra","Lizard Tail","Nilry\u0027s Codex","Paper Crane","Ninja Scroll","Bottled Tornado","Tingsha","Red Mask","Tiny House","Pen Nib","Molten Egg 2"],"potions_floor_usage":[28,30,31,40,40,40,42],"damage_taken":[{"damage":0.0,"enemies":"Jaw Worm","floor":1.0,"turns":3.0},{"damage":0.0,"enemies":"2 Louse","floor":4.0,"turns":1.0},{"damage":0.0,"enemies":"Small Slimes","floor":5.0,"turns":2.0},{"damage":29.0,"enemies":"3 Sentries","floor":8.0,"turns":9.0},{"damage":16.0,"enemies":"Gremlin Nob","floor":13.0,"turns":4.0},{"damage":47.0,"enemies":"The Guardian","floor":16.0,"turns":7.0},{"damage":22.0,"enemies":"2 Thieves","floor":18.0,"turns":3.0},{"damage":13,"enemies":"3 Byrds","floor":22,"turns":4},{"damage":34,"enemies":"Gremlin Leader","floor":24,"turns":7},{"damage":13,"enemies":"Centurion and Healer","floor":27,"turns":4},{"damage":0,"enemies":"Slavers","floor":28,"turns":1},{"damage":19,"enemies":"Gremlin Leader","floor":30,"turns":5},{"damage":0,"enemies":"Masked Bandits","floor":31,"turns":2},{"damage":56,"enemies":"Collector","floor":33,"turns":8},{"damage":12,"enemies":"Orb Walker","floor":35,"turns":4},{"damage":6,"enemies":"3 Darklings","floor":38,"turns":5},{"damage":61,"enemies":"Giant Head","floor":40,"turns":9},{"damage":0,"enemies":"Transient","floor":41,"turns":5},{"damage":18,"enemies":"Nemesis","floor":42,"turns":2}],"seed_played":"6080779780670980898","potions_obtained":[{"floor":1.0,"key":"PowerPotion"},{"floor":8.0,"key":"Energy Potion"},{"floor":16.0,"key":"AttackPotion"},{"floor":18.0,"key":"EssenceOfSteel"},{"floor":24,"key":"Ancient Potion"},{"floor":34,"key":"EssenceOfSteel"},{"floor":35,"key":"SteroidPotion"},{"floor":40,"key":"SkillPotion"}],"is_trial":false,"path_per_floor":["M","?","?","M","M","R","?","E","T","R","$","?","E","$","R","B",null,"M","?","?","?","M","R","E","R","T","M","E","R","E","?","R","B",null,"M","$","?","M","?","E","M","E"],"character_chosen":"THE_SILENT","items_purchased":["Bronze Scales","Mayhem","Glass Knife","Pen Nib","Fire Potion"],"campfire_rested":5,"item_purchase_floors":[11,14,36,36,36],"current_hp_per_floor":[70,70,75,75,75,75,68,39,39,61,61,61,45,45,67,20,75,53,37,37,37,24,46,12,34,34,21,21,21,2,2,24,6,80,68,68,68,62,62,1,1,0],"gold":307,"neow_bonus":"THREE_RARE_CARDS","is_prod":false,"is_daily":false,"chose_seed":false,"campfire_upgraded":2,"win_rate":0,"timestamp":1545587207,"path_taken":["M","?","?","M","M","R","?","E","T","R","?","?","E","$","R","BOSS","M","?","?","?","?","R","E","R","T","M","E","R","E","?","R","BOSS","M","$","?","?","?","E","M","E"],"build_version":"2018-12-20","purchased_purges":1,"victory":false,"max_hp_per_floor":[70,70,75,75,75,75,75,75,75,75,75,75,75,75,75,75,75,75,75,75,75,75,75,75,75,75,75,75,75,75,75,75,75,80,80,80,80,80,80,80,80,80],"card_choices":[{"not_picked":["Malaise","Storm of Steel"],"picked":"Die Die Die","floor":0.0},{"not_picked":["Catalyst","Underhanded Strike"],"picked":"Deflect","floor":1.0},{"not_picked":["Outmaneuver","Sucker Punch"],"picked":"Poisoned Stab","floor":4.0},{"not_picked":["Quick Slash","Blade Dance"],"picked":"Bouncing Flask","floor":5.0},{"not_picked":["Blade Dance","Deadly Poison"],"picked":"Prepared","floor":8.0},{"not_picked":["Backflip","Escape Plan"],"picked":"Unload","floor":13.0},{"not_picked":["Malaise","After Image"],"picked":"Corpse Explosion","floor":16.0},{"not_picked":["Catalyst","Bane"],"picked":"All Out Attack+1","floor":18.0},{"not_picked":["All Out Attack","Dagger Throw"],"picked":"Cloak And Dagger","floor":22},{"not_picked":["Riddle With Holes+1","Quick Slash"],"picked":"Backflip+1","floor":24},{"not_picked":["Dodge and Roll+1","Underhanded Strike"],"picked":"Cloak And Dagger+1","floor":27},{"not_picked":["Leg Sweep","Prepared+1"],"picked":"Storm of Steel","floor":28},{"not_picked":["Wraith Form v2","Flying Knee"],"picked":"Dagger Throw","floor":30},{"not_picked":["Well Laid Plans+1","Flying Knee"],"picked":"Acrobatics","floor":31},{"not_picked":["Bullet Time","Storm of Steel"],"picked":"Envenom","floor":33},{"not_picked":["Outmaneuver+1","Predator"],"picked":"Caltrops+1","floor":34},{"not_picked":["PiercingWail+1","Leg Sweep"],"picked":"Caltrops+1","floor":35},{"not_picked":["Prepared","Deadly Poison"],"picked":"Deflect+1","floor":38},{"not_picked":["Slice","Blade Dance+1"],"picked":"Noxious Fumes+1","floor":40},{"not_picked":["Dodge and Roll+1","Skewer+1"],"picked":"Riddle With Holes+1","floor":41}],"player_experience":72364,"relics_obtained":[{"floor":8.0,"key":"Boot"},{"floor":13.0,"key":"Vajra"},{"floor":19,"key":"Nilry\u0027s Codex"},{"floor":24,"key":"Paper Crane"},{"floor":26,"key":"Ninja Scroll"},{"floor":28,"key":"Bottled Tornado"},{"floor":30,"key":"Tingsha"},{"floor":31,"key":"Red Mask"},{"floor":40,"key":"Molten Egg 2"}],"event_choices":[{"damage_healed":0.0,"max_hp_gain":0.0,"max_hp_loss":0.0,"gold_gain":0.0,"event_name":"The Cleric","player_choice":"Leave","floor":2.0,"gold_loss":0.0,"damage_taken":0.0},{"damage_healed":0.0,"max_hp_gain":5.0,"max_hp_loss":0.0,"gold_gain":0.0,"event_name":"Big Fish","player_choice":"Donut","floor":3.0,"gold_loss":0.0,"damage_taken":0.0},{"cards_removed":["Strike_G"],"damage_healed":0.0,"max_hp_gain":0.0,"max_hp_loss":0.0,"gold_gain":0.0,"event_name":"Golden Wing","player_choice":"Card Removal","floor":7.0,"gold_loss":0.0,"damage_taken":7.0},{"damage_healed":0.0,"max_hp_gain":0.0,"max_hp_loss":0.0,"gold_gain":175.0,"event_name":"Liars Game","player_choice":"AGREE","floor":12.0,"gold_loss":0.0,"damage_taken":0.0,"cards_obtained":["Doubt"]},{"damage_healed":0,"gold_gain":0,"player_choice":"Obtained Book","damage_taken":16,"max_hp_gain":0,"max_hp_loss":0,"event_name":"Cursed Tome","floor":19,"gold_loss":0},{"damage_healed":0,"gold_gain":0,"player_choice":"Read","damage_taken":0,"max_hp_gain":0,"max_hp_loss":0,"event_name":"The Library","floor":20,"gold_loss":0,"cards_obtained":["Cloak And Dagger"]},{"cards_removed":["Defend_G"],"damage_healed":0,"gold_gain":0,"player_choice":"Gave Gold","damage_taken":0,"max_hp_gain":0,"max_hp_loss":0,"event_name":"Beggar","floor":21,"gold_loss":75},{"damage_healed":0,"gold_gain":0,"player_choice":"Fought Bandits","damage_taken":0,"max_hp_gain":0,"max_hp_loss":0,"event_name":"Masked Bandits","floor":31,"gold_loss":0},{"cards_removed":["Strike_G"],"damage_healed":0,"gold_gain":0,"player_choice":"Purged","damage_taken":0,"max_hp_gain":0,"max_hp_loss":0,"event_name":"Purifier","floor":37,"gold_loss":0},{"damage_healed":0,"gold_gain":222,"player_choice":"Wore Mask","damage_taken":0,"max_hp_gain":0,"max_hp_loss":0,"event_name":"Tomb of Lord Red Mask","floor":39,"gold_loss":0}],"is_beta":false,"boss_relics":[{"not_picked":["Busted Crown","Runic Dome"],"picked":"Lizard Tail"},{"not_picked":["Empty Cage","Calling Bell"],"picked":"Tiny House"}],"items_purged_floors":[36],"is_endless":false,"potions_floor_spawned":[1,8,16,18,24,27,35,40],"killed_by":"Nemesis","ascension_level":1}