{"gold_per_floor":[117,130,130,130,150,185,185,203,228,240,252,252,252,271,271,400,400,385,406,421,421,87,87,123,123,123,123,146,158,185,122,134,274,286,321,45,59,82,101,101,26,0,0,0,0,0,0,25,25,25],"floor_reached":50,"playtime":4990,"items_purged":["Defend_G"],"score":512,"play_id":"ae515eed-ba99-4aee-9eee-4070dc93acbc","local_time":"20181221122030","is_ascension_mode":false,"campfire_choices":[{"floor":7,"key":"REST"},{"floor":13,"key":"REST"},{"floor":15,"key":"REST"},{"floor":23,"key":"REST"},{"floor":25,"key":"REST"},{"data":"Envenom","floor":32,"key":"SMITH"},{"floor":40,"key":"REST"},{"floor":44,"key":"REST"},{"floor":49,"key":"REST"}],"neow_cost":"NONE","seed_source_timestamp":65767044504840,"circlet_count":0,"master_deck":["Defend_G","Defend_G","Defend_G+1","Strike_G","Strike_G","Strike_G+1","Survivor+1","Neutralize","Calculated Gamble","Backstab","Iron Wave","Acrobatics","Die Die Die+1","Footwork","Quick Slash","Sucker Punch","Poisoned Stab","Envenom+1","Dagger Throw","Bouncing Flask+1","Outmaneuver+1","Panache","Backstab","Masterful Stab","Burst","Infinite Blades","Distraction","Finisher","Backstab","Dash+1","Leg Sweep+1","Flying Knee+1","Madness","Madness","Secret Technique","Forethought","Discovery","Deadly Poison+1","Distraction+1"],"relics":["Ring of the Snake","Orichalcum","Blood Vial","Golden Idol","Eternal Feather","Enchiridion","War Paint","Whetstone","Mercury Hourglass","MutagenicStrength","MawBank","Calipers","Fusion Hammer","Boot","Red Mask","Dream Catcher"],"potions_floor_usage":[],"damage_taken":[{"damage":0,"enemies":"Cultist","floor":1,"turns":5},{"damage":0,"enemies":"Jaw Worm","floor":2,"turns":5},{"damage":0,"enemies":"2 Louse","floor":5,"turns":2},{"damage":67,"enemies":"Lagavulin","floor":6,"turns":13},{"damage":5,"enemies":"Large Slime","floor":8,"turns":8},{"damage":0,"enemies":"Blue Slaver","floor":10,"turns":4},{"damage":2,"enemies":"Looter","floor":11,"turns":2},{"damage":0,"enemies":"Lots of Slimes","floor":14,"turns":1},{"damage":36,"enemies":"The Guardian","floor":16,"turns":16},{"damage":20,"enemies":"2 Thieves","floor":18,"turns":4},{"damage":1,"enemies":"Chosen","floor":19,"turns":4},{"damage":23,"enemies":"Centurion and Healer","floor":20,"turns":7},{"damage":16,"enemies":"Slavers","floor":24,"turns":4},{"damage":0,"enemies":"Cultist and Chosen","floor":30,"turns":4},{"damage":64,"enemies":"Automaton","floor":33,"turns":11},{"damage":21,"enemies":"3 Darklings","floor":35,"turns":2},{"damage":3,"enemies":"3 Shapes","floor":37,"turns":4},{"damage":37,"enemies":"Spire Growth","floor":38,"turns":4},{"damage":2,"enemies":"4 Shapes","floor":39,"turns":3},{"damage":18,"enemies":"Sphere and 2 Shapes","floor":48,"turns":3},{"damage":79,"enemies":"Donu and Deca","floor":50,"turns":8}],"seed_played":"2329963444549930172","potions_obtained":[{"floor":5,"key":"EssenceOfSteel"},{"floor":6,"key":"Strength Potion"},{"floor":14,"key":"SpeedPotion"}],"is_trial":false,"path_per_floor":["M","M","?","?","M","E","R","M","T","M","M","?","R","M","R","B",null,"M","M","M","?","$","R","E","R","T","?","T","T","M","?","R","B",null,"M","$","M","M","M","R","$","?","T","R","?","?","?","M","R","B"],"character_chosen":"THE_SILENT","items_purchased":["Panache","War Paint","Distraction","Boot","Finisher"],"campfire_rested":8,"item_purchase_floors":[22,22,36,36,36],"current_hp_per_floor":[77,77,77,77,77,10,33,28,28,30,30,30,51,53,71,35,71,51,52,31,15,15,48,34,70,70,70,70,70,71,71,71,7,71,50,50,49,14,14,53,53,53,53,71,62,52,52,36,71,0],"gold":25,"neow_bonus":"TEN_PERCENT_HP_BONUS","is_prod":false,"is_daily":false,"chose_seed":false,"campfire_upgraded":1,"win_rate":0.0,"timestamp":1545412830,"path_taken":["M","M","?","?","?","E","R","M","T","M","M","?","R","M","R","BOSS","M","M","M","?","$","R","E","R","T","?","?","?","?","?","R","BOSS","M","$","M","M","M","R","$","?","T","R","?","?","?","?","R","BOSS"],"build_version":"2018-12-20","purchased_purges":1,"victory":false,"max_hp_per_floor":[77,77,77,77,77,77,77,77,77,77,77,71,71,71,71,71,71,71,71,71,71,71,71,71,71,71,71,71,71,71,71,71,71,71,71,71,71,71,71,71,71,71,71,71,71,71,71,71,71,71],"card_choices":[{"not_picked":["Quick Slash","Prepared"],"picked":"Calculated Gamble","floor":1},{"not_picked":["Crippling Poison","Underhanded Strike"],"picked":"Backstab","floor":2},{"not_picked":["Blur","Well Laid Plans"],"picked":"Acrobatics","floor":5},{"not_picked":["Backstab","Expertise"],"picked":"Die Die Die","floor":6},{"not_picked":["Dodge and Roll","Deflect"],"picked":"Footwork","floor":8},{"not_picked":["Backflip","Skewer"],"picked":"Quick Slash","floor":10},{"not_picked":["Flechettes","Predator"],"picked":"Sucker Punch","floor":11},{"not_picked":["Dodge and Roll","Masterful Stab"],"picked":"Poisoned Stab","floor":14},{"not_picked":["Burst","Night Terror"],"picked":"Envenom","floor":16},{"not_picked":["Blur","Deflect+1"],"picked":"Dagger Throw","floor":18},{"not_picked":["Deadly Poison","Dagger Throw+1"],"picked":"Bouncing Flask+1","floor":19},{"not_picked":["Dagger Throw","Deflect"],"picked":"Outmaneuver+1","floor":20},{"not_picked":["Dagger Throw","Slice"],"picked":"Backstab","floor":24},{"not_picked":["Glass Knife","Caltrops"],"picked":"Masterful Stab","floor":30},{"not_picked":["Malaise","After Image"],"picked":"Burst","floor":33},{"not_picked":["Flechettes","Prepared"],"picked":"Infinite Blades","floor":35},{"not_picked":["Poisoned Stab+1","Quick Slash+1"],"picked":"Backstab","floor":37},{"not_picked":["Dagger Throw","Poisoned Stab+1"],"picked":"Dash+1","floor":38},{"not_picked":["Crippling Poison","Dash"],"picked":"Leg Sweep+1","floor":39},{"not_picked":["Poisoned Stab","Dagger Throw"],"picked":"Flying Knee+1","floor":44},{"not_picked":["Impatience","Blind"],"picked":"Secret Technique","floor":46},{"not_picked":["Madness","The Bomb"],"picked":"Forethought","floor":46},{"not_picked":["Madness","Violence"],"picked":"Discovery","floor":46},{"not_picked":["Reflex","Underhanded Strike"],"picked":"Deadly Poison+1","floor":48},{"not_picked":["Deadly Poison","Prepared+1"],"picked":"Distraction+1","floor":49}],"player_experience":11324,"relics_obtained":[{"floor":6,"key":"Orichalcum"},{"floor":9,"key":"Blood Vial"},{"floor":21,"key":"Enchiridion"},{"floor":24,"key":"Whetstone"},{"floor":26,"key":"Mercury Hourglass"},{"floor":28,"key":"MawBank"},{"floor":29,"key":"Calipers"},{"floor":43,"key":"Dream Catcher"}],"event_choices":[{"cards_removed":["Defend_G"],"damage_healed":0,"gold_gain":0,"player_choice":"Forget","damage_taken":0,"max_hp_gain":0,"max_hp_loss":0,"event_name":"Living Wall","floor":3,"gold_loss":0},{"cards_removed":["Strike_G"],"damage_healed":0,"gold_gain":0,"player_choice":"Took Card","damage_taken":0,"max_hp_gain":0,"max_hp_loss":0,"event_name":"NoteForYourself","floor":4,"gold_loss":0,"cards_obtained":["Iron Wave"]},{"damage_healed":0,"gold_gain":0,"player_choice":"Lose Max HP","damage_taken":0,"relics_obtained":["Golden Idol"],"max_hp_gain":0,"max_hp_loss":6,"event_name":"Golden Idol","floor":12,"gold_loss":0},{"damage_healed":0,"gold_gain":0,"player_choice":"Obtained Book","damage_taken":16,"max_hp_gain":0,"max_hp_loss":0,"event_name":"Cursed Tome","floor":21,"gold_loss":0},{"damage_healed":0,"gold_gain":0,"player_choice":"Inject Mutagens","damage_taken":0,"relics_obtained":["MutagenicStrength"],"max_hp_gain":0,"max_hp_loss":0,"event_name":"Drug Dealer","floor":27,"gold_loss":0},{"cards_removed":["Strike_G"],"damage_healed":0,"gold_gain":0,"player_choice":"Gave Gold","damage_taken":0,"max_hp_gain":0,"max_hp_loss":0,"event_name":"Beggar","floor":31,"gold_loss":75},{"damage_healed":0,"gold_gain":0,"player_choice":"Paid","damage_taken":0,"relics_obtained":["Red Mask"],"max_hp_gain":0,"max_hp_loss":0,"event_name":"Tomb of Lord Red Mask","floor":42,"gold_loss":26},{"damage_healed":0,"gold_gain":0,"player_choice":"Embrace Madness","damage_taken":9,"max_hp_gain":0,"max_hp_loss":0,"event_name":"Winding Halls","floor":45,"gold_loss":0,"cards_obtained":["Madness","Madness"]},{"damage_healed":0,"gold_gain":0,"player_choice":"Memory 3","damage_taken":10,"max_hp_gain":0,"max_hp_loss":0,"event_name":"SensoryStone","floor":46,"gold_loss":0},{"damage_healed":0,"gold_gain":0,"player_choice":"Ignored","damage_taken":0,"max_hp_gain":0,"max_hp_loss":0,"event_name":"SecretPortal","floor":47,"gold_loss":0}],"is_beta":false,"boss_relics":[{"not_picked":["Runic Dome","Snecko Eye"],"picked":"Eternal Feather"},{"not_picked":["Runic Pyramid","Velvet Choker"],"picked":"Fusion Hammer"}],"items_purged_floors":[41],"is_endless":false,"potions_floor_spawned":[5,6,14,20,24,30,38,48],"killed_by":"Donu and Deca","ascension_level":0}