{"gold_per_floor":[15,29,45,63,74,74,74,101,174,184,184,214,214,225,225,322,322,338,354,37,37,37,37,51,62,62,97,97,110,110,137,149,161],"floor_reached":33,"playtime":1964,"items_purged":["Strike_R"],"score":499,"play_id":"172461af-d948-48e3-83ee-c6deb50166a6","local_time":"20191001213630","is_ascension_mode":true,"campfire_choices":[{"data":"Armaments","floor":6,"key":"SMITH"},{"data":"Fire Breathing","floor":11,"key":"SMITH"},{"data":"Strike_R","floor":13,"key":"PURGE"},{"data":"Strike_R","floor":15,"key":"PURGE"},{"data":"Defend_R","floor":23,"key":"PURGE"},{"data":"Fire Breathing","floor":28,"key":"SMITH"},{"data":"Bludgeon","floor":32,"key":"SMITH"}],"neow_cost":"NO_GOLD","seed_source_timestamp":1070061869302399,"circlet_count":0,"master_deck":["AscendersBane","Defend_R","Defend_R","Defend_R","Bash","Feed","Ghostly Armor+1","Fire Breathing+1","Armaments+1","Whirlwind","Pummel","Blood for Blood","Double Tap","Bludgeon+1","Double Tap+1","Warcry+1","Blood for Blood","Searing Blow","Fire Breathing+1","Uppercut+1","Dropkick+1"],"relics":["Burning Blood","Turnip","Matryoshka","Peace Pipe","Velvet Choker","Membership Card","Happy Flower","Bronze Scales","Meat on the Bone","Molten Egg 2","Toxic Egg 2","War Paint","MawBank"],"potions_floor_usage":[8,16,27,31,33],"damage_taken":[{"damage":9,"enemies":"Cultist","floor":1,"turns":5},{"damage":1,"enemies":"2 Louse","floor":2,"turns":5},{"damage":13,"enemies":"Jaw Worm","floor":3,"turns":6},{"damage":7,"enemies":"Large Slime","floor":4,"turns":9},{"damage":17,"enemies":"Lots of Slimes","floor":5,"turns":4},{"damage":23,"enemies":"Gremlin Nob","floor":8,"turns":4},{"damage":5,"enemies":"Exordium Thugs","floor":10,"turns":5},{"damage":25,"enemies":"3 Sentries","floor":12,"turns":6},{"damage":16,"enemies":"Blue Slaver","floor":14,"turns":6},{"damage":34,"enemies":"Hexaghost","floor":16,"turns":9},{"damage":7,"enemies":"Chosen","floor":18,"turns":3},{"damage":17,"enemies":"2 Thieves","floor":19,"turns":3},{"damage":4,"enemies":"Snake Plant","floor":24,"turns":3},{"damage":16,"enemies":"Sentry and Sphere","floor":25,"turns":5},{"damage":22,"enemies":"Book of Stabbing","floor":27,"turns":3},{"damage":13,"enemies":"Snecko","floor":29,"turns":3},{"damage":81,"enemies":"Slavers","floor":31,"turns":5},{"damage":39,"enemies":"Champ","floor":33,"turns":6}],"seed_played":"2707862319050892748","potions_obtained":[{"floor":1,"key":"Swift Potion"},{"floor":3,"key":"SneckoOil"},{"floor":8,"key":"Poison Potion"},{"floor":14,"key":"BloodPotion"},{"floor":16,"key":"Strength Potion"},{"floor":24,"key":"Dexterity Potion"},{"floor":31,"key":"Ancient Potion"}],"is_trial":false,"path_per_floor":["M","M","M","M","M","R","?","E","T","M","R","E","R","M","R","B",null,"M","M","$","?","?","R","M","M","T","E","R","M","T","E","R","B"],"character_chosen":"IRONCLAD","items_purchased":["Membership Card","Happy Flower"],"campfire_rested":0,"item_purchase_floors":[20,20],"current_hp_per_floor":[72,80,76,79,71,71,71,54,54,59,59,44,44,37,37,12,86,85,74,74,74,74,74,76,66,66,62,62,67,67,34,34,0],"gold":161,"neow_bonus":"THREE_RARE_CARDS","is_prod":false,"is_daily":false,"chose_seed":false,"campfire_upgraded":4,"win_rate":0,"timestamp":1569962190,"path_taken":["M","M","?","M","M","R","?","E","T","?","R","E","R","M","R","BOSS","M","M","?","?","?","R","?","M","T","E","R","M","?","E","R","BOSS"],"build_version":"2019-07-17","purchased_purges":1,"victory":false,"max_hp_per_floor":[83,86,89,93,96,96,96,96,96,100,100,104,104,107,107,110,110,110,110,110,110,110,110,110,110,110,110,110,110,110,113,113,113],"card_choices":[{"not_picked":["Demon Form","Offering"],"picked":"Feed","floor":0},{"not_picked":["Perfected Strike","Uppercut"],"picked":"Ghostly Armor","floor":1},{"not_picked":["Thunderclap","Heavy Blade"],"picked":"Fire Breathing","floor":2},{"not_picked":["Shockwave","Iron Wave"],"picked":"Armaments","floor":3},{"not_picked":["Havoc","Clash"],"picked":"Whirlwind","floor":4},{"not_picked":["Sword Boomerang","Headbutt"],"picked":"Pummel","floor":5},{"not_picked":["Thunderclap","Anger"],"picked":"Double Tap","floor":8},{"not_picked":["Body Slam","Reckless Charge","Iron Wave"],"picked":"SKIP","floor":10},{"not_picked":["Whirlwind","Pommel Strike"],"picked":"Bludgeon","floor":12},{"not_picked":["Flex","Wild Strike","Twin Strike"],"picked":"SKIP","floor":14},{"not_picked":["Barricade","Offering"],"picked":"Double Tap","floor":16},{"not_picked":["Iron Wave","Searing Blow"],"picked":"Warcry+1","floor":18},{"not_picked":["Entrench","Evolve","Clash"],"picked":"SKIP","floor":19},{"not_picked":["True Grit","Sword Boomerang","Heavy Blade"],"picked":"SKIP","floor":24},{"not_picked":["Sword Boomerang+1","Heavy Blade","Twin Strike"],"picked":"SKIP","floor":25},{"not_picked":["Uppercut","Perfected Strike+1"],"picked":"Fire Breathing","floor":27},{"not_picked":["Body Slam+1","Clash+1"],"picked":"Uppercut+1","floor":29},{"not_picked":["Rampage+1","Power Through+1"],"picked":"Dropkick+1","floor":31}],"player_experience":227228,"relics_obtained":[{"floor":8,"key":"Turnip"},{"floor":9,"key":"Matryoshka"},{"floor":12,"key":"Peace Pipe"},{"floor":26,"key":"Bronze Scales"},{"floor":26,"key":"Meat on the Bone"},{"floor":27,"key":"Molten Egg 2"},{"floor":30,"key":"Toxic Egg 2"},{"floor":30,"key":"War Paint"},{"floor":31,"key":"MawBank"}],"event_choices":[{"damage_healed":0,"gold_gain":0,"cards_transformed":["Strike_R"],"player_choice":"Transformed","damage_taken":0,"max_hp_gain":0,"max_hp_loss":0,"event_name":"Transmorgrifier","floor":7,"gold_loss":0,"cards_obtained":["Blood for Blood"]},{"damage_healed":0,"gold_gain":0,"player_choice":"Read","damage_taken":0,"max_hp_gain":0,"max_hp_loss":0,"event_name":"The Library","floor":21,"gold_loss":0,"cards_obtained":["Blood for Blood"]},{"damage_healed":0,"gold_gain":0,"cards_transformed":["Strike_R"],"player_choice":"Transformed","damage_taken":0,"max_hp_gain":0,"max_hp_loss":0,"event_name":"Transmorgrifier","floor":22,"gold_loss":0,"cards_obtained":["Searing Blow"]}],"is_beta":false,"boss_relics":[{"not_picked":["Orrery","Eternal Feather"],"picked":"Velvet Choker"}],"items_purged_floors":[20],"is_endless":false,"potions_floor_spawned":[1,3,8,14,16,24,31],"killed_by":"Champ","ascension_level":10}