{"gold_per_floor":[117,117,127,127,146,146,180,180,180,197,227,247,264,275,275,380,380,400,400,400,400,400,435,435,435,435,435],"floor_reached":27,"playtime":1317,"items_purged":[],"score":350,"play_id":"84609fe7-90fb-4ddd-a7e3-75a62e35d368","local_time":"20190925190246","is_ascension_mode":true,"campfire_choices":[{"data":"Sever Soul","floor":6,"key":"SMITH"},{"data":"Armaments","floor":8,"key":"SMITH"},{"data":"Corruption","floor":15,"key":"SMITH"},{"data":"RitualDagger","floor":25,"key":"SMITH"}],"neow_cost":"NONE","seed_source_timestamp":543081527511000,"circlet_count":0,"master_deck":["Strike_R","Strike_R","Strike_R","Defend_R","Defend_R","Defend_R","Bash","Shrug It Off","Sever Soul+1","Sentinel","Armaments+1","Wild Strike","Shrug It Off","Corruption+1","Shrug It Off","Bludgeon","Wild Strike","RitualDagger+1","Sentinel","Double Tap"],"relics":["Burning Blood","Mango","Bird Faced Urn","Sundial","Black Star","Juzu Bracelet","Orichalcum","Vajra","Blue Candle"],"potions_floor_usage":[16,16,23,23],"damage_taken":[{"damage":6,"enemies":"2 Louse","floor":1,"turns":4},{"damage":1,"enemies":"Cultist","floor":3,"turns":4},{"damage":0,"enemies":"Small Slimes","floor":5,"turns":3},{"damage":32,"enemies":"Lagavulin","floor":7,"turns":5},{"damage":5,"enemies":"2 Fungi Beasts","floor":10,"turns":3},{"damage":14,"enemies":"3 Sentries","floor":11,"turns":12},{"damage":5,"enemies":"Lots of Slimes","floor":12,"turns":5},{"damage":3,"enemies":"Blue Slaver","floor":13,"turns":3},{"damage":0,"enemies":"Looter","floor":14,"turns":3},{"damage":52,"enemies":"The Guardian","floor":16,"turns":9},{"damage":0,"enemies":"Chosen","floor":18,"turns":3},{"damage":40,"enemies":"Gremlin Leader","floor":23,"turns":5},{"damage":25,"enemies":"Slavers","floor":27,"turns":3}],"seed_played":"-6124003797379992211","potions_obtained":[{"floor":1,"key":"Dexterity Potion"},{"floor":11,"key":"Block Potion"},{"floor":13,"key":"SpeedPotion"},{"floor":14,"key":"LiquidBronze"},{"floor":16,"key":"GamblersBrew"},{"floor":23,"key":"SteroidPotion"}],"is_trial":false,"path_per_floor":["M","?","M","?","M","R","E","R","T","M","E","M","M","M","R","B",null,"M","?","?","?","?","E","?","R","T","E"],"character_chosen":"IRONCLAD","items_purchased":[],"campfire_rested":0,"item_purchase_floors":[],"current_hp_per_floor":[72,72,77,77,80,80,68,68,68,69,61,62,67,75,75,31,78,86,67,61,61,52,20,20,20,20,0],"gold":435,"neow_bonus":"REMOVE_CARD","is_prod":false,"is_daily":false,"chose_seed":false,"campfire_upgraded":4,"win_rate":0,"timestamp":1569434566,"path_taken":["M","?","M","?","M","R","E","R","T","M","E","M","M","?","R","BOSS","M","?","?","?","?","E","?","R","T","E"],"build_version":"2019-07-17","purchased_purges":0,"victory":false,"max_hp_per_floor":[80,80,80,80,80,80,94,94,94,94,94,94,94,94,94,94,94,94,99,99,99,99,99,99,99,99,99],"card_choices":[{"not_picked":["Rupture","Hemokinesis"],"picked":"Shrug It Off","floor":1},{"not_picked":["Twin Strike","Perfected Strike"],"picked":"Sever Soul","floor":3},{"not_picked":["Feel No Pain","Intimidate"],"picked":"Sentinel","floor":5},{"not_picked":["Uppercut","Pummel"],"picked":"Armaments","floor":7},{"not_picked":["Iron Wave","True Grit"],"picked":"Wild Strike","floor":10},{"not_picked":["Blood for Blood","Cleave"],"picked":"Shrug It Off","floor":11},{"not_picked":["Twin Strike","Clothesline"],"picked":"Corruption","floor":12},{"not_picked":["Twin Strike","Anger"],"picked":"Shrug It Off","floor":13},{"not_picked":["Perfected Strike","Flex","Headbutt"],"picked":"SKIP","floor":14},{"not_picked":["Reaper","Fiend Fire"],"picked":"Bludgeon","floor":16},{"not_picked":["Sword Boomerang","Flex"],"picked":"Wild Strike","floor":18},{"not_picked":["Entrench","Inflame+1"],"picked":"Double Tap","floor":23}],"player_experience":396141,"relics_obtained":[{"floor":7,"key":"Mango"},{"floor":9,"key":"Bird Faced Urn"},{"floor":11,"key":"Sundial"},{"floor":23,"key":"Juzu Bracelet"},{"floor":23,"key":"Orichalcum"},{"floor":26,"key":"Blue Candle"}],"event_choices":[{"cards_removed":["Defend_R"],"damage_healed":0,"gold_gain":0,"player_choice":"Forget","damage_taken":0,"max_hp_gain":0,"max_hp_loss":0,"event_name":"Living Wall","floor":2,"gold_loss":0},{"cards_removed":["Strike_R"],"damage_healed":0,"gold_gain":0,"player_choice":"Offered Basic","damage_taken":0,"max_hp_gain":0,"max_hp_loss":0,"event_name":"Bonfire Elementals","floor":4,"gold_loss":0},{"damage_healed":0,"gold_gain":0,"player_choice":"Shed Blood","damage_taken":24,"max_hp_gain":5,"max_hp_loss":0,"event_name":"Forgotten Altar","floor":19,"gold_loss":0},{"damage_healed":0,"gold_gain":0,"player_choice":"Joined the Cult","damage_taken":6,"max_hp_gain":0,"max_hp_loss":0,"event_name":"Nest","floor":20,"gold_loss":0,"cards_obtained":["RitualDagger"]},{"damage_healed":0,"gold_gain":0,"player_choice":"Read","damage_taken":0,"max_hp_gain":0,"max_hp_loss":0,"event_name":"The Library","floor":21,"gold_loss":0,"cards_obtained":["Sentinel"]},{"damage_healed":0,"gold_gain":0,"player_choice":"Damaged","damage_taken":9,"max_hp_gain":0,"max_hp_loss":0,"event_name":"Wheel of Change","floor":22,"gold_loss":0},{"damage_healed":0,"gold_gain":0,"player_choice":"Opened","damage_taken":0,"relics_obtained":["Vajra"],"max_hp_gain":0,"max_hp_loss":0,"event_name":"The Mausoleum","floor":24,"gold_loss":0}],"is_beta":false,"boss_relics":[{"not_picked":["Eternal Feather","Fusion Hammer"],"picked":"Black Star"}],"items_purged_floors":[],"is_endless":false,"potions_floor_spawned":[1,11,13,14,16,23],"killed_by":"Slavers","ascension_level":7}