{"gold_per_floor":[112,287,297,372,391,419,431,451,474,198,228,239,264,283,283,283],"floor_reached":16,"playtime":1055,"items_purged":["Doubt"],"score":124,"play_id":"8dc38487-c94b-44a4-b53b-8fd460d8605c","local_time":"20181124195834","is_ascension_mode":false,"campfire_choices":[{"floor":15,"key":"RECALL"}],"neow_cost":"NONE","seed_source_timestamp":262101324301743,"circlet_count":0,"master_deck":["Strike_B","Strike_B","Strike_B","Strike_B","Defend_B","Defend_B","Defend_B","Defend_B","Zap","Dualcast","Beam Cell","Beam Cell","Self Repair","Seek","Compile Driver","Go for the Eyes","Aggregate","Dagger Throw","Sweeping Beam","Dagger Throw"],"relics":["Cracked Core","Dream Catcher","Pen Nib","PrismaticShard","Kunai","Mercury Hourglass"],"potions_floor_usage":[11,11,12,16],"damage_taken":[{"damage":6,"enemies":"Jaw Worm","floor":1,"turns":3},{"damage":6,"enemies":"Cultist","floor":3,"turns":3},{"damage":0,"enemies":"2 Louse","floor":5,"turns":2},{"damage":44,"enemies":"Lagavulin","floor":6,"turns":8},{"damage":3,"enemies":"Lots of Slimes","floor":7,"turns":5},{"damage":6,"enemies":"3 Louse","floor":8,"turns":2},{"damage":6,"enemies":"Gremlin Nob","floor":11,"turns":4},{"damage":0,"enemies":"2 Fungi Beasts","floor":12,"turns":3},{"damage":20,"enemies":"3 Sentries","floor":13,"turns":7},{"damage":5,"enemies":"Looter","floor":14,"turns":3},{"damage":28,"enemies":"The Guardian","floor":16,"turns":6}],"seed_played":"7502832237663701483","potions_obtained":[{"floor":6,"key":"Energy Potion"},{"floor":7,"key":"Block Potion"},{"floor":8,"key":"LiquidBronze"},{"floor":11,"key":"Block Potion"},{"floor":14,"key":"Ancient Potion"}],"is_trial":false,"path_per_floor":["M","?","M","T","M","E","M","M","T","$","E","M","E","M","R","B"],"character_chosen":"DEFECT","items_purchased":["PrismaticShard"],"campfire_rested":0,"item_purchase_floors":[10],"current_hp_per_floor":[76,76,70,70,70,33,37,31,31,31,32,39,26,21,21,0],"gold":283,"neow_bonus":"TEN_PERCENT_HP_BONUS","is_prod":false,"is_daily":false,"chose_seed":false,"campfire_upgraded":0,"win_rate":0,"timestamp":1543089514,"path_taken":["M","?","M","?","M","E","M","M","T","?","E","M","E","M","R","BOSS"],"build_version":"2018-11-15","purchased_purges":1,"victory":false,"max_hp_per_floor":[82,82,82,82,82,82,82,82,82,82,82,82,82,82,82,82],"card_choices":[{"not_picked":["Steam","Auto Shields"],"picked":"Beam Cell","floor":1},{"not_picked":["Stack","Coolheaded"],"picked":"Beam Cell","floor":3},{"not_picked":["Streamline","Turbo"],"picked":"Self Repair","floor":5},{"not_picked":["Fission","Beam Cell"],"picked":"Seek","floor":6},{"not_picked":["Steam","Barrage"],"picked":"Compile Driver","floor":7},{"not_picked":["Melter","Cold Snap"],"picked":"Go for the Eyes","floor":8},{"not_picked":["Acrobatics","Quick Slash"],"picked":"Aggregate","floor":11},{"not_picked":["Deadly Poison","Backflip"],"picked":"Dagger Throw","floor":12},{"not_picked":["Compile Driver","Wild Strike"],"picked":"Sweeping Beam","floor":13},{"not_picked":["Compile Driver","Masterful Stab"],"picked":"Dagger Throw","floor":14}],"player_experience":92085,"relics_obtained":[{"floor":6,"key":"Dream Catcher"},{"floor":9,"key":"Pen Nib"},{"floor":11,"key":"Kunai"},{"floor":13,"key":"Mercury Hourglass"}],"event_choices":[{"damage_healed":0,"gold_gain":175,"player_choice":"AGREE","damage_taken":0,"max_hp_gain":0,"max_hp_loss":0,"event_name":"Liars Game","floor":2,"gold_loss":0,"cards_obtained":["Doubt"]}],"is_beta":true,"boss_relics":[],"items_purged_floors":[10],"is_endless":false,"potions_floor_spawned":[6,7,8,11,14],"killed_by":"The Guardian","ascension_level":0}