{"gold_per_floor":[119,131,154,170,170,203,203,235,235,235],"floor_reached":10,"playtime":345,"items_purged":[],"score":106,"play_id":"328e383b-cbec-48be-bd07-6029fb139df6","local_time":"20190921214443","is_ascension_mode":true,"campfire_choices":[{"floor":7,"key":"REST"}],"neow_cost":"NONE","seed_source_timestamp":359004455591600,"circlet_count":0,"master_deck":["Strike_G","Strike_G","Strike_G","Strike_G","Strike_G","Defend_G","Defend_G","Defend_G","Defend_G","Defend_G","Survivor","Neutralize","Noxious Fumes","Dagger Spray","Quick Slash","Regret","Underhanded Strike","Choke"],"relics":["Ring of the Snake","NeowsBlessing","Unceasing Top","Ancient Tea Set","Nunchaku","Ninja Scroll"],"potions_floor_usage":[6],"damage_taken":[{"damage":0,"enemies":"Cultist","floor":1,"turns":1},{"damage":0,"enemies":"Jaw Worm","floor":2,"turns":1},{"damage":0,"enemies":"2 Louse","floor":4,"turns":1},{"damage":37,"enemies":"3 Sentries","floor":6,"turns":8},{"damage":60,"enemies":"Lagavulin","floor":8,"turns":7},{"damage":9,"enemies":"Lots of Slimes","floor":10,"turns":1}],"seed_played":"-104987960369831130","potions_obtained":[{"floor":4,"key":"Explosive Potion"},{"floor":6,"key":"FairyPotion"}],"is_trial":false,"path_per_floor":["M","M","T","M","?","E","R","E","T","M"],"character_chosen":"THE_SILENT","items_purchased":[],"campfire_rested":1,"item_purchase_floors":[],"current_hp_per_floor":[63,63,63,63,63,26,47,7,7,0],"gold":235,"neow_bonus":"THREE_ENEMY_KILL","is_prod":false,"is_daily":false,"chose_seed":false,"campfire_upgraded":0,"win_rate":0,"timestamp":1569116683,"path_taken":["M","M","?","M","?","E","R","E","T","M"],"build_version":"2019-07-17","purchased_purges":0,"victory":false,"max_hp_per_floor":[70,70,70,70,70,70,70,70,70,70],"card_choices":[{"not_picked":["Cloak And Dagger","Poisoned Stab"],"picked":"Noxious Fumes","floor":1},{"not_picked":["Acrobatics","Prepared"],"picked":"Dagger Spray","floor":2},{"not_picked":["Prepared","Burst"],"picked":"Quick Slash","floor":4},{"not_picked":["Reflex","Deadly Poison"],"picked":"Underhanded Strike","floor":6},{"not_picked":["Doppelganger","Accuracy"],"picked":"Choke","floor":8}],"player_experience":703752,"relics_obtained":[{"floor":6,"key":"Ancient Tea Set"},{"floor":8,"key":"Nunchaku"},{"floor":9,"key":"Ninja Scroll"}],"event_choices":[{"damage_healed":0,"gold_gain":0,"player_choice":"Box","damage_taken":0,"relics_obtained":["Unceasing Top"],"max_hp_gain":0,"max_hp_loss":0,"event_name":"Big Fish","floor":5,"gold_loss":0,"cards_obtained":["Regret"]}],"is_beta":false,"boss_relics":[],"items_purged_floors":[],"is_endless":false,"potions_floor_spawned":[4,6],"killed_by":"Lots of Slimes","ascension_level":8}