{"gold_per_floor":[368,384,384,459,471,471,489,489,489,519,529,592,592,625,625,723,723,723,723,723,723,723,723,723,723,723,723,723,723,723,723,723,723,723,723,723,723,723,723,723,723,723,723,723,723,723,29,29,29,29],"floor_reached":51,"playtime":3619,"items_purged":["Defend_B"],"score":1006,"play_id":"c806fed1-c52f-45b1-95af-f4a2c150dd53","local_time":"20190819224949","is_ascension_mode":true,"campfire_choices":[{"data":"Zap","floor":6,"key":"SMITH"},{"data":"Chaos","floor":8,"key":"SMITH"},{"floor":13,"key":"REST"},{"data":"Tempest","floor":15,"key":"SMITH"},{"data":"Sunder","floor":23,"key":"SMITH"},{"data":"Thunder Strike","floor":27,"key":"SMITH"},{"data":"Dualcast","floor":30,"key":"SMITH"},{"data":"Melter","floor":32,"key":"SMITH"},{"data":"Aggregate","floor":40,"key":"SMITH"},{"data":"Skim","floor":42,"key":"SMITH"},{"data":"Turbo","floor":44,"key":"SMITH"},{"data":"Reboot","floor":49,"key":"SMITH"}],"neow_cost":"TEN_PERCENT_HP_LOSS","seed_source_timestamp":376161466761312,"circlet_count":0,"master_deck":["Strike_B","Strike_B","Strike_B","Strike_B","Defend_B","Zap+1","Dualcast+1","Turbo+1","Chaos+1","FTL","Conserve Battery","Thunder Strike+1","Tempest+1","Conserve Battery","Leap","Seek","Conserve Battery","Sunder+1","Leap","Core Surge","Melter+1","Skim+1","Chill","Capacitor+1","Reboot+1","Aggregate+1","Glacier","Madness","Madness","Turbo+1","Leap+1","Skim+1","FTL+1","Creative AI","Sweeping Beam"],"relics":["Cracked Core","Ornamental Fan","Pen Nib","Incense Burner","Centennial Puzzle","theSenshi:SuperSailorFukuRelic","Ectoplasm","Potion Belt","Lantern","Thread and Needle","Nilry\u0027s Codex","Eternal Feather","Nunchaku","Ice Cream","Anchor","Kunai","Ginger","theSenshi:SailorFukuRelic"],"potions_floor_usage":[7,16,31,33,33,38,39,39,39,50,50,50],"damage_taken":[{"damage":0,"enemies":"Cultist","floor":1,"turns":4},{"damage":0,"enemies":"Small Slimes","floor":2,"turns":3},{"damage":0,"enemies":"2 Louse","floor":5,"turns":2},{"damage":11,"enemies":"Lots of Slimes","floor":7,"turns":4},{"damage":24,"enemies":"3 Sentries","floor":10,"turns":8},{"damage":8,"enemies":"3 Louse","floor":11,"turns":3},{"damage":17,"enemies":"3 Sentries","floor":12,"turns":5},{"damage":14,"enemies":"Gremlin Nob","floor":14,"turns":3},{"damage":0,"enemies":"Hexaghost","floor":16,"turns":8},{"damage":8,"enemies":"3 Byrds","floor":18,"turns":4},{"damage":0,"enemies":"Shell Parasite","floor":20,"turns":3},{"damage":4,"enemies":"Shelled Parasite and Fungi","floor":24,"turns":3},{"damage":0,"enemies":"Slavers","floor":25,"turns":4},{"damage":0,"enemies":"Snecko","floor":28,"turns":4},{"damage":0,"enemies":"Centurion and Healer","floor":31,"turns":7},{"damage":12,"enemies":"Collector","floor":33,"turns":5},{"damage":0,"enemies":"3 Shapes","floor":35,"turns":4},{"damage":12,"enemies":"Mind Bloom Boss Battle","floor":36,"turns":5},{"damage":0,"enemies":"Orb Walker","floor":38,"turns":2},{"damage":8,"enemies":"Transient","floor":39,"turns":5},{"damage":32,"enemies":"Giant Head","floor":41,"turns":9},{"damage":4,"enemies":"Jaw Worm Horde","floor":45,"turns":6},{"damage":0,"enemies":"Sphere and 2 Shapes","floor":46,"turns":5},{"damage":0,"enemies":"Reptomancer","floor":48,"turns":6},{"damage":26,"enemies":"Donu and Deca","floor":50,"turns":8}],"seed_played":"1410999651302319946","potions_obtained":[{"floor":2,"key":"SteroidPotion"},{"floor":7,"key":"SpeedPotion"},{"floor":12,"key":"GamblersBrew"},{"floor":19,"key":"FocusPotion"},{"floor":19,"key":"Explosive Potion"},{"floor":19,"key":"Fire Potion"},{"floor":24,"key":"Swift Potion"},{"floor":25,"key":"SkillPotion"},{"floor":28,"key":"FocusPotion"},{"floor":33,"key":"Strength Potion"},{"floor":35,"key":"Poison Potion"},{"floor":36,"key":"SkillPotion"},{"floor":41,"key":"LiquidBronze"}],"is_trial":false,"path_per_floor":["M","M","T","?","M","R","M","R","T","E","M","?","R","E","R","B",null,"M","?","M","?","?","R","M","E","T","R","M","?","R","M","R","B",null,"M","?","?","M","M","R","E","R","T","R","M","M","$","E","R","B",null],"character_chosen":"DEFECT","items_purchased":["Kunai","Ginger","FocusPotion"],"campfire_rested":1,"item_purchase_floors":[47,47,47],"current_hp_per_floor":[68,68,68,62,62,62,51,51,51,27,19,2,22,8,8,8,53,45,45,45,45,45,45,41,41,41,41,41,25,25,25,25,13,54,54,42,33,33,25,43,11,29,29,47,43,43,43,43,64,38],"gold":29,"neow_bonus":"TWO_FIFTY_GOLD","is_prod":false,"is_daily":false,"chose_seed":false,"campfire_upgraded":11,"win_rate":0,"timestamp":1566251389,"path_taken":["M","?","?","?","M","R","?","R","T","E","M","?","R","E","R","BOSS","M","?","?","?","?","R","?","E","T","R","M","?","R","M","R","BOSS","M","?","?","M","M","R","E","R","T","R","M","M","$","E","R","BOSS"],"build_version":"2019-07-17","purchased_purges":1,"victory":true,"max_hp_per_floor":[68,68,68,68,68,68,68,68,68,68,68,68,68,68,68,68,68,68,68,68,68,68,68,68,68,68,68,68,68,68,68,68,68,68,68,68,68,68,68,68,68,68,68,68,68,68,68,68,68,68],"card_choices":[{"not_picked":["Sweeping Beam","Stack"],"picked":"Turbo","floor":1},{"not_picked":["Turbo","Rebound"],"picked":"Chaos","floor":2},{"not_picked":["Gash","BootSequence"],"picked":"FTL","floor":5},{"not_picked":["BootSequence","Steam"],"picked":"Conserve Battery","floor":7},{"not_picked":["Rip and Tear","Chill"],"picked":"Thunder Strike","floor":10},{"not_picked":["Consume","Storm"],"picked":"Tempest","floor":11},{"not_picked":["Steam","Blizzard"],"picked":"Conserve Battery","floor":12},{"not_picked":["Turbo","Go for the Eyes"],"picked":"Leap","floor":14},{"not_picked":["Reboot","Biased Cognition"],"picked":"Seek","floor":16},{"not_picked":["Compile Driver","Barrage"],"picked":"Conserve Battery","floor":18},{"not_picked":["Seek","BootSequence+1"],"picked":"Sunder","floor":20},{"not_picked":["Barrage","Blizzard"],"picked":"Melter","floor":24},{"not_picked":["Stack","Barrage"],"picked":"Skim+1","floor":25},{"not_picked":["Steam","Leap"],"picked":"Chill","floor":28},{"not_picked":["Sweeping Beam","Storm+1"],"picked":"Capacitor+1","floor":31},{"not_picked":["Seek","All For One"],"picked":"Reboot","floor":33},{"not_picked":["Heatsinks+1","Coolheaded+1"],"picked":"Aggregate","floor":35},{"not_picked":["Barrage","Stack+1"],"picked":"Glacier","floor":36},{"not_picked":["Go for the Eyes","Stack+1"],"picked":"Turbo+1","floor":38},{"not_picked":["Chill","BootSequence"],"picked":"Leap+1","floor":39},{"not_picked":["Ball Lightning+1","Steam+1"],"picked":"Skim","floor":41},{"not_picked":["Go for the Eyes+1","Turbo+1"],"picked":"FTL+1","floor":45},{"not_picked":["Undo","Double Energy"],"picked":"Creative AI","floor":46},{"not_picked":["Rebound","Stack"],"picked":"Sweeping Beam","floor":48}],"player_experience":319109,"relics_obtained":[{"floor":3,"key":"Ornamental Fan"},{"floor":9,"key":"Pen Nib"},{"floor":10,"key":"Incense Burner"},{"floor":12,"key":"Centennial Puzzle"},{"floor":14,"key":"theSenshi:SuperSailorFukuRelic"},{"floor":25,"key":"Lantern"},{"floor":26,"key":"Thread and Needle"},{"floor":29,"key":"Nilry\u0027s Codex"},{"floor":36,"key":"Nunchaku"},{"floor":41,"key":"Ice Cream"},{"floor":43,"key":"Anchor"},{"floor":48,"key":"theSenshi:SailorFukuRelic"}],"event_choices":[{"damage_healed":0,"gold_gain":75,"player_choice":"Touch","damage_taken":6,"max_hp_gain":0,"max_hp_loss":0,"event_name":"FaceTrader","floor":4,"gold_loss":0},{"damage_healed":0,"gold_gain":0,"player_choice":"Searched \u00271\u0027 times","damage_taken":0,"max_hp_gain":0,"max_hp_loss":0,"event_name":"Dead Adventurer","floor":12,"gold_loss":0},{"damage_healed":0,"gold_gain":0,"player_choice":"Got Potions","damage_taken":0,"max_hp_gain":0,"max_hp_loss":0,"event_name":"Lab","floor":19,"gold_loss":0},{"damage_healed":0,"gold_gain":0,"cards_transformed":["Defend_B","Defend_B"],"player_choice":"Became Test Subject","damage_taken":0,"max_hp_gain":0,"max_hp_loss":0,"event_name":"Drug Dealer","floor":21,"gold_loss":0,"cards_obtained":["Leap","Core Surge"]},{"damage_healed":0,"gold_gain":0,"player_choice":"Gave Potion","damage_taken":0,"relics_obtained":["Potion Belt"],"max_hp_gain":0,"max_hp_loss":0,"event_name":"WeMeetAgain","floor":22,"gold_loss":0},{"damage_healed":0,"gold_gain":0,"player_choice":"Obtained Book","damage_taken":16,"max_hp_gain":0,"max_hp_loss":0,"event_name":"Cursed Tome","floor":29,"gold_loss":0},{"damage_healed":0,"gold_gain":0,"player_choice":"Fight","damage_taken":0,"max_hp_gain":0,"max_hp_loss":0,"event_name":"MindBloom","floor":36,"gold_loss":0},{"damage_healed":0,"gold_gain":0,"player_choice":"Embrace Madness","damage_taken":9,"max_hp_gain":0,"max_hp_loss":0,"event_name":"Winding Halls","floor":37,"gold_loss":0,"cards_obtained":["Madness","Madness"]}],"is_beta":false,"boss_relics":[{"not_picked":["FrozenCore","Runic Dome"],"picked":"Ectoplasm"},{"not_picked":["Inserter","Sozu"],"picked":"Eternal Feather"}],"items_purged_floors":[47],"is_endless":false,"potions_floor_spawned":[2,7,12,24,25,28,33,35,36,41],"ascension_level":5}