{"gold_per_floor":[110,110,9,9,9,45,65,89,89,89,11,55,71,96,96,215,215,233,253,253,253,253],"floor_reached":22,"playtime":3339,"items_purged":[],"score":343,"play_id":"1f51af8c-1f59-45f8-9c4f-66c0cf8bbb8d","local_time":"20190907124039","is_ascension_mode":true,"campfire_choices":[{"data":"Zap","floor":10,"key":"SMITH"},{"data":"Loop","floor":15,"key":"SMITH"}],"neow_cost":"NONE","seed_source_timestamp":67563724298100,"circlet_count":0,"master_deck":["Zap+1","Dualcast","Consume+1","Loop+1","Stack+1","Reprogram","Go for the Eyes+1","Redo","Hello World","Coolheaded","Heatsinks","Coolheaded","Electrodynamics","Undo","Hyperbeam","Doom and Gloom","Aggregate","Electrodynamics","Beam Cell","Double Energy","Sunder","Beam Cell+1","Steam","Bite","Bite","Bite","Bite","Bite"],"relics":["Cracked Core","NeowsBlessing","Golden Idol","Pear","Smiling Mask","Whetstone","Pandora\u0027s Box","War Paint"],"potions_floor_usage":[12,12,12,12,16,18,22,22],"damage_taken":[{"damage":0,"enemies":"Cultist","floor":1,"turns":1},{"damage":0,"enemies":"Gremlin Nob","floor":6,"turns":1},{"damage":0,"enemies":"Small Slimes","floor":7,"turns":1},{"damage":4,"enemies":"Jaw Worm","floor":8,"turns":3},{"damage":10,"enemies":"3 Sentries","floor":12,"turns":6},{"damage":9,"enemies":"Large Slime","floor":13,"turns":9},{"damage":12,"enemies":"3 Louse","floor":14,"turns":3},{"damage":16,"enemies":"Hexaghost","floor":16,"turns":12},{"damage":29,"enemies":"Chosen","floor":18,"turns":5},{"damage":37,"enemies":"2 Thieves","floor":19,"turns":4},{"damage":12,"enemies":"Snake Plant","floor":22,"turns":1}],"seed_played":"2856160052391605053","potions_obtained":[{"floor":1,"key":"Regen Potion"},{"floor":4,"key":"AttackPotion"},{"floor":4,"key":"EntropicBrew"},{"floor":14,"key":"GamblersBrew"},{"floor":16,"key":"Weak Potion"}],"is_trial":false,"path_per_floor":["M","?","$","?","$","E","M","M","T","R","$","E","M","M","R","B",null,"M","M","?","?","M"],"character_chosen":"DEFECT","items_purchased":["Loop","Stack","Hello World"],"campfire_rested":0,"item_purchase_floors":[3,3,11],"current_hp_per_floor":[68,50,50,50,50,60,60,56,56,56,56,61,52,40,40,24,70,41,4,4,4,0],"gold":253,"neow_bonus":"THREE_ENEMY_KILL","is_prod":false,"is_daily":false,"chose_seed":false,"campfire_upgraded":2,"win_rate":0,"timestamp":1567874439,"path_taken":["M","?","$","?","$","E","M","M","T","R","$","E","M","?","R","BOSS","M","M","?","?","M"],"build_version":"2019-07-17","purchased_purges":0,"victory":false,"max_hp_per_floor":[75,75,75,75,75,85,85,85,85,85,85,85,85,85,85,85,85,85,85,85,59,59],"card_choices":[{"not_picked":["Redo","Rip and Tear"],"picked":"Consume","floor":1},{"not_picked":["Compile Driver","FTL"],"picked":"Reprogram","floor":6},{"not_picked":["Streamline","Sweeping Beam"],"picked":"Go for the Eyes","floor":7},{"not_picked":["Reprogram","Rainbow"],"picked":"Redo","floor":8},{"not_picked":["Darkness","Stack"],"picked":"Coolheaded","floor":12},{"not_picked":["Steam","Auto Shields"],"picked":"Heatsinks","floor":13},{"not_picked":["Barrage","Rebound"],"picked":"Coolheaded","floor":14},{"not_picked":["Meteor Strike","Core Surge"],"picked":"Electrodynamics","floor":16},{"not_picked":["Rebound","Coolheaded"],"picked":"Beam Cell+1","floor":18},{"not_picked":["Sunder","Stack+1"],"picked":"Steam","floor":19}],"player_experience":488787,"relics_obtained":[{"floor":6,"key":"Pear"},{"floor":9,"key":"Smiling Mask"},{"floor":12,"key":"Whetstone"}],"event_choices":[{"damage_healed":0,"gold_gain":0,"player_choice":"Take Damage","damage_taken":18,"relics_obtained":["Golden Idol"],"max_hp_gain":0,"max_hp_loss":0,"event_name":"Golden Idol","floor":2,"gold_loss":0},{"damage_healed":0,"gold_gain":0,"player_choice":"Got Potions","damage_taken":0,"max_hp_gain":0,"max_hp_loss":0,"event_name":"Lab","floor":4,"gold_loss":0},{"damage_healed":0,"gold_gain":0,"player_choice":"Opened","damage_taken":0,"relics_obtained":["War Paint"],"max_hp_gain":0,"max_hp_loss":0,"event_name":"The Mausoleum","floor":20,"gold_loss":0},{"damage_healed":0,"gold_gain":0,"player_choice":"Became a vampire","damage_taken":0,"max_hp_gain":0,"max_hp_loss":26,"event_name":"Vampires","floor":21,"gold_loss":0,"cards_obtained":["Bite","Bite","Bite","Bite","Bite"]}],"is_beta":false,"boss_relics":[{"not_picked":["White Beast Statue","Tiny House"],"picked":"Pandora\u0027s Box"}],"items_purged_floors":[],"is_endless":false,"potions_floor_spawned":[1,6,8,14,16],"killed_by":"Snake Plant","ascension_level":9}