{"gold_per_floor":[116,135,135,135,152,181,200,200,200,219,36,36,70,83,83,184,184,198,198,6,17,33,33,61,91,91,119,119,119,152,162,162,263,263,274,274,288,238,318,348,348,366,366,386,396,427,26,126,126,126,126,126,24,50,50],"floor_reached":56,"playtime":5219,"items_purged":["Strike_G","Strike_G","Strike_G"],"score":1594,"play_id":"a39ce0ee-b505-4623-8f4c-d3b299789745","local_time":"20191002085303","is_ascension_mode":true,"campfire_choices":[{"floor":8,"key":"REST"},{"data":"Catalyst","floor":12,"key":"SMITH"},{"data":"Bouncing Flask","floor":15,"key":"SMITH"},{"floor":23,"key":"REST"},{"floor":29,"key":"REST"},{"floor":32,"key":"REST"},{"floor":41,"key":"RECALL"},{"data":"Footwork","floor":49,"key":"SMITH"},{"data":"Footwork","floor":52,"key":"SMITH"}],"neow_cost":"NONE","seed_source_timestamp":443690704405552,"circlet_count":0,"master_deck":["Strike_G","Defend_G+1","Defend_G","Defend_G","Defend_G","Defend_G","Survivor","Neutralize","Catalyst+1","Sucker Punch","Leg Sweep","Well Laid Plans","Bouncing Flask+1","Blur","Acrobatics","Footwork+1","Venomology","Burst+1","Crippling Poison","Catalyst+1","Blur+1","Footwork","Noxious Fumes+1","Prepared+1","Bullet Time","Noxious Fumes","Malaise","Deflect+1","Footwork+1","Deadly Poison","Dodge and Roll+1"],"relics":["Ring of the Snake","Vajra","WarpedTongs","Blue Candle","Bag of Marbles","Oddly Smooth Stone","Meat on the Bone","Philosopher\u0027s Stone","Art of War","DollysMirror","War Paint","Tiny Chest","Smiling Mask","Centennial Puzzle","Orichalcum","Coffee Dripper","Paper Crane","Ornamental Fan","Dream Catcher","TwistedFunnel","Strawberry","The Specimen","Ninja Scroll"],"potions_floor_usage":[16,16,18,22,24,24,24,27,27,30,31,33,35,37,40,40,40,42,46,46,46,50,50,54,54,54,55,55],"damage_taken":[{"damage":1,"enemies":"Small Slimes","floor":1,"turns":5},{"damage":3,"enemies":"Jaw Worm","floor":2,"turns":6},{"damage":2,"enemies":"Cultist","floor":5,"turns":3},{"damage":23,"enemies":"3 Sentries","floor":6,"turns":13},{"damage":3,"enemies":"Blue Slaver","floor":7,"turns":5},{"damage":3,"enemies":"Red Slaver","floor":10,"turns":2},{"damage":16,"enemies":"Gremlin Nob","floor":13,"turns":4},{"damage":1,"enemies":"3 Louse","floor":14,"turns":5},{"damage":3,"enemies":"The Guardian","floor":16,"turns":9},{"damage":5,"enemies":"Shell Parasite","floor":18,"turns":2},{"damage":4,"enemies":"2 Thieves","floor":21,"turns":4},{"damage":5,"enemies":"Cultist and Chosen","floor":22,"turns":4},{"damage":56,"enemies":"Slavers","floor":24,"turns":8},{"damage":14,"enemies":"Book of Stabbing","floor":27,"turns":6},{"damage":2,"enemies":"Gremlin Leader","floor":30,"turns":4},{"damage":9,"enemies":"3 Cultists","floor":31,"turns":6},{"damage":0,"enemies":"Champ","floor":33,"turns":8},{"damage":0,"enemies":"3 Shapes","floor":35,"turns":4},{"damage":0,"enemies":"Orb Walker","floor":37,"turns":4},{"damage":4,"enemies":"Nemesis","floor":40,"turns":5},{"damage":0,"enemies":"4 Shapes","floor":42,"turns":5},{"damage":0,"enemies":"Spire Growth","floor":44,"turns":3},{"damage":2,"enemies":"Writhing Mass","floor":45,"turns":4},{"damage":0,"enemies":"Reptomancer","floor":46,"turns":4},{"damage":0,"enemies":"Mind Bloom Boss Battle","floor":48,"turns":4},{"damage":20,"enemies":"Donu and Deca","floor":50,"turns":8},{"damage":0,"enemies":"Shield and Spear","floor":54,"turns":5},{"damage":28,"enemies":"The Heart","floor":55,"turns":8}],"seed_played":"-6274107593363253120","potions_obtained":[{"floor":6,"key":"Fire Potion"},{"floor":7,"key":"Ancient Potion"},{"floor":10,"key":"PowerPotion"},{"floor":16,"key":"PowerPotion"},{"floor":18,"key":"FearPotion"},{"floor":21,"key":"Ancient Potion"},{"floor":27,"key":"SpeedPotion"},{"floor":30,"key":"SteroidPotion"},{"floor":40,"key":"Swift Potion"},{"floor":48,"key":"SkillPotion"}],"is_trial":false,"path_per_floor":["M","M","?","?","M","E","M","R","T","M","$","R","E","M","R","B",null,"M","?","$","M","M","R","E","?","T","E","?","R","E","M","R","B",null,"M","?","M","$","T","E","R","M","T","M","M","E","$","?","R","B",null,"R","$","E","B",null],"character_chosen":"THE_SILENT","items_purchased":["Footwork","Oddly Smooth Stone","DollysMirror","TwistedFunnel","Strawberry","Weak Potion"],"campfire_rested":4,"item_purchase_floors":[11,11,20,47,47,53],"current_hp_per_floor":[69,66,59,59,57,34,31,52,52,49,49,49,33,44,44,41,63,58,58,58,54,49,70,40,40,40,38,38,59,57,48,69,69,70,70,70,70,70,70,66,66,66,66,66,64,64,71,71,71,51,71,71,71,71,43],"gold":50,"neow_bonus":"TRANSFORM_CARD","is_prod":false,"is_daily":false,"chose_seed":false,"campfire_upgraded":4,"win_rate":0,"timestamp":1570031583,"path_taken":["M","M","?","?","?","E","M","R","T","M","$","R","E","M","R","BOSS","M","?","$","?","M","R","E","?","T","E","?","R","E","M","R","BOSS","M","?","M","?","?","E","R","?","T","M","M","E","$","?","R","BOSS","R","$","E","BOSS"],"build_version":"2019-07-17","purchased_purges":3,"victory":true,"max_hp_per_floor":[70,70,70,70,70,70,70,70,70,70,70,70,70,70,70,70,70,70,70,70,70,70,70,70,70,70,70,70,70,70,70,70,70,70,70,70,70,70,70,70,70,70,70,70,70,70,77,77,77,77,77,77,77,77,77],"card_choices":[{"not_picked":["Deflect","Dagger Throw"],"picked":"Sucker Punch","floor":1},{"not_picked":["Concentrate","Cloak And Dagger"],"picked":"Leg Sweep","floor":2},{"not_picked":["Blade Dance","Terror"],"picked":"Well Laid Plans","floor":5},{"not_picked":["Flying Knee","Leg Sweep"],"picked":"Bouncing Flask","floor":6},{"not_picked":["Deadly Poison","Prepared"],"picked":"Blur","floor":7},{"not_picked":["Quick Slash","Sucker Punch"],"picked":"Acrobatics","floor":10},{"not_picked":["Quick Slash","Blade Dance","Flying Knee"],"picked":"SKIP","floor":13},{"not_picked":["Underhanded Strike","Acrobatics"],"picked":"Venomology","floor":14},{"not_picked":["Die Die Die","Glass Knife"],"picked":"Burst","floor":16},{"not_picked":["Flying Knee+1","Distraction"],"picked":"Crippling Poison","floor":18},{"not_picked":["Distraction+1","Masterful Stab","Dagger Throw"],"picked":"SKIP","floor":21},{"not_picked":["Prepared","Escape Plan"],"picked":"Blur+1","floor":22},{"not_picked":["Dagger Spray+1","Cloak And Dagger","Unload"],"picked":"SKIP","floor":24},{"not_picked":["Sucker Punch","All Out Attack"],"picked":"Footwork","floor":27},{"not_picked":["Prepared+1","Heel Hook+1"],"picked":"Noxious Fumes+1","floor":30},{"not_picked":["Outmaneuver","Accuracy"],"picked":"Prepared+1","floor":31},{"not_picked":["Wraith Form v2","Unload"],"picked":"Bullet Time","floor":33},{"not_picked":["Bane+1","Calculated Gamble"],"picked":"Noxious Fumes","floor":35},{"not_picked":["Sucker Punch","Dagger Throw+1","Bane+1"],"picked":"SKIP","floor":37},{"not_picked":["Deflect","Dodge and Roll","Dagger Throw+1"],"picked":"SKIP","floor":40},{"not_picked":["Underhanded Strike","Dodge and Roll+1"],"picked":"Malaise","floor":42},{"not_picked":["Expertise","Eviscerate"],"picked":"Deflect+1","floor":44},{"not_picked":["Endless Agony+1","Leg Sweep"],"picked":"Footwork","floor":45},{"not_picked":["Masterful Stab+1","Flying Knee+1"],"picked":"Deadly Poison","floor":46},{"not_picked":["Dagger Spray","Envenom"],"picked":"Dodge and Roll+1","floor":54}],"player_experience":654935,"relics_obtained":[{"floor":6,"key":"Blue Candle"},{"floor":9,"key":"Bag of Marbles"},{"floor":13,"key":"Meat on the Bone"},{"floor":24,"key":"War Paint"},{"floor":26,"key":"Smiling Mask"},{"floor":27,"key":"Centennial Puzzle"},{"floor":30,"key":"Orichalcum"},{"floor":39,"key":"Paper Crane"},{"floor":40,"key":"Ornamental Fan"},{"floor":46,"key":"Dream Catcher"},{"floor":48,"key":"The Specimen"},{"floor":54,"key":"Ninja Scroll"}],"event_choices":[{"damage_healed":0,"gold_gain":0,"player_choice":"Success","damage_taken":7,"relics_obtained":["Vajra"],"max_hp_gain":0,"max_hp_loss":0,"event_name":"Scrap Ooze","floor":3,"gold_loss":0},{"damage_healed":0,"gold_gain":0,"player_choice":"Rummage","damage_taken":0,"relics_obtained":["WarpedTongs"],"max_hp_gain":0,"max_hp_loss":0,"event_name":"Accursed Blacksmith","floor":4,"gold_loss":0,"cards_obtained":["Pain"]},{"damage_healed":0,"gold_gain":0,"player_choice":"Gave Potion","damage_taken":0,"relics_obtained":["Art of War"],"max_hp_gain":0,"max_hp_loss":0,"event_name":"WeMeetAgain","floor":19,"gold_loss":0},{"damage_healed":0,"gold_gain":0,"player_choice":"Opened","damage_taken":0,"relics_obtained":["Tiny Chest"],"max_hp_gain":0,"max_hp_loss":0,"event_name":"The Mausoleum","floor":25,"gold_loss":0,"cards_obtained":["Writhe"]},{"cards_removed":["Pain"],"damage_healed":0,"gold_gain":0,"player_choice":"Elegance","damage_taken":0,"max_hp_gain":0,"max_hp_loss":0,"event_name":"Back to Basics","floor":28,"gold_loss":0},{"cards_removed":["Writhe"],"damage_healed":0,"gold_gain":0,"player_choice":"Removed Curses","damage_taken":0,"max_hp_gain":0,"max_hp_loss":0,"event_name":"Fountain of Cleansing","floor":36,"gold_loss":0},{"damage_healed":0,"gold_gain":0,"player_choice":"Fight","damage_taken":0,"max_hp_gain":0,"max_hp_loss":0,"event_name":"MindBloom","floor":48,"gold_loss":0}],"is_beta":false,"boss_relics":[{"not_picked":["Ectoplasm","Astrolabe"],"picked":"Philosopher\u0027s Stone"},{"not_picked":["HoveringKite","Fusion Hammer"],"picked":"Coffee Dripper"}],"items_purged_floors":[38,47,53],"is_endless":false,"potions_floor_spawned":[6,7,10,13,16,18,21,27,30,40,44,48],"ascension_level":5}