{"gold_per_floor":[109,109,34,52,52,52,65,88,88,112,155,155,169,213,213,336,336,352,2,2,41,41,75,88,112,138,138,169,194,194,235,235,360,360,375,17,292,310,333,333,368,381,458,458,481,521,540,565,565,565,565,565,73,117,117],"floor_reached":56,"playtime":4810,"items_purged":["Strike_G","Setup","Riddle With Holes","Dagger Throw"],"score":1509,"play_id":"8d6ca2d6-d70a-4caa-8a43-aa4c3ca20964","local_time":"20181218201730","is_ascension_mode":false,"campfire_choices":[{"data":"Neutralize","floor":6,"key":"SMITH"},{"floor":12,"key":"RECALL"},{"data":"Venomology","floor":15,"key":"SMITH"},{"data":"Terror","floor":27,"key":"SMITH"},{"data":"Wraith Form v2","floor":32,"key":"SMITH"},{"data":"Venomology","floor":40,"key":"SMITH"},{"data":"Backstab","floor":44,"key":"SMITH"},{"data":"Escape Plan","floor":49,"key":"SMITH"},{"data":"Well Laid Plans","floor":52,"key":"SMITH"}],"neow_cost":"NONE","seed_source_timestamp":198219397654565,"circlet_count":0,"master_deck":["Survivor","Neutralize+1","Well Laid Plans+1","Backstab+1","Dagger Throw+1","Venomology+1","Die Die Die+1","Escape Plan+1","Endless Agony+1","Terror+1","Wraith Form v2+1","Dodge and Roll","Backstab+1","Quick Slash+1","Venomology+1","Flying Knee+1","Backstab+1","Endless Agony+1","Slice+1","Choke+1","Endless Agony+1","Unload+1","Backflip+1","Slice+1","Regret","Prepared+1","Deflect+1","Parasite","Slice+1","Purity","Deflect+1"],"relics":["Coffee Dripper","Golden Idol","Ornamental Fan","Dead Branch","Molten Egg 2","Pandora\u0027s Box","Membership Card","Happy Flower","Art of War","Red Mask","Mercury Hourglass","Darkstone Periapt","Dodecahedron","Gambling Chip","HoveringKite","Shuriken","Unceasing Top","Juzu Bracelet","Singing Bowl","Pear","Blue Candle","Toy Ornithopter","Whetstone","Bag of Preparation"],"potions_floor_usage":[14,16,18,18,29,33,33,35,35,38,39,42,42,42,45,45,46,46,46,47,48,50,50,54,55,55,55,55],"damage_taken":[{"damage":3,"enemies":"Jaw Worm","floor":1,"turns":5},{"damage":0,"enemies":"Cultist","floor":4,"turns":5},{"damage":0,"enemies":"Small Slimes","floor":7,"turns":4},{"damage":4,"enemies":"Exordium Wildlife","floor":8,"turns":4},{"damage":3,"enemies":"Red Slaver","floor":10,"turns":4},{"damage":1,"enemies":"3 Sentries","floor":11,"turns":11},{"damage":0,"enemies":"Looter","floor":13,"turns":3},{"damage":5,"enemies":"Lagavulin","floor":14,"turns":5},{"damage":31,"enemies":"Slime Boss","floor":16,"turns":13},{"damage":0,"enemies":"Shell Parasite","floor":18,"turns":3},{"damage":0,"enemies":"Masked Bandits","floor":21,"turns":2},{"damage":0,"enemies":"Slavers","floor":23,"turns":2},{"damage":0,"enemies":"Spheric Guardian","floor":24,"turns":1},{"damage":0,"enemies":"3 Cultists","floor":25,"turns":2},{"damage":0,"enemies":"Gremlin Leader","floor":28,"turns":3},{"damage":0,"enemies":"Centurion and Healer","floor":29,"turns":1},{"damage":0,"enemies":"Book of Stabbing","floor":31,"turns":2},{"damage":0,"enemies":"Champ","floor":33,"turns":5},{"damage":15,"enemies":"3 Darklings","floor":35,"turns":3},{"damage":0,"enemies":"Orb Walker","floor":38,"turns":1},{"damage":0,"enemies":"Writhing Mass","floor":39,"turns":3},{"damage":0,"enemies":"Reptomancer","floor":41,"turns":2},{"damage":0,"enemies":"4 Shapes","floor":42,"turns":5},{"damage":1,"enemies":"Sphere and 2 Shapes","floor":45,"turns":4},{"damage":0,"enemies":"Nemesis","floor":46,"turns":3},{"damage":0,"enemies":"Writhing Mass","floor":47,"turns":3},{"damage":5,"enemies":"Jaw Worm Horde","floor":48,"turns":3},{"damage":3,"enemies":"Donu and Deca","floor":50,"turns":3},{"damage":0,"enemies":"Shield and Spear","floor":54,"turns":2},{"damage":22,"enemies":"The Heart","floor":55,"turns":5}],"seed_played":"8746256681902845498","potions_obtained":[{"floor":1,"key":"EssenceOfSteel"},{"floor":10,"key":"LiquidBronze"},{"floor":11,"key":"AttackPotion"},{"floor":16,"key":"FearPotion"},{"floor":21,"key":"AttackPotion"},{"floor":29,"key":"EssenceOfSteel"},{"floor":31,"key":"AttackPotion"},{"floor":33,"key":"Weak Potion"},{"floor":42,"key":"LiquidBronze"},{"floor":45,"key":"Dexterity Potion"},{"floor":47,"key":"Dexterity Potion"}],"is_trial":false,"path_per_floor":["M","?","$","M","?","R","M","M","T","M","E","R","M","E","R","B",null,"M","$","?","?","$","E","M","M","T","R","E","M","?","E","R","B",null,"M","$","?","M","M","R","E","M","T","R","M","E","M","M","R","B",null,"R","$","E","B",null],"character_chosen":"THE_SILENT","items_purchased":["Membership Card","Happy Flower","Backstab+1","Shuriken","Unceasing Top","Slice+1","Blue Candle","Toy Ornithopter","Slice+1","Purity","FairyPotion","Whetstone"],"campfire_rested":0,"item_purchase_floors":[19,19,19,36,36,36,53,53,53,53,53,53],"current_hp_per_floor":[67,50,50,50,50,50,50,46,46,43,42,42,42,37,37,6,70,70,70,70,70,70,70,70,70,70,70,70,70,70,70,70,70,70,55,55,61,61,61,61,61,61,61,61,60,72,80,77,77,74,98,98,98,98,79],"gold":117,"neow_bonus":"BOSS_RELIC","is_prod":false,"is_daily":false,"chose_seed":false,"campfire_upgraded":8,"win_rate":0,"timestamp":1545164250,"path_taken":["M","?","$","M","?","R","?","M","T","M","E","R","M","E","R","BOSS","M","$","?","?","?","E","M","?","T","R","E","M","?","E","R","BOSS","M","$","?","?","M","R","E","M","T","R","M","E","M","M","R","BOSS","R","$","E","BOSS"],"build_version":"2018-12-17","purchased_purges":4,"victory":true,"max_hp_per_floor":[70,70,70,70,70,70,70,70,70,70,70,70,70,70,70,70,70,70,70,70,70,70,70,70,70,70,70,70,70,70,70,70,70,70,70,70,76,76,76,76,76,76,76,76,76,88,96,98,98,98,98,98,98,98,98],"card_choices":[{"not_picked":["Flechettes","Deadly Poison","Backflip"],"picked":"SKIP","floor":1},{"not_picked":["Bane","Outmaneuver"],"picked":"Dagger Throw","floor":4},{"not_picked":["Skewer","All Out Attack"],"picked":"Riddle With Holes","floor":7},{"not_picked":["Underhanded Strike","PiercingWail","Caltrops"],"picked":"SKIP","floor":8},{"not_picked":["Acrobatics","Concentrate"],"picked":"Well Laid Plans","floor":10},{"not_picked":["Wraith Form v2","All Out Attack"],"picked":"Backstab","floor":11},{"not_picked":["Sucker Punch","Deadly Poison"],"picked":"Dagger Throw","floor":13},{"not_picked":["Dagger Spray","Backflip"],"picked":"Venomology","floor":14},{"not_picked":["Storm of Steel","Envenom"],"picked":"Die Die Die+1","floor":16},{"not_picked":["Leg Sweep","Quick Slash+1"],"picked":"Flying Knee+1","floor":18},{"not_picked":["Acrobatics","Blade Dance","Backflip+1"],"picked":"SKIP","floor":23},{"not_picked":["Dodge and Roll","Sucker Punch+1"],"picked":"Endless Agony+1","floor":24},{"not_picked":["Footwork","Predator+1"],"picked":"Slice+1","floor":25},{"not_picked":["Quick Slash+1","Dagger Spray+1"],"picked":"Choke+1","floor":28},{"not_picked":["Burst","Acrobatics"],"picked":"Endless Agony+1","floor":29},{"not_picked":["Quick Slash+1","Terror","Prepared"],"picked":"SKIP","floor":31},{"not_picked":["Tools of the Trade","Burst"],"picked":"Unload+1","floor":33},{"not_picked":["Cloak And Dagger","Sucker Punch+1"],"picked":"Backflip+1","floor":35},{"not_picked":["Footwork","Noxious Fumes+1","Outmaneuver+1"],"picked":"SKIP","floor":38},{"not_picked":["Cloak And Dagger","Dodge and Roll","Masterful Stab+1"],"picked":"SKIP","floor":39},{"not_picked":["Underhanded Strike+1","Masterful Stab+1"],"picked":"Prepared+1","floor":41},{"not_picked":["Flying Knee+1","Cloak And Dagger","Dagger Throw+1"],"picked":"SKIP","floor":42},{"not_picked":["Poisoned Stab+1","Well Laid Plans+1"],"picked":"Deflect+1","floor":45},{"not_picked":["Blur","Accuracy+1","Underhanded Strike+1"],"picked":"Singing Bowl","floor":46},{"not_picked":["Masterful Stab+1","Burst","Choke+1"],"picked":"Singing Bowl","floor":47},{"not_picked":["Noxious Fumes","Flying Knee+1","Cloak And Dagger+1"],"picked":"Singing Bowl","floor":48},{"not_picked":["Bane+1","Masterful Stab+1"],"picked":"Deflect+1","floor":54}],"player_experience":226066,"relics_obtained":[{"floor":9,"key":"Ornamental Fan"},{"floor":11,"key":"Dead Branch"},{"floor":14,"key":"Molten Egg 2"},{"floor":21,"key":"Red Mask"},{"floor":23,"key":"Mercury Hourglass"},{"floor":28,"key":"Darkstone Periapt"},{"floor":31,"key":"Gambling Chip"},{"floor":41,"key":"Juzu Bracelet"},{"floor":43,"key":"Singing Bowl"},{"floor":46,"key":"Pear"},{"floor":54,"key":"Bag of Preparation"}],"event_choices":[{"damage_healed":0,"gold_gain":0,"player_choice":"Take Damage","damage_taken":17,"relics_obtained":["Golden Idol"],"max_hp_gain":0,"max_hp_loss":0,"event_name":"Golden Idol","floor":2,"gold_loss":0},{"damage_healed":0,"gold_gain":0,"cards_transformed":["Strike_G"],"player_choice":"Transformed","damage_taken":0,"max_hp_gain":0,"max_hp_loss":0,"event_name":"Transmorgrifier","floor":5,"gold_loss":0,"cards_obtained":["Setup"]},{"damage_healed":0,"gold_gain":0,"player_choice":"Opened","damage_taken":0,"relics_obtained":["Art of War"],"max_hp_gain":0,"max_hp_loss":0,"event_name":"The Mausoleum","floor":20,"gold_loss":0},{"damage_healed":0,"gold_gain":0,"player_choice":"Fought Bandits","damage_taken":0,"max_hp_gain":0,"max_hp_loss":0,"event_name":"Masked Bandits","floor":21,"gold_loss":0},{"damage_healed":0,"gold_gain":0,"player_choice":"Gave Potion","damage_taken":0,"relics_obtained":["Dodecahedron"],"max_hp_gain":0,"max_hp_loss":0,"event_name":"WeMeetAgain","floor":30,"gold_loss":0},{"damage_healed":0,"gold_gain":275,"player_choice":"Desecrate","damage_taken":0,"max_hp_gain":0,"max_hp_loss":0,"event_name":"Golden Shrine","floor":37,"gold_loss":0,"cards_obtained":["Regret"]}],"is_beta":true,"boss_relics":[{"not_picked":["Cursed Key","Tiny House"],"picked":"Pandora\u0027s Box"},{"not_picked":["Velvet Choker","Sozu"],"picked":"HoveringKite"}],"items_purged_floors":[3,19,36,53],"is_endless":false,"potions_floor_spawned":[1,10,11,16,21,29,31,33,42,45,47],"ascension_level":0}