{"gold_per_floor":[110,110,134,134,148,148,165,193,193,221,221,251,251,251],"floor_reached":14,"playtime":533,"items_purged":[],"score":184,"play_id":"dfa0117e-d28b-44ab-9e14-733843ba1d66","local_time":"20191001143727","is_ascension_mode":true,"campfire_choices":[{"data":"Body Slam","floor":6,"key":"SMITH"},{"data":"Body Slam","floor":11,"key":"SMITH"},{"data":"Body Slam","floor":13,"key":"SMITH"}],"neow_cost":"TEN_PERCENT_HP_LOSS","seed_source_timestamp":1046350941060300,"circlet_count":0,"master_deck":["AscendersBane","Strike_R","Strike_R","Strike_R","Strike_R","Strike_R","Defend_R","Defend_R","Defend_R","Defend_R","Bash","Body Slam+1","Body Slam+1","True Grit","Body Slam+1","Body Slam+1","Corruption"],"relics":["Burning Blood","Unceasing Top","Lantern","Orichalcum","The Courier","Blue Candle","Matryoshka","Smiling Mask"],"potions_floor_usage":[8,10],"damage_taken":[{"damage":0,"enemies":"Small Slimes","floor":1,"turns":3},{"damage":8,"enemies":"Jaw Worm","floor":5,"turns":4},{"damage":2,"enemies":"2 Louse","floor":7,"turns":3},{"damage":23,"enemies":"Lagavulin","floor":8,"turns":5},{"damage":19,"enemies":"3 Sentries","floor":10,"turns":13},{"damage":39,"enemies":"Gremlin Nob","floor":12,"turns":5},{"damage":8,"enemies":"Exordium Thugs","floor":14,"turns":2}],"seed_played":"-7928957842585264035","potions_obtained":[{"floor":1,"key":"SteroidPotion"},{"floor":8,"key":"EssenceOfSteel"}],"is_trial":false,"path_per_floor":["M","?","T","?","M","R","M","E","T","E","R","E","R","M"],"character_chosen":"IRONCLAD","items_purchased":[],"campfire_rested":0,"item_purchase_floors":[],"current_hp_per_floor":[72,69,69,69,67,67,71,54,54,41,41,8,8,0],"gold":251,"neow_bonus":"ONE_RARE_RELIC","is_prod":false,"is_daily":false,"chose_seed":false,"campfire_upgraded":3,"win_rate":0,"timestamp":1569937047,"path_taken":["M","?","?","?","?","R","M","E","T","E","R","E","R","M"],"build_version":"2019-07-17","purchased_purges":0,"victory":false,"max_hp_per_floor":[72,72,72,72,72,72,72,72,72,72,72,72,72,72],"card_choices":[{"not_picked":["Shockwave","Inflame"],"picked":"Body Slam","floor":1},{"not_picked":["Spot Weakness","Clash"],"picked":"Body Slam","floor":5},{"not_picked":["Uppercut","Feel No Pain"],"picked":"True Grit","floor":7},{"not_picked":["Dual Wield","Flex"],"picked":"Body Slam","floor":8},{"not_picked":["Thunderclap","Iron Wave"],"picked":"Body Slam","floor":10},{"not_picked":["Fire Breathing","Cleave"],"picked":"Corruption","floor":12}],"player_experience":219167,"relics_obtained":[{"floor":3,"key":"Orichalcum"},{"floor":8,"key":"The Courier"},{"floor":9,"key":"Blue Candle"},{"floor":10,"key":"Matryoshka"},{"floor":12,"key":"Smiling Mask"}],"event_choices":[{"damage_healed":0,"gold_gain":0,"player_choice":"Success","damage_taken":3,"relics_obtained":["Lantern"],"max_hp_gain":0,"max_hp_loss":0,"event_name":"Scrap Ooze","floor":2,"gold_loss":0},{"damage_healed":0,"gold_gain":0,"player_choice":"Forge","damage_taken":0,"max_hp_gain":0,"max_hp_loss":0,"event_name":"Accursed Blacksmith","floor":4,"gold_loss":0,"cards_upgraded":["Body Slam"]}],"is_beta":false,"boss_relics":[],"items_purged_floors":[],"is_endless":false,"potions_floor_spawned":[1,8],"killed_by":"Exordium Thugs","ascension_level":10}