{"gold_per_floor":[115,290,300,300,312,312,330,330,330,330,330,107,122,137,137,242,242,260,260,274,124,39,39,49,62,62,73,73,73,73,85,85,182,182,194,194,194,205,205,205,225,525,597,608,608],"floor_reached":45,"playtime":1120,"items_purged":["Doubt"],"score":457,"play_id":"4525ad36-3daf-4d37-bdf4-581144759374","local_time":"20181230150047","is_ascension_mode":false,"campfire_choices":[{"data":"Havoc","floor":6,"key":"SMITH"},{"data":"Shockwave","floor":8,"key":"SMITH"},{"data":"Flex","floor":10,"key":"SMITH"},{"data":"Shrug It Off","floor":15,"key":"SMITH"},{"data":"Double Tap","floor":23,"key":"SMITH"},{"data":"Dropkick","floor":28,"key":"SMITH"},{"floor":32,"key":"REST"},{"floor":40,"key":"REST"}],"neow_cost":"NONE","seed_source_timestamp":78114642084381,"circlet_count":0,"master_deck":["Strike_R","Strike_R","Strike_R","Strike_R","Strike_R","True Grit","Flex+1","Havoc+1","Shockwave+1","Dropkick+1","Shrug It Off+1","Double Tap+1","Shockwave+1","Sentinel+1","Demon Form+1","Heavy Blade+1","Perfected Strike","Twin Strike+1","Spot Weakness+1","Flex+1","Heavy Blade","Madness","Madness","Uppercut+1","Bandage Up","Master of Strategy","Discovery","Cleave","Clothesline+1"],"relics":["Burning Blood","NeowsBlessing","Pear","Orichalcum","Astrolabe","Juzu Bracelet","Kunai","Mummified Hand","Question Card","Empty Cage","Sundial"],"potions_floor_usage":[16,20,20,24,27],"damage_taken":[{"damage":0,"enemies":"Jaw Worm","floor":1,"turns":1},{"damage":0,"enemies":"Cultist","floor":3,"turns":1},{"damage":0,"enemies":"2 Louse","floor":5,"turns":1},{"damage":16,"enemies":"Red Slaver","floor":7,"turns":4},{"damage":1,"enemies":"Looter","floor":13,"turns":3},{"damage":13,"enemies":"Blue Slaver","floor":14,"turns":3},{"damage":36,"enemies":"The Guardian","floor":16,"turns":9},{"damage":24,"enemies":"2 Thieves","floor":18,"turns":4},{"damage":7,"enemies":"Shell Parasite","floor":20,"turns":3},{"damage":9,"enemies":"Snake Plant","floor":24,"turns":3},{"damage":27,"enemies":"Snecko","floor":25,"turns":5},{"damage":15,"enemies":"Centurion and Healer","floor":27,"turns":5},{"damage":29,"enemies":"Chosen and Byrds","floor":31,"turns":5},{"damage":15,"enemies":"Champ","floor":33,"turns":7},{"damage":17,"enemies":"Orb Walker","floor":35,"turns":4},{"damage":47,"enemies":"3 Darklings","floor":38,"turns":6},{"damage":23,"enemies":"4 Shapes","floor":41,"turns":9},{"damage":24,"enemies":"Transient","floor":44,"turns":5},{"damage":21,"enemies":"Writhing Mass","floor":45,"turns":3}],"seed_played":"9144576188344713923","potions_obtained":[{"floor":7,"key":"BloodPotion"},{"floor":13,"key":"Poison Potion"},{"floor":16,"key":"Energy Potion"},{"floor":18,"key":"Fire Potion"},{"floor":19,"key":"PowerPotion"},{"floor":25,"key":"Explosive Potion"},{"floor":31,"key":"SpeedPotion"},{"floor":44,"key":"Ancient Potion"}],"is_trial":false,"path_per_floor":["M","?","M","?","M","R","M","R","T","R","?","$","M","M","R","B",null,"M","?","M","$","?","R","M","M","T","M","R","?","T","M","R","B",null,"M","?","?","M","?","R","M","?","T","M","M"],"character_chosen":"IRONCLAD","items_purchased":["Orichalcum","Juzu Bracelet"],"campfire_rested":2,"item_purchase_floors":[12,21],"current_hp_per_floor":[80,80,80,80,80,80,70,70,80,80,80,80,85,78,78,48,90,72,72,71,71,71,71,77,56,56,47,47,47,47,24,51,42,90,79,79,68,27,17,44,31,31,31,17,0],"gold":608,"neow_bonus":"THREE_ENEMY_KILL","is_prod":false,"is_daily":false,"chose_seed":false,"campfire_upgraded":6,"win_rate":0,"timestamp":1546200047,"path_taken":["M","?","M","?","M","R","?","R","T","R","?","$","M","?","R","BOSS","M","?","?","$","?","R","M","M","T","M","R","?","?","M","R","BOSS","M","?","?","M","?","R","M","?","T","M","M"],"build_version":"2018-12-20","purchased_purges":1,"victory":false,"max_hp_per_floor":[80,80,80,80,80,80,80,80,90,90,90,90,90,90,90,90,90,90,90,90,90,90,90,90,90,90,90,90,90,90,90,90,90,90,90,90,90,90,90,90,90,90,90,90,90],"card_choices":[{"not_picked":["Body Slam","Wild Strike"],"picked":"True Grit","floor":1},{"not_picked":["Burning Pact","Carnage"],"picked":"Flex","floor":3},{"not_picked":["Fiend Fire","Iron Wave"],"picked":"Havoc","floor":5},{"not_picked":["Sever Soul","Battle Trance"],"picked":"Shockwave","floor":7},{"not_picked":["Sever Soul","Corruption"],"picked":"Dropkick","floor":13},{"not_picked":["Armaments","Whirlwind"],"picked":"Shrug It Off","floor":14},{"not_picked":["Impervious","Exhume"],"picked":"Double Tap","floor":16},{"not_picked":["Evolve","Shrug It Off"],"picked":"Heavy Blade+1","floor":18},{"not_picked":["Ghostly Armor","Sentinel+1"],"picked":"Perfected Strike","floor":20},{"not_picked":["Fire Breathing+1","Ghostly Armor"],"picked":"Twin Strike+1","floor":24},{"not_picked":["Cleave","Whirlwind"],"picked":"Thunderclap","floor":25},{"not_picked":["Warcry+1","Havoc"],"picked":"Spot Weakness+1","floor":27},{"not_picked":["Havoc+1","Sentinel","Disarm"],"picked":"Flex+1","floor":31},{"not_picked":["Exhume","Feed","Berserk"],"picked":"Double Tap","floor":33},{"not_picked":["Pommel Strike+1","Burning Pact","Cleave"],"picked":"Heavy Blade","floor":35},{"not_picked":["Sword Boomerang","Clothesline","Cleave"],"picked":"Uppercut+1","floor":38},{"not_picked":["Mayhem","Deep Breath","Madness"],"picked":"Bandage Up","floor":39},{"not_picked":["Forethought","Jack Of All Trades","Finesse"],"picked":"Master of Strategy","floor":39},{"not_picked":["Madness","HandOfGreed","Jack Of All Trades"],"picked":"Discovery","floor":39},{"not_picked":["Clothesline","Wild Strike","Combust"],"picked":"Cleave","floor":41},{"not_picked":["Clash","Cleave","Inflame"],"picked":"Clothesline+1","floor":44}],"player_experience":281734,"relics_obtained":[{"floor":9,"key":"Pear"},{"floor":26,"key":"Mummified Hand"},{"floor":30,"key":"Question Card"},{"floor":43,"key":"Sundial"}],"event_choices":[{"damage_healed":0,"gold_gain":175,"player_choice":"AGREE","damage_taken":0,"max_hp_gain":0,"max_hp_loss":0,"event_name":"Liars Game","floor":2,"gold_loss":0,"cards_obtained":["Doubt"]},{"cards_removed":["Defend_R"],"damage_healed":0,"gold_gain":0,"player_choice":"Offered Basic","damage_taken":0,"max_hp_gain":0,"max_hp_loss":0,"event_name":"Bonfire Elementals","floor":4,"gold_loss":0},{"damage_healed":0,"gold_gain":0,"player_choice":"Upgraded","damage_taken":0,"max_hp_gain":0,"max_hp_loss":0,"event_name":"Upgrade Shrine","floor":11,"gold_loss":0,"cards_upgraded":["Bash"]},{"damage_healed":0,"gold_gain":0,"player_choice":"Got Potions","damage_taken":0,"max_hp_gain":0,"max_hp_loss":0,"event_name":"Lab","floor":19,"gold_loss":0},{"damage_healed":0,"gold_gain":0,"player_choice":"Obtained Relic","damage_taken":0,"relics_obtained":["Kunai"],"max_hp_gain":0,"max_hp_loss":0,"event_name":"Addict","floor":22,"gold_loss":85},{"damage_healed":0,"gold_gain":0,"player_choice":"Ignored","damage_taken":0,"max_hp_gain":0,"max_hp_loss":0,"event_name":"Vampires","floor":29,"gold_loss":0},{"cards_removed":["Bash"],"damage_healed":0,"gold_gain":0,"player_choice":"Removed Attack","damage_taken":0,"max_hp_gain":0,"max_hp_loss":0,"event_name":"Falling","floor":36,"gold_loss":0},{"damage_healed":0,"gold_gain":0,"player_choice":"Embrace Madness","damage_taken":11,"max_hp_gain":0,"max_hp_loss":0,"event_name":"Winding Halls","floor":37,"gold_loss":0,"cards_obtained":["Madness","Madness"]},{"damage_healed":0,"gold_gain":0,"player_choice":"Memory 3","damage_taken":10,"max_hp_gain":0,"max_hp_loss":0,"event_name":"SensoryStone","floor":39,"gold_loss":0},{"damage_healed":0,"gold_gain":300,"player_choice":"Gold","damage_taken":0,"max_hp_gain":0,"max_hp_loss":0,"event_name":"Wheel of Change","floor":42,"gold_loss":0}],"is_beta":false,"boss_relics":[{"not_picked":["Sozu","Tiny House"],"picked":"Astrolabe"},{"not_picked":["Runic Dome","Black Star"],"picked":"Empty Cage"}],"items_purged_floors":[12],"is_endless":false,"potions_floor_spawned":[7,13,16,18,25,31,44],"killed_by":"Writhing Mass","ascension_level":0}