{"gold_per_floor":[119,132,132,148,148,178,65,65,88,40,40,54,64,89,89,191,191,202,202,43,43,61,61,76,110,137,149,149,164,177,209,209,309,309,320,395,84,102,113,141,141,154,177,211,211,211,18,18,18,18],"floor_reached":51,"playtime":2735,"items_purged":["Strike_G","Strike_G","Dagger Spray"],"score":1217,"play_id":"0c22dbf3-f4a6-4a3c-b07a-3cbdb9283964","local_time":"20190525163804","is_ascension_mode":true,"campfire_choices":[{"floor":11,"key":"REST"},{"data":"Catalyst","floor":15,"key":"SMITH"},{"data":"Catalyst","floor":23,"key":"SMITH"},{"data":"Ghostly","floor":32,"key":"SMITH"},{"data":"Ghostly","floor":41,"key":"SMITH"},{"data":"Ghostly","floor":45,"key":"SMITH"},{"data":"Ghostly","floor":49,"key":"SMITH"}],"neow_cost":"NONE","seed_source_timestamp":9362957015379,"circlet_count":0,"master_deck":["Defend_G","Defend_G","Defend_G","Defend_G","Defend_G","Survivor","Neutralize","Poisoned Stab","After Image","Catalyst+1","Skewer","Deflect","Catalyst+1","Deadly Poison","Deadly Poison","Corpse Explosion","Leg Sweep","Calculated Gamble","Deadly Poison","RitualDagger","Deflect","PiercingWail","Blur","Ghostly+1","Ghostly+1","Ghostly","Ghostly+1","Ghostly+1","Tools of the Trade","Burst","Deflect+1","Outmaneuver+1","Bullet Time"],"relics":["Ring of the Snake","NeowsBlessing","Omamori","Question Card","PreservedInsect","Juzu Bracelet","Runic Pyramid","Orichalcum","Bronze Scales","Smiling Mask","Blood Vial","Lizard Tail","Pear","Lantern","Ancient Tea Set","Oddly Smooth Stone"],"potions_floor_usage":[6,14,14,40,50],"damage_taken":[{"damage":0,"enemies":"2 Louse","floor":1,"turns":1},{"damage":0,"enemies":"Cultist","floor":2,"turns":1},{"damage":0,"enemies":"Jaw Worm","floor":4,"turns":1},{"damage":36,"enemies":"3 Sentries","floor":6,"turns":10},{"damage":1,"enemies":"Exordium Thugs","floor":12,"turns":4},{"damage":1,"enemies":"Blue Slaver","floor":13,"turns":5},{"damage":9,"enemies":"Gremlin Nob","floor":14,"turns":3},{"damage":27,"enemies":"The Guardian","floor":16,"turns":7},{"damage":0,"enemies":"Spheric Guardian","floor":18,"turns":3},{"damage":2,"enemies":"3 Byrds","floor":22,"turns":2},{"damage":9,"enemies":"Centurion and Healer","floor":24,"turns":10},{"damage":13,"enemies":"Gremlin Leader","floor":25,"turns":4},{"damage":10,"enemies":"Cultist and Chosen","floor":27,"turns":6},{"damage":0,"enemies":"Snake Plant","floor":29,"turns":4},{"damage":0,"enemies":"Chosen and Byrds","floor":30,"turns":5},{"damage":5,"enemies":"Book of Stabbing","floor":31,"turns":6},{"damage":0,"enemies":"Champ","floor":33,"turns":6},{"damage":11,"enemies":"3 Shapes","floor":35,"turns":2},{"damage":1,"enemies":"Orb Walker","floor":38,"turns":3},{"damage":6,"enemies":"Transient","floor":39,"turns":5},{"damage":8,"enemies":"Giant Head","floor":40,"turns":7},{"damage":0,"enemies":"Spire Growth","floor":42,"turns":5},{"damage":0,"enemies":"Nemesis","floor":44,"turns":5},{"damage":8,"enemies":"Time Eater","floor":50,"turns":8}],"seed_played":"7810428840688515139","potions_obtained":[{"floor":2,"key":"Weak Potion"},{"floor":6,"key":"Weak Potion"},{"floor":12,"key":"AttackPotion"},{"floor":16,"key":"Energy Potion"},{"floor":18,"key":"Swift Potion"},{"floor":24,"key":"Swift Potion"},{"floor":30,"key":"GhostInAJar"},{"floor":31,"key":"Regen Potion"},{"floor":42,"key":"Regen Potion"}],"is_trial":false,"path_per_floor":["M","M","?","M","?","E","$","T","T","$","R","M","M","E","R","B",null,"M","?","$","?","M","R","M","E","T","M","?","M","M","E","R","B",null,"M","?","$","M","M","E","R","M","T","E","R","?","$","?","R","B",null],"character_chosen":"THE_SILENT","items_purchased":["Catalyst","Skewer","Deflect","Calculated Gamble","Deadly Poison","Pear","Oddly Smooth Stone"],"campfire_rested":1,"item_purchase_floors":[7,7,10,20,20,37,47],"current_hp_per_floor":[63,63,63,63,63,27,27,27,27,27,48,47,46,37,37,10,55,55,55,55,49,47,47,38,25,25,15,15,15,15,10,10,12,29,20,17,27,28,24,33,33,35,35,37,37,37,37,37,37,43],"gold":18,"neow_bonus":"THREE_ENEMY_KILL","is_prod":false,"is_daily":false,"chose_seed":false,"campfire_upgraded":6,"win_rate":0,"timestamp":1558795084,"path_taken":["M","M","?","?","?","E","$","?","T","$","R","M","M","E","R","BOSS","M","?","$","?","M","R","M","E","T","M","?","M","M","E","R","BOSS","M","?","$","M","M","E","R","M","T","E","R","?","$","?","R","BOSS"],"build_version":"2019-01-23","purchased_purges":3,"victory":true,"max_hp_per_floor":[70,70,70,70,70,70,70,70,70,70,70,70,70,70,70,70,70,70,70,70,70,70,70,70,70,70,70,35,35,35,35,35,35,35,35,35,45,45,45,45,45,45,45,45,45,45,45,43,43,43],"card_choices":[{"not_picked":["Prepared","Underhanded Strike"],"picked":"Poisoned Stab","floor":1},{"not_picked":["Poisoned Stab","Deadly Poison"],"picked":"Dagger Spray","floor":2},{"not_picked":["Cloak And Dagger","Flying Knee","Slice"],"picked":"SKIP","floor":4},{"not_picked":["Blade Dance","Concentrate"],"picked":"After Image","floor":6},{"not_picked":["Underhanded Strike","Prepared","Deflect"],"picked":"Catalyst","floor":12},{"not_picked":["Cloak And Dagger","Dagger Throw","PiercingWail"],"picked":"Deadly Poison","floor":13},{"not_picked":["Die Die Die","Blade Dance","Masterful Stab"],"picked":"Deadly Poison","floor":14},{"not_picked":["Grand Finale","Die Die Die","Bullet Time"],"picked":"Corpse Explosion","floor":16},{"not_picked":["Prepared","Caltrops","Dash"],"picked":"Leg Sweep","floor":18},{"not_picked":["Infinite Blades","Dagger Spray","Dodge and Roll"],"picked":"Deflect","floor":22},{"not_picked":["Catalyst","Well Laid Plans","Slice","Backflip"],"picked":"SKIP","floor":24},{"not_picked":["Underhanded Strike","Dagger Throw","Poisoned Stab"],"picked":"PiercingWail","floor":25},{"not_picked":["Finisher","Outmaneuver+1","Backflip"],"picked":"Blur","floor":27},{"not_picked":["Deadly Poison","Infinite Blades","Slice"],"picked":"Tools of the Trade","floor":29},{"not_picked":["Cloak And Dagger","Quick Slash","PiercingWail","Underhanded Strike"],"picked":"SKIP","floor":30},{"not_picked":["Poisoned Stab","Cloak And Dagger","Dodge and Roll","Infinite Blades+1"],"picked":"SKIP","floor":31},{"not_picked":["Glass Knife","Adrenaline","Die Die Die"],"picked":"Burst","floor":33},{"not_picked":["Slice+1","Caltrops+1","Dodge and Roll","Outmaneuver+1"],"picked":"SKIP","floor":35},{"not_picked":["Dagger Spray+1","Concentrate","Finisher+1"],"picked":"Deflect+1","floor":38},{"not_picked":["Cloak And Dagger+1","Dagger Spray+1","Calculated Gamble"],"picked":"Outmaneuver+1","floor":39},{"not_picked":["Poisoned Stab+1","Catalyst","Dodge and Roll"],"picked":"Bullet Time","floor":40},{"not_picked":["PiercingWail","Dagger Throw","Dash+1","Dagger Spray+1"],"picked":"SKIP","floor":42},{"not_picked":["Outmaneuver","Bouncing Flask+1","Dagger Throw+1","Heel Hook+1"],"picked":"SKIP","floor":44}],"player_experience":270123,"relics_obtained":[{"floor":6,"key":"Omamori"},{"floor":8,"key":"Question Card"},{"floor":9,"key":"PreservedInsect"},{"floor":14,"key":"Juzu Bracelet"},{"floor":25,"key":"Bronze Scales"},{"floor":26,"key":"Smiling Mask"},{"floor":31,"key":"Blood Vial"},{"floor":40,"key":"Lantern"},{"floor":43,"key":"Ancient Tea Set"}],"event_choices":[{"cards_removed":["Strike_G"],"damage_healed":0,"gold_gain":0,"player_choice":"Offered Basic","damage_taken":0,"max_hp_gain":0,"max_hp_loss":0,"event_name":"Bonfire Elementals","floor":3,"gold_loss":0},{"cards_removed":["Strike_G"],"damage_healed":0,"gold_gain":0,"player_choice":"Forget","damage_taken":0,"max_hp_gain":0,"max_hp_loss":0,"event_name":"Living Wall","floor":5,"gold_loss":0},{"damage_healed":0,"gold_gain":0,"player_choice":"Gave Potion","damage_taken":0,"relics_obtained":["Orichalcum"],"max_hp_gain":0,"max_hp_loss":0,"event_name":"WeMeetAgain","floor":19,"gold_loss":0},{"damage_healed":0,"gold_gain":0,"player_choice":"Joined the Cult","damage_taken":6,"max_hp_gain":0,"max_hp_loss":0,"event_name":"Nest","floor":21,"gold_loss":0,"cards_obtained":["RitualDagger"]},{"damage_healed":0,"gold_gain":0,"player_choice":"Became a Ghost","damage_taken":0,"max_hp_gain":0,"max_hp_loss":35,"event_name":"Ghosts","floor":28,"gold_loss":0,"cards_obtained":["Ghostly","Ghostly","Ghostly","Ghostly","Ghostly"]},{"damage_healed":0,"gold_gain":75,"player_choice":"Touch","damage_taken":3,"max_hp_gain":0,"max_hp_loss":0,"event_name":"FaceTrader","floor":36,"gold_loss":0},{"cards_removed":["Strike_G"],"damage_healed":0,"gold_gain":0,"player_choice":"Removed Attack","damage_taken":0,"max_hp_gain":0,"max_hp_loss":0,"event_name":"Falling","floor":46,"gold_loss":0},{"damage_healed":0,"gold_gain":0,"player_choice":"Max HP","damage_taken":0,"max_hp_gain":0,"max_hp_loss":2,"event_name":"Winding Halls","floor":48,"gold_loss":0}],"is_beta":false,"boss_relics":[{"not_picked":["Eternal Feather","Runic Dome"],"picked":"Runic Pyramid"},{"not_picked":["Astrolabe","Calling Bell"],"picked":"Lizard Tail"}],"items_purged_floors":[20,37,47],"is_endless":false,"potions_floor_spawned":[2,6,12,16,18,24,30,31,35,42],"ascension_level":9}