{"gold_per_floor":[109,109,127,52,70,70,130,130,130,150,208,223,223,241,241,241],"floor_reached":16,"playtime":788,"items_purged":["Defend_B"],"score":133,"play_id":"a1e0493d-0497-4ef9-98a0-39d573d69134","local_time":"20190923160104","is_ascension_mode":true,"campfire_choices":[{"data":"Zap","floor":6,"key":"SMITH"},{"data":"Redo","floor":8,"key":"SMITH"},{"data":"Sunder","floor":13,"key":"SMITH"},{"data":"Dualcast","floor":15,"key":"SMITH"}],"neow_cost":"NONE","seed_source_timestamp":359905982398400,"circlet_count":0,"master_deck":["Strike_B","Strike_B","Strike_B","Strike_B","Defend_B+1","Defend_B","Defend_B","Zap+1","Dualcast+1","Core Surge+1","Leap","Conserve Battery","Sunder+1","Redo+1","Darkness","Reinforced Body","Loop","Conserve Battery"],"relics":["Cracked Core","Bronze Scales","Du-Vu Doll","Tiny Chest"],"potions_floor_usage":[10,16],"damage_taken":[{"damage":3,"enemies":"Small Slimes","floor":1,"turns":3},{"damage":0,"enemies":"2 Louse","floor":3,"turns":4},{"damage":0,"enemies":"Cultist","floor":5,"turns":3},{"damage":13,"enemies":"3 Sentries","floor":7,"turns":6},{"damage":0,"enemies":"Gremlin Gang","floor":10,"turns":2},{"damage":15,"enemies":"3 Sentries","floor":11,"turns":6},{"damage":0,"enemies":"Red Slaver","floor":12,"turns":3},{"damage":0,"enemies":"Exordium Wildlife","floor":14,"turns":3},{"damage":24,"enemies":"The Guardian","floor":16,"turns":8}],"seed_played":"2974798551443979756","potions_obtained":[{"floor":3,"key":"SmokeBomb"},{"floor":5,"key":"Explosive Potion"},{"floor":7,"key":"Ancient Potion"},{"floor":11,"key":"PowerPotion"}],"is_trial":false,"path_per_floor":["M","?","M","$","M","R","?","R","T","M","E","M","R","M","R","B"],"character_chosen":"DEFECT","items_purchased":[],"campfire_rested":0,"item_purchase_floors":[],"current_hp_per_floor":[65,50,50,50,50,50,37,37,37,37,22,22,22,22,22,0],"gold":241,"neow_bonus":"ONE_RANDOM_RARE_CARD","is_prod":false,"is_daily":false,"chose_seed":false,"campfire_upgraded":4,"win_rate":0,"timestamp":1569250864,"path_taken":["M","?","M","$","M","R","?","R","T","M","E","M","R","M","R","BOSS"],"build_version":"2019-07-17","purchased_purges":1,"victory":false,"max_hp_per_floor":[75,75,75,75,75,75,75,75,75,75,75,75,75,75,75,75],"card_choices":[{"not_picked":["Go for the Eyes","Conserve Battery"],"picked":"Leap","floor":1},{"not_picked":["Barrage","Skim"],"picked":"Conserve Battery","floor":3},{"not_picked":["Rebound","Barrage"],"picked":"Sunder","floor":5},{"not_picked":["Compile Driver","Doom and Gloom"],"picked":"Redo","floor":7},{"not_picked":["Barrage","Compile Driver"],"picked":"Darkness","floor":10},{"not_picked":["Hyperbeam","Force Field"],"picked":"Reinforced Body","floor":11},{"not_picked":["Sweeping Beam","Barrage"],"picked":"Loop","floor":12},{"not_picked":["Barrage","Beam Cell"],"picked":"Conserve Battery","floor":14}],"player_experience":381354,"relics_obtained":[{"floor":7,"key":"Bronze Scales"},{"floor":9,"key":"Du-Vu Doll"},{"floor":11,"key":"Tiny Chest"}],"event_choices":[{"damage_healed":0,"gold_gain":0,"player_choice":"Entered Light","damage_taken":15,"max_hp_gain":0,"max_hp_loss":0,"event_name":"Shining Light","floor":2,"gold_loss":0,"cards_upgraded":["Defend_B","Core Surge"]},{"damage_healed":0,"gold_gain":30,"player_choice":"Searched \u00273\u0027 times","damage_taken":0,"max_hp_gain":0,"max_hp_loss":0,"event_name":"Dead Adventurer","floor":7,"gold_loss":0}],"is_beta":false,"boss_relics":[],"items_purged_floors":[4],"is_endless":false,"potions_floor_spawned":[3,5,7,11],"killed_by":"The Guardian","ascension_level":6}