{"gold_per_floor":[115,115,115,129,140,169,169,185,185,185,214,214,229,244,244,345,395,375,391,391,402,15,15,35,35,35,60,60,60,110,130,130,130],"floor_reached":33,"playtime":2776,"items_purged":[],"score":344,"play_id":"a7b88ff7-0bce-408f-8053-c1262c13d78d","local_time":"20190102143421","is_ascension_mode":true,"campfire_choices":[{"data":"Backflip","floor":7,"key":"SMITH"},{"data":"Leg Sweep","floor":15,"key":"SMITH"},{"floor":23,"key":"REST"},{"floor":25,"key":"REST"},{"floor":29,"key":"REST"},{"floor":32,"key":"REST"}],"neow_cost":"NONE","seed_source_timestamp":59865418267275,"circlet_count":0,"master_deck":["Defend_G","Defend_G+1","Defend_G","Defend_G","Defend_G","Strike_G","Strike_G","Strike_G","Strike_G","Survivor","Neutralize","Backstab","Sucker Punch","Backflip+1","Prepared","Choke","Storm of Steel","Bouncing Flask","Leg Sweep+1","Corpse Explosion","Backflip","Dodge and Roll","Leg Sweep","Crippling Poison","Footwork","Bouncing Flask","Predator"],"relics":["Ring of the Snake","Gambling Chip","Ice Cream","StoneCalendar","Strawberry","Tiny House","Pen Nib","Gremlin Horn","Pantograph","Shuriken","Nilry\u0027s Codex"],"potions_floor_usage":[6,6,11,14,21,24,31],"damage_taken":[{"damage":0,"enemies":"2 Louse","floor":1,"turns":3},{"damage":2,"enemies":"Jaw Worm","floor":4,"turns":4},{"damage":0,"enemies":"Small Slimes","floor":5,"turns":2},{"damage":15,"enemies":"3 Sentries","floor":6,"turns":7},{"damage":1,"enemies":"2 Fungi Beasts","floor":8,"turns":4},{"damage":12,"enemies":"Gremlin Nob","floor":11,"turns":3},{"damage":0,"enemies":"3 Louse","floor":13,"turns":4},{"damage":0,"enemies":"Exordium Thugs","floor":14,"turns":3},{"damage":49,"enemies":"The Guardian","floor":16,"turns":12},{"damage":8,"enemies":"2 Thieves","floor":18,"turns":4},{"damage":15,"enemies":"Chosen","floor":19,"turns":7},{"damage":10,"enemies":"Snake Plant","floor":21,"turns":7},{"damage":18,"enemies":"Centurion and Healer","floor":24,"turns":7},{"damage":49,"enemies":"Book of Stabbing","floor":27,"turns":9},{"damage":5,"enemies":"Shelled Parasite and Fungi","floor":31,"turns":8},{"damage":81,"enemies":"Champ","floor":33,"turns":13}],"seed_played":"-2161112538404728600","potions_obtained":[{"floor":0,"key":"FearPotion"},{"floor":0,"key":"AttackPotion"},{"floor":0,"key":"Weak Potion"},{"floor":8,"key":"Energy Potion"},{"floor":13,"key":"Energy Potion"},{"floor":16,"key":"LiquidBronze"},{"floor":17,"key":"SteroidPotion"},{"floor":18,"key":"PowerPotion"},{"floor":27,"key":"Strength Potion"},{"floor":31,"key":"SmokeBomb"}],"is_trial":false,"path_per_floor":["M","?","?","M","M","E","R","M","T","?","E","?","M","M","R","B",null,"M","M","?","M","$","R","M","R","T","E","?","R","?","M","R","B"],"character_chosen":"THE_SILENT","items_purchased":["Pen Nib","Gremlin Horn"],"campfire_rested":4,"item_purchase_floors":[22,22],"current_hp_per_floor":[70,63,63,61,61,46,46,45,45,68,56,51,51,51,51,2,82,74,59,43,33,33,59,41,67,67,18,2,28,28,23,49,0],"gold":130,"neow_bonus":"THREE_SMALL_POTIONS","is_prod":false,"is_daily":false,"chose_seed":false,"campfire_upgraded":2,"win_rate":0,"timestamp":1546457661,"path_taken":["M","?","?","M","M","E","R","M","T","?","E","?","M","M","R","BOSS","M","M","?","M","$","R","M","R","T","E","?","R","?","M","R","BOSS"],"build_version":"2018-12-20","purchased_purges":0,"victory":false,"max_hp_per_floor":[70,70,70,70,70,70,70,70,70,70,70,77,77,77,77,77,82,82,82,87,87,87,87,87,87,87,87,87,87,87,87,87,87],"card_choices":[{"not_picked":["Sucker Punch","Poisoned Stab"],"picked":"Backstab","floor":1},{"not_picked":["Slice","Terror"],"picked":"Sucker Punch","floor":4},{"not_picked":["Bane","Finisher"],"picked":"Backflip","floor":5},{"not_picked":["Acrobatics","Reflex"],"picked":"Prepared","floor":6},{"not_picked":["Riddle With Holes","Poisoned Stab"],"picked":"Choke","floor":8},{"not_picked":["Slice","Masterful Stab"],"picked":"Storm of Steel","floor":11},{"not_picked":["Setup","Bane"],"picked":"Bouncing Flask","floor":13},{"not_picked":["Quick Slash","Poisoned Stab"],"picked":"Leg Sweep","floor":14},{"not_picked":["Unload","Malaise"],"picked":"Corpse Explosion","floor":16},{"not_picked":["Masterful Stab","Tactician"],"picked":"Backflip","floor":17},{"not_picked":["Sucker Punch","All Out Attack"],"picked":"Dodge and Roll","floor":18},{"not_picked":["Cloak And Dagger","Finisher"],"picked":"Leg Sweep","floor":19},{"not_picked":["Sucker Punch+1","Accuracy"],"picked":"Crippling Poison","floor":21},{"not_picked":["Bane","Dodge and Roll"],"picked":"Footwork","floor":24},{"not_picked":["Underhanded Strike","Acrobatics"],"picked":"Bouncing Flask","floor":27},{"not_picked":["PiercingWail","Accuracy"],"picked":"Predator","floor":31}],"player_experience":323076,"relics_obtained":[{"floor":6,"key":"Gambling Chip"},{"floor":9,"key":"Ice Cream"},{"floor":11,"key":"StoneCalendar"},{"floor":26,"key":"Pantograph"},{"floor":27,"key":"Shuriken"},{"floor":28,"key":"Nilry\u0027s Codex"}],"event_choices":[{"cards_removed":["Strike_G"],"damage_healed":0,"gold_gain":0,"player_choice":"Card Removal","damage_taken":7,"max_hp_gain":0,"max_hp_loss":0,"event_name":"Golden Wing","floor":2,"gold_loss":0},{"damage_healed":0,"gold_gain":0,"player_choice":"Ignored","damage_taken":0,"max_hp_gain":0,"max_hp_loss":0,"event_name":"Liars Game","floor":3,"gold_loss":0},{"damage_healed":23,"gold_gain":0,"player_choice":"Banana","damage_taken":0,"max_hp_gain":0,"max_hp_loss":0,"event_name":"Big Fish","floor":10,"gold_loss":0},{"damage_healed":0,"gold_gain":0,"player_choice":"Success","damage_taken":12,"relics_obtained":["Strawberry"],"max_hp_gain":0,"max_hp_loss":0,"event_name":"Scrap Ooze","floor":12,"gold_loss":0},{"damage_healed":0,"gold_gain":0,"player_choice":"Shed Blood","damage_taken":21,"max_hp_gain":5,"max_hp_loss":0,"event_name":"Forgotten Altar","floor":20,"gold_loss":0},{"damage_healed":0,"gold_gain":0,"player_choice":"Obtained Book","damage_taken":16,"max_hp_gain":0,"max_hp_loss":0,"event_name":"Cursed Tome","floor":28,"gold_loss":0},{"damage_healed":0,"gold_gain":100,"player_choice":"Bet on Murderer","damage_taken":0,"max_hp_gain":0,"max_hp_loss":0,"event_name":"The Joust","floor":30,"gold_loss":50}],"is_beta":false,"boss_relics":[{"not_picked":["Ring of the Serpent","Philosopher\u0027s Stone"],"picked":"Tiny House"}],"items_purged_floors":[],"is_endless":false,"potions_floor_spawned":[8,13,16,18,27,31],"killed_by":"Champ","ascension_level":3}