{"gold_per_floor":[114,129,204,204,129,129,164,164,164,164],"floor_reached":10,"playtime":276,"items_purged":["Defend_B"],"score":105,"play_id":"bbd6bb6c-ab58-4c92-a603-7dbe973002dd","local_time":"20190615003408","is_ascension_mode":true,"campfire_choices":[{"data":"Zap","floor":6,"key":"SMITH"}],"neow_cost":"NONE","seed_source_timestamp":196026663049542,"circlet_count":0,"master_deck":["Strike_B","Strike_B","Strike_B","Strike_B","Defend_B","Defend_B","Zap+1","Dualcast","Leap","Leap","Reinforced Body"],"relics":["Cracked Core","Golden Idol","Pear","Frozen Egg 2"],"potions_floor_usage":[10],"damage_taken":[{"damage":5,"enemies":"2 Louse","floor":1,"turns":2},{"damage":7,"enemies":"Small Slimes","floor":2,"turns":3},{"damage":34,"enemies":"Lagavulin","floor":7,"turns":8},{"damage":11,"enemies":"Gremlin Nob","floor":10,"turns":2}],"seed_played":"6331342751369554554","potions_obtained":[{"floor":2,"key":"SteroidPotion"}],"is_trial":false,"path_per_floor":["M","M","?","?","$","R","E","?","T","E"],"character_chosen":"DEFECT","items_purchased":[],"campfire_rested":0,"item_purchase_floors":[],"current_hp_per_floor":[77,70,59,39,39,39,15,8,8,0],"gold":164,"neow_bonus":"TEN_PERCENT_HP_BONUS","is_prod":false,"is_daily":false,"chose_seed":false,"campfire_upgraded":1,"win_rate":0,"timestamp":1560555248,"path_taken":["M","M","?","?","?","R","E","?","T","E"],"build_version":"2019-01-23","purchased_purges":1,"victory":false,"max_hp_per_floor":[82,82,82,82,82,82,92,92,92,92],"card_choices":[{"not_picked":["Streamline","Barrage"],"picked":"Leap","floor":1},{"not_picked":["Ball Lightning","Compile Driver"],"picked":"Leap","floor":2},{"not_picked":["Amplify","Sweeping Beam"],"picked":"Reinforced Body","floor":7}],"player_experience":259193,"relics_obtained":[{"floor":7,"key":"Pear"},{"floor":9,"key":"Frozen Egg 2"}],"event_choices":[{"damage_healed":0,"gold_gain":75,"player_choice":"Gather Gold","damage_taken":11,"max_hp_gain":0,"max_hp_loss":0,"event_name":"World of Goop","floor":3,"gold_loss":0},{"damage_healed":0,"gold_gain":0,"player_choice":"Take Damage","damage_taken":20,"relics_obtained":["Golden Idol"],"max_hp_gain":0,"max_hp_loss":0,"event_name":"Golden Idol","floor":4,"gold_loss":0},{"cards_removed":["Defend_B"],"damage_healed":0,"gold_gain":0,"player_choice":"Card Removal","damage_taken":7,"max_hp_gain":0,"max_hp_loss":0,"event_name":"Golden Wing","floor":8,"gold_loss":0}],"is_beta":false,"boss_relics":[],"items_purged_floors":[5],"is_endless":false,"potions_floor_spawned":[2],"killed_by":"Gremlin Nob","ascension_level":5}