{"gold_per_floor":[112,62,137,137,137,137,158,158,158,174,174,188,206,230,230,354,354,373,373,400,420,420,420,443,443,466,466],"floor_reached":27,"playtime":1086,"items_purged":[],"score":305,"play_id":"80065c56-7b43-43eb-a17b-b83dde7545f2","local_time":"20191003115015","is_ascension_mode":true,"campfire_choices":[{"data":"Bash","floor":6,"key":"SMITH"},{"data":"Rampage","floor":8,"key":"SMITH"},{"data":"Whirlwind","floor":11,"key":"SMITH"},{"data":"Havoc","floor":15,"key":"SMITH"},{"data":"Havoc","floor":23,"key":"SMITH"},{"data":"Intimidate","floor":25,"key":"SMITH"}],"neow_cost":"NONE","seed_source_timestamp":1208566090041100,"circlet_count":0,"master_deck":["AscendersBane","Strike_R","Strike_R","Defend_R","Defend_R","Bash+1","Reaper","Intimidate+1","Rampage+1","Whirlwind+1","Shrug It Off","Havoc+1","Havoc+1","Demon Form","Flex+1","Demon Form+1","True Grit+1","Pommel Strike","Flame Barrier","Havoc+1"],"relics":["Burning Blood","Golden Idol","Bottled Lightning","Astrolabe","Omamori","Strawberry"],"potions_floor_usage":[16,18,21,24,27],"damage_taken":[{"damage":11,"enemies":"Cultist","floor":1,"turns":4},{"damage":12,"enemies":"Jaw Worm","floor":7,"turns":4},{"damage":10,"enemies":"Small Slimes","floor":10,"turns":3},{"damage":0,"enemies":"3 Louse","floor":12,"turns":2},{"damage":1,"enemies":"Exordium Wildlife","floor":13,"turns":4},{"damage":31,"enemies":"Exordium Thugs","floor":14,"turns":4},{"damage":10,"enemies":"Slime Boss","floor":16,"turns":9},{"damage":29,"enemies":"2 Thieves","floor":18,"turns":4},{"damage":42,"enemies":"Shell Parasite","floor":21,"turns":8},{"damage":6,"enemies":"Snecko","floor":24,"turns":4},{"damage":62,"enemies":"Book of Stabbing","floor":27,"turns":7}],"seed_played":"6629461803566121282","potions_obtained":[{"floor":1,"key":"SteroidPotion"},{"floor":12,"key":"GamblersBrew"},{"floor":13,"key":"Energy Potion"},{"floor":16,"key":"Regen Potion"},{"floor":18,"key":"Swift Potion"},{"floor":24,"key":"SpeedPotion"}],"is_trial":false,"path_per_floor":["M","?","?","?","?","R","M","R","T","M","R","M","M","M","R","B",null,"M","?","T","M","?","R","M","R","T","E"],"character_chosen":"IRONCLAD","items_purchased":[],"campfire_rested":0,"item_purchase_floors":[],"current_hp_per_floor":[73,73,62,42,42,42,42,42,42,42,42,48,61,44,44,43,71,58,58,58,22,22,22,46,46,53,0],"gold":466,"neow_bonus":"ONE_RANDOM_RARE_CARD","is_prod":false,"is_daily":false,"chose_seed":false,"campfire_upgraded":6,"win_rate":0,"timestamp":1570099815,"path_taken":["M","?","?","?","?","R","M","R","T","M","R","M","?","M","R","BOSS","M","?","?","M","?","R","M","R","T","E"],"build_version":"2019-07-17","purchased_purges":0,"victory":false,"max_hp_per_floor":[80,80,80,80,80,80,80,80,80,80,80,80,80,80,80,80,80,80,80,80,80,80,80,80,80,87,87],"card_choices":[{"not_picked":["Burning Pact","Flex"],"picked":"Intimidate","floor":1},{"not_picked":["Sentinel","Armaments"],"picked":"Rampage","floor":7},{"not_picked":["Rage","Havoc"],"picked":"Whirlwind","floor":10},{"not_picked":["Burning Pact","Sword Boomerang"],"picked":"Shrug It Off","floor":12},{"not_picked":["Body Slam","Clothesline"],"picked":"Havoc","floor":13},{"not_picked":["Sever Soul","Brutality"],"picked":"Havoc","floor":14},{"not_picked":["Impervious","Dark Embrace"],"picked":"Demon Form","floor":16},{"not_picked":["Clash+1","Rupture+1"],"picked":"Pommel Strike","floor":18},{"not_picked":["Thunderclap","Perfected Strike","Entrench"],"picked":"SKIP","floor":21},{"not_picked":["Sword Boomerang+1","Twin Strike","Spot Weakness"],"picked":"SKIP","floor":24}],"player_experience":229192,"relics_obtained":[{"floor":9,"key":"Bottled Lightning"},{"floor":20,"key":"Omamori"},{"floor":26,"key":"Strawberry"}],"event_choices":[{"cards_removed":["Defend_R"],"damage_healed":0,"gold_gain":0,"player_choice":"Card Removal","damage_taken":0,"max_hp_gain":0,"max_hp_loss":0,"event_name":"The Cleric","floor":2,"gold_loss":50},{"damage_healed":0,"gold_gain":75,"player_choice":"Gather Gold","damage_taken":11,"max_hp_gain":0,"max_hp_loss":0,"event_name":"World of Goop","floor":3,"gold_loss":0},{"damage_healed":0,"gold_gain":0,"player_choice":"Take Damage","damage_taken":20,"relics_obtained":["Golden Idol"],"max_hp_gain":0,"max_hp_loss":0,"event_name":"Golden Idol","floor":4,"gold_loss":0},{"cards_removed":["Strike_R"],"damage_healed":0,"gold_gain":0,"player_choice":"Forget","damage_taken":0,"max_hp_gain":0,"max_hp_loss":0,"event_name":"Living Wall","floor":5,"gold_loss":0},{"damage_healed":0,"gold_gain":0,"player_choice":"Read","damage_taken":0,"max_hp_gain":0,"max_hp_loss":0,"event_name":"The Library","floor":19,"gold_loss":0,"cards_obtained":["Flame Barrier"]},{"damage_healed":0,"gold_gain":0,"player_choice":"Copied","damage_taken":0,"max_hp_gain":0,"max_hp_loss":0,"event_name":"Duplicator","floor":22,"gold_loss":0,"cards_obtained":["Havoc"]}],"is_beta":false,"boss_relics":[{"not_picked":["Eternal Feather","Runic Dome"],"picked":"Astrolabe"}],"items_purged_floors":[],"is_endless":false,"potions_floor_spawned":[1,12,13,16,18,24],"killed_by":"Book of Stabbing","ascension_level":10}