{"gold_per_floor":[112,287,287,297,315,315,343,343,343,54,79,79,99,112,112,211,211,225,225,242,242],"floor_reached":21,"playtime":883,"items_purged":[],"score":236,"play_id":"f7456291-0e57-4078-a00d-e65c7aaad661","local_time":"20190513005910","is_ascension_mode":true,"campfire_choices":[{"data":"Underhanded Strike","floor":6,"key":"SMITH"},{"data":"Calculated Gamble","floor":8,"key":"SMITH"},{"data":"Bouncing Flask","floor":12,"key":"SMITH"},{"data":"Survivor","floor":15,"key":"SMITH"}],"neow_cost":"NONE","seed_source_timestamp":366620490857784,"circlet_count":0,"master_deck":["Defend_G","Defend_G","Defend_G","Defend_G","Defend_G","Strike_G","Strike_G","Strike_G","Strike_G","Survivor+1","Neutralize","Dagger Throw","Bouncing Flask+1","Underhanded Strike+1","Calculated Gamble+1","Poisoned Stab","Caltrops","Burst","Corpse Explosion","Eviscerate","Eviscerate"],"relics":["White Beast Statue","Letter Opener","Orichalcum","The Specimen","Omamori","HoveringKite"],"potions_floor_usage":[7,7,11,14,16,16,16,21],"damage_taken":[{"damage":5,"enemies":"2 Louse","floor":1,"turns":2},{"damage":7,"enemies":"Jaw Worm","floor":4,"turns":5},{"damage":1,"enemies":"Cultist","floor":5,"turns":3},{"damage":30,"enemies":"Gremlin Nob","floor":7,"turns":5},{"damage":16,"enemies":"Lagavulin","floor":11,"turns":5},{"damage":0,"enemies":"Looter","floor":13,"turns":2},{"damage":4,"enemies":"Gremlin Gang","floor":14,"turns":3},{"damage":1,"enemies":"Slime Boss","floor":16,"turns":6},{"damage":23,"enemies":"Spheric Guardian","floor":18,"turns":5},{"damage":22,"enemies":"Shell Parasite","floor":20,"turns":6},{"damage":29,"enemies":"Snecko","floor":21,"turns":4}],"seed_played":"3449846991248800906","potions_obtained":[{"floor":1,"key":"Strength Potion"},{"floor":4,"key":"Weak Potion"},{"floor":5,"key":"LiquidBronze"},{"floor":7,"key":"Poison Potion"},{"floor":11,"key":"Energy Potion"},{"floor":13,"key":"Energy Potion"},{"floor":14,"key":"Swift Potion"},{"floor":16,"key":"SteroidPotion"},{"floor":18,"key":"Strength Potion"},{"floor":20,"key":"Fire Potion"}],"is_trial":false,"path_per_floor":["M","?","?","M","M","R","E","R","T","$","E","R","M","M","R","B",null,"M","?","M","M"],"character_chosen":"THE_SILENT","items_purchased":["The Specimen"],"campfire_rested":0,"item_purchase_floors":[10],"current_hp_per_floor":[65,65,65,58,57,57,27,27,27,27,11,11,11,7,7,6,54,31,31,9,0],"gold":242,"neow_bonus":"BOSS_RELIC","is_prod":false,"is_daily":false,"chose_seed":false,"campfire_upgraded":4,"win_rate":0,"timestamp":1557705550,"path_taken":["M","?","?","?","M","R","E","R","T","$","E","R","M","M","R","BOSS","M","?","?","M"],"build_version":"2019-01-23","purchased_purges":0,"victory":false,"max_hp_per_floor":[70,70,70,70,70,70,70,70,70,70,70,70,70,70,70,70,70,70,70,70,70],"card_choices":[{"not_picked":["Flying Knee","Flechettes"],"picked":"Dagger Throw","floor":1},{"not_picked":["Blade Dance","Poisoned Stab"],"picked":"Bouncing Flask","floor":4},{"not_picked":["Prepared","Dagger Throw"],"picked":"Underhanded Strike","floor":5},{"not_picked":["Bane","Dagger Spray"],"picked":"Calculated Gamble","floor":7},{"not_picked":["Flying Knee","Slice"],"picked":"Poisoned Stab","floor":11},{"not_picked":["Infinite Blades","Acrobatics"],"picked":"Caltrops","floor":13},{"not_picked":["Caltrops","Dagger Spray"],"picked":"Burst","floor":14},{"not_picked":["Doppelganger","Phantasmal Killer"],"picked":"Corpse Explosion","floor":16},{"not_picked":["Underhanded Strike","Distraction"],"picked":"Eviscerate","floor":18},{"not_picked":["Deadly Poison","Blade Dance"],"picked":"Eviscerate","floor":20}],"player_experience":247023,"relics_obtained":[{"floor":7,"key":"Letter Opener"},{"floor":9,"key":"Orichalcum"},{"floor":11,"key":"Omamori"}],"event_choices":[{"damage_healed":0,"gold_gain":175,"player_choice":"AGREE","damage_taken":0,"max_hp_gain":0,"max_hp_loss":0,"event_name":"Liars Game","floor":2,"gold_loss":0,"cards_obtained":["Doubt"]},{"cards_removed":["Doubt"],"damage_healed":0,"gold_gain":0,"player_choice":"Purged","damage_taken":0,"max_hp_gain":0,"max_hp_loss":0,"event_name":"Purifier","floor":3,"gold_loss":0},{"cards_removed":["Strike_G"],"damage_healed":0,"gold_gain":0,"player_choice":"Offered Basic","damage_taken":0,"max_hp_gain":0,"max_hp_loss":0,"event_name":"Bonfire Elementals","floor":19,"gold_loss":0}],"is_beta":false,"boss_relics":[{"not_picked":["Runic Pyramid","Tiny House"],"picked":"HoveringKite"}],"items_purged_floors":[],"is_endless":false,"potions_floor_spawned":[1,4,5,7,11,13,14,16,18,20],"killed_by":"Snecko","ascension_level":5}