{"gold_per_floor":[118,43,43,43,61,96,96,110,110,60,60,235,251,1,1,1],"floor_reached":16,"playtime":508,"items_purged":["Decay","Doubt"],"score":118,"play_id":"22ca50d1-8ef4-49ae-a3b9-8c3dcd310690","local_time":"20190508213728","is_ascension_mode":true,"campfire_choices":[{"data":"Zap","floor":7,"key":"SMITH"},{"data":"Recycle","floor":15,"key":"SMITH"}],"neow_cost":"CURSE","seed_source_timestamp":9291003681901,"circlet_count":0,"master_deck":["Strike_B","Strike_B","Strike_B","Defend_B","Defend_B","Defend_B","Defend_B","Zap+1","Dualcast","Loop","Conserve Battery","Gash","Recycle+1"],"relics":["Cracked Core","WingedGreaves","Du-Vu Doll","Pen Nib","Bottled Flame","Vajra"],"potions_floor_usage":[6,13],"damage_taken":[{"damage":2,"enemies":"Cultist","floor":1,"turns":4},{"damage":8,"enemies":"2 Louse","floor":5,"turns":2},{"damage":25,"enemies":"3 Sentries","floor":6,"turns":7},{"damage":10,"enemies":"Small Slimes","floor":8,"turns":3},{"damage":5,"enemies":"Gremlin Gang","floor":13,"turns":6},{"damage":32,"enemies":"The Guardian","floor":16,"turns":5}],"seed_played":"5899445300060995357","potions_obtained":[{"floor":1,"key":"Strength Potion"},{"floor":6,"key":"Fire Potion"},{"floor":8,"key":"Strength Potion"}],"is_trial":false,"path_per_floor":["M","$","?","?","M","E","R","M","T","?","$","?","M","$","R","B"],"character_chosen":"DEFECT","items_purchased":["Vajra"],"campfire_rested":0,"item_purchase_floors":[14],"current_hp_per_floor":[73,73,73,73,65,40,40,30,30,30,30,30,25,25,25,0],"gold":1,"neow_bonus":"ONE_RARE_RELIC","is_prod":false,"is_daily":false,"chose_seed":false,"campfire_upgraded":2,"win_rate":0,"timestamp":1557347848,"path_taken":["M","?","?","?","M","E","R","?","T","?","?","?","M","$","R","BOSS"],"build_version":"2019-01-23","purchased_purges":2,"victory":false,"max_hp_per_floor":[75,75,75,75,75,75,75,75,75,75,75,75,75,75,75,75],"card_choices":[{"not_picked":["Coolheaded","Barrage"],"picked":"Loop","floor":1},{"not_picked":["Sweeping Beam","Barrage"],"picked":"Conserve Battery","floor":5},{"not_picked":["Glacier","Go for the Eyes","Coolheaded"],"picked":"SKIP","floor":6},{"not_picked":["Coolheaded","Doom and Gloom"],"picked":"Gash","floor":8},{"not_picked":["Consume","Steam"],"picked":"Recycle","floor":13}],"player_experience":224657,"relics_obtained":[{"floor":6,"key":"Pen Nib"},{"floor":9,"key":"Bottled Flame"}],"event_choices":[{"damage_healed":0,"gold_gain":0,"player_choice":"Box","damage_taken":0,"relics_obtained":["Du-Vu Doll"],"max_hp_gain":0,"max_hp_loss":0,"event_name":"Big Fish","floor":3,"gold_loss":0,"cards_obtained":["Regret"]},{"cards_removed":["Regret"],"damage_healed":0,"gold_gain":0,"player_choice":"Removed Curses","damage_taken":0,"max_hp_gain":0,"max_hp_loss":0,"event_name":"Fountain of Cleansing","floor":4,"gold_loss":0},{"cards_removed":["Strike_B"],"damage_healed":0,"gold_gain":0,"player_choice":"Card Removal","damage_taken":0,"max_hp_gain":0,"max_hp_loss":0,"event_name":"The Cleric","floor":10,"gold_loss":50},{"damage_healed":0,"gold_gain":175,"player_choice":"AGREE","damage_taken":0,"max_hp_gain":0,"max_hp_loss":0,"event_name":"Liars Game","floor":12,"gold_loss":0,"cards_obtained":["Doubt"]}],"is_beta":false,"boss_relics":[],"items_purged_floors":[2,14],"is_endless":false,"potions_floor_spawned":[1,6,8],"killed_by":"The Guardian","ascension_level":4}