{"gold_per_floor":[113,63,77,92,107,138,206,206],"floor_reached":8,"playtime":328,"items_purged":[],"score":93,"play_id":"dde3755c-6db5-4b09-a39f-ec400d4ed57f","local_time":"20191002163014","is_ascension_mode":true,"campfire_choices":[],"neow_cost":"NONE","seed_source_timestamp":1290560662640700,"circlet_count":0,"master_deck":["AscendersBane","Strike_R","Strike_R","Strike_R","Strike_R","Defend_R","Defend_R","Defend_R","Defend_R","Bash+1","Dropkick","Feed","Headbutt","Warcry","Flame Barrier"],"relics":["Burning Blood","Bird Faced Urn"],"potions_floor_usage":[8],"damage_taken":[{"damage":1,"enemies":"Cultist","floor":1,"turns":4},{"damage":13,"enemies":"Jaw Worm","floor":3,"turns":4},{"damage":7,"enemies":"Small Slimes","floor":4,"turns":3},{"damage":21,"enemies":"Looter","floor":5,"turns":4},{"damage":44,"enemies":"Lagavulin","floor":6,"turns":7},{"damage":23,"enemies":"3 Sentries","floor":8,"turns":4}],"seed_played":"5754601244841525829","potions_obtained":[{"floor":3,"key":"Swift Potion"}],"is_trial":false,"path_per_floor":["M","?","M","M","M","E","?","E"],"character_chosen":"IRONCLAD","items_purchased":[],"campfire_rested":0,"item_purchase_floors":[],"current_hp_per_floor":[77,77,70,72,57,19,19,0],"gold":206,"neow_bonus":"UPGRADE_CARD","is_prod":false,"is_daily":false,"chose_seed":false,"campfire_upgraded":0,"win_rate":0,"timestamp":1570048214,"path_taken":["M","?","M","M","M","E","?","E"],"build_version":"2019-07-17","purchased_purges":0,"victory":false,"max_hp_per_floor":[80,80,80,83,83,83,83,86],"card_choices":[{"not_picked":["Pommel Strike","Twin Strike"],"picked":"Dropkick","floor":1},{"not_picked":["True Grit","Infernal Blade"],"picked":"Feed","floor":3},{"not_picked":["Heavy Blade","Wild Strike"],"picked":"Headbutt","floor":4},{"not_picked":["Anger","Sword Boomerang"],"picked":"Warcry","floor":5},{"not_picked":["Whirlwind","Seeing Red"],"picked":"Flame Barrier","floor":6}],"player_experience":770716,"relics_obtained":[{"floor":6,"key":"Bird Faced Urn"}],"event_choices":[{"cards_removed":["Strike_R"],"damage_healed":0,"gold_gain":0,"player_choice":"Card Removal","damage_taken":0,"max_hp_gain":0,"max_hp_loss":0,"event_name":"The Cleric","floor":2,"gold_loss":50},{"damage_healed":0,"gold_gain":68,"player_choice":"Gained Gold","damage_taken":0,"max_hp_gain":0,"max_hp_loss":0,"event_name":"Golden Wing","floor":7,"gold_loss":0}],"is_beta":false,"boss_relics":[],"items_purged_floors":[],"is_endless":false,"potions_floor_spawned":[3],"killed_by":"3 Sentries","ascension_level":12}