{"gold_per_floor":[117,117,192,117,133,133,149,178,201,376,376,409,409],"floor_reached":13,"playtime":2017,"items_purged":["Strike_B"],"score":91,"play_id":"f7395287-dd48-43cb-b85a-9d2f9381ea25","local_time":"20181126212720","is_ascension_mode":false,"campfire_choices":[{"data":"Redo","floor":6,"key":"SMITH"},{"floor":11,"key":"RECALL"}],"neow_cost":"NONE","seed_source_timestamp":7697263874983,"circlet_count":0,"master_deck":["Strike_B","Strike_B","Strike_B","Defend_B","Defend_B","Defend_B","Defend_B","Zap+1","Dualcast","Redo+1","Chill","Conserve Battery","White Noise","Doubt","White Noise"],"relics":["Cracked Core","Potion Belt","Regal Pillow","Matryoshka"],"potions_floor_usage":[7],"damage_taken":[{"damage":1,"enemies":"Jaw Worm","floor":1,"turns":3},{"damage":0,"enemies":"Small Slimes","floor":5,"turns":3},{"damage":0,"enemies":"Cultist","floor":7,"turns":3},{"damage":28,"enemies":"Gremlin Nob","floor":8,"turns":5},{"damage":4,"enemies":"3 Sentries","floor":12,"turns":7},{"damage":6,"enemies":"Large Slime","floor":13,"turns":1}],"seed_played":"-3729400935679930785","potions_obtained":[{"floor":1,"key":"Swift Potion"},{"floor":12,"key":"Swift Potion"}],"is_trial":false,"path_per_floor":["M","?","?","$","M","R","M","E","T","?","R","E","M"],"character_chosen":"DEFECT","items_purchased":[],"campfire_rested":0,"item_purchase_floors":[],"current_hp_per_floor":[74,49,38,38,38,38,38,10,10,10,10,6,0],"gold":409,"neow_bonus":"UPGRADE_CARD","is_prod":false,"is_daily":false,"chose_seed":false,"campfire_upgraded":1,"win_rate":0,"timestamp":1543267640,"path_taken":["M","?","?","$","M","R","M","E","T","?","R","E","M"],"build_version":"2018-11-15","purchased_purges":1,"victory":false,"max_hp_per_floor":[75,75,75,75,75,75,75,75,75,75,75,75,75],"card_choices":[{"not_picked":["Go for the Eyes","Compile Driver"],"picked":"Redo","floor":1},{"not_picked":["Redo","Stack"],"picked":"Chill","floor":5},{"not_picked":["Streamline","Steam"],"picked":"Conserve Battery","floor":7},{"not_picked":["Aggregate","Go for the Eyes"],"picked":"White Noise","floor":8},{"not_picked":["Compile Driver","Leap"],"picked":"White Noise","floor":12}],"player_experience":144519,"relics_obtained":[{"floor":8,"key":"Regal Pillow"},{"floor":12,"key":"Matryoshka"}],"event_choices":[{"damage_healed":0,"gold_gain":0,"player_choice":"Success","damage_taken":25,"relics_obtained":["Potion Belt"],"max_hp_gain":0,"max_hp_loss":0,"event_name":"Scrap Ooze","floor":2,"gold_loss":0},{"damage_healed":0,"gold_gain":75,"player_choice":"Gather Gold","damage_taken":11,"max_hp_gain":0,"max_hp_loss":0,"event_name":"World of Goop","floor":3,"gold_loss":0},{"damage_healed":0,"gold_gain":175,"player_choice":"AGREE","damage_taken":0,"max_hp_gain":0,"max_hp_loss":0,"event_name":"Liars Game","floor":10,"gold_loss":0,"cards_obtained":["Doubt"]}],"is_beta":true,"boss_relics":[],"items_purged_floors":[4],"is_endless":false,"potions_floor_spawned":[1,12],"killed_by":"Large Slime","ascension_level":0}