{"gold_per_floor":[109,109,109,36,36,36,79,79,79,97,133,133,177,195,195,195],"floor_reached":16,"playtime":856,"items_purged":[],"score":162,"play_id":"a2a11faf-7b5e-42a4-975f-5fbf85c8f30c","local_time":"20190919235459","is_ascension_mode":true,"campfire_choices":[{"floor":6,"key":"REST"},{"floor":8,"key":"REST"},{"floor":15,"key":"REST"}],"neow_cost":"NONE","seed_source_timestamp":193510015931600,"circlet_count":0,"master_deck":["Strike_G","Strike_G","Strike_G","Strike_G","Strike_G","Defend_G","Defend_G","Defend_G","Defend_G","Defend_G","Survivor","Neutralize","PiercingWail","Footwork","Leg Sweep","Leg Sweep","Footwork","Leg Sweep+1","Calculated Gamble+1"],"relics":["Ring of the Snake","Matryoshka","Golden Idol","Boot","Meat on the Bone","Paper Crane","Toxic Egg 2","Ginger"],"potions_floor_usage":[7,13],"damage_taken":[{"damage":0,"enemies":"2 Louse","floor":1,"turns":3},{"damage":35,"enemies":"Gremlin Nob","floor":7,"turns":6},{"damage":2,"enemies":"Small Slimes","floor":10,"turns":6},{"damage":39,"enemies":"3 Sentries","floor":11,"turns":18},{"damage":43,"enemies":"Gremlin Nob","floor":13,"turns":9},{"damage":6,"enemies":"Jaw Worm","floor":14,"turns":7},{"damage":61,"enemies":"Slime Boss","floor":16,"turns":24}],"seed_played":"4049643662746519296","potions_obtained":[{"floor":1,"key":"Explosive Potion"},{"floor":11,"key":"SteroidPotion"}],"is_trial":false,"path_per_floor":["M","?","?","$","?","R","E","R","T","M","E","?","E","M","R","B"],"character_chosen":"THE_SILENT","items_purchased":["Footwork"],"campfire_rested":3,"item_purchase_floors":[4],"current_hp_per_floor":[70,52,52,52,45,68,33,56,56,54,27,52,21,27,50,0],"gold":195,"neow_bonus":"TEN_PERCENT_HP_BONUS","is_prod":false,"is_daily":false,"chose_seed":false,"campfire_upgraded":0,"win_rate":0,"timestamp":1568951699,"path_taken":["M","?","?","?","?","R","E","R","T","?","E","?","E","M","R","BOSS"],"build_version":"2019-07-17","purchased_purges":0,"victory":false,"max_hp_per_floor":[77,77,77,77,77,77,77,77,77,77,77,77,77,77,77,77],"card_choices":[{"not_picked":["Reflex","Flechettes"],"picked":"PiercingWail","floor":1},{"not_picked":["Flying Knee","Blur"],"picked":"Leg Sweep","floor":7},{"not_picked":["Dodge and Roll","Outmaneuver"],"picked":"Leg Sweep","floor":10},{"not_picked":["Wraith Form v2","PiercingWail"],"picked":"Footwork","floor":11},{"not_picked":["Bouncing Flask+1","Acrobatics+1"],"picked":"Leg Sweep+1","floor":13},{"not_picked":["Catalyst+1","Tactician+1"],"picked":"Calculated Gamble+1","floor":14}],"player_experience":683882,"relics_obtained":[{"floor":7,"key":"Boot"},{"floor":9,"key":"Meat on the Bone"},{"floor":9,"key":"Paper Crane"},{"floor":11,"key":"Toxic Egg 2"},{"floor":13,"key":"Ginger"}],"event_choices":[{"damage_healed":0,"gold_gain":0,"player_choice":"Success","damage_taken":18,"relics_obtained":["Matryoshka"],"max_hp_gain":0,"max_hp_loss":0,"event_name":"Scrap Ooze","floor":2,"gold_loss":0},{"damage_healed":0,"gold_gain":0,"player_choice":"Take Wound","damage_taken":0,"relics_obtained":["Golden Idol"],"max_hp_gain":0,"max_hp_loss":0,"event_name":"Golden Idol","floor":3,"gold_loss":0,"cards_obtained":["Injury"]},{"cards_removed":["Injury"],"damage_healed":0,"gold_gain":0,"player_choice":"Card Removal","damage_taken":7,"max_hp_gain":0,"max_hp_loss":0,"event_name":"Golden Wing","floor":5,"gold_loss":0},{"damage_healed":25,"gold_gain":0,"player_choice":"Banana","damage_taken":0,"max_hp_gain":0,"max_hp_loss":0,"event_name":"Big Fish","floor":12,"gold_loss":0}],"is_beta":false,"boss_relics":[],"items_purged_floors":[],"is_endless":false,"potions_floor_spawned":[1,11],"killed_by":"Slime Boss","ascension_level":8}