{"gold_per_floor":[109,109,123,137,62,87,87,99,125,125,153,153,173,187,187,286,286,299,311,331,344,30,65,75,75],"floor_reached":25,"playtime":2192,"items_purged":["Strike_B"],"score":364,"play_id":"6e9d67af-69ba-4040-93ef-6faa51b51331","local_time":"20190127183826","is_ascension_mode":true,"campfire_choices":[{"data":"White Noise","floor":7,"key":"SMITH"},{"data":"Redo","floor":10,"key":"SMITH"},{"data":"Zap","floor":15,"key":"SMITH"}],"neow_cost":"NONE","seed_source_timestamp":4690214623230,"circlet_count":0,"master_deck":["Strike_B","Strike_B","Defend_B","Defend_B","Defend_B","Zap+1","Dualcast","Glacier","Conserve Battery","White Noise+1","Conserve Battery","Redo+1","Static Discharge","Steam","Rebound","Stack","Echo Form","Cold Snap+1","Ball Lightning","Conserve Battery+1","Double Energy","Conserve Battery","Self Repair"],"relics":["Cracked Core","NeowsBlessing","Ancient Tea Set","Blood Vial","Omamori","Cursed Key","Mango","Strawberry"],"potions_floor_usage":[6,11,23,23],"damage_taken":[{"damage":0,"enemies":"Small Slimes","floor":1,"turns":1},{"damage":0,"enemies":"Cultist","floor":3,"turns":1},{"damage":0,"enemies":"2 Louse","floor":4,"turns":1},{"damage":19,"enemies":"Gremlin Nob","floor":6,"turns":5},{"damage":0,"enemies":"Blue Slaver","floor":8,"turns":5},{"damage":0,"enemies":"3 Sentries","floor":11,"turns":13},{"damage":5,"enemies":"Looter","floor":13,"turns":3},{"damage":2,"enemies":"Red Slaver","floor":14,"turns":4},{"damage":49,"enemies":"Hexaghost","floor":16,"turns":14},{"damage":6,"enemies":"Chosen","floor":18,"turns":4},{"damage":11,"enemies":"Spheric Guardian","floor":19,"turns":4},{"damage":0,"enemies":"Shelled Parasite and Fungi","floor":20,"turns":7},{"damage":41,"enemies":"3 Cultists","floor":21,"turns":5},{"damage":11,"enemies":"Book of Stabbing","floor":23,"turns":7},{"damage":15,"enemies":"Snecko","floor":24,"turns":7},{"damage":24,"enemies":"Slavers","floor":25,"turns":1}],"seed_played":"7262999743403070406","potions_obtained":[{"floor":1,"key":"PowerPotion"},{"floor":8,"key":"PowerPotion"},{"floor":16,"key":"SpeedPotion"},{"floor":20,"key":"Weak Potion"},{"floor":21,"key":"Fire Potion"}],"is_trial":false,"path_per_floor":["M","?","M","M","$","E","R","M","T","R","E","?","M","M","R","B",null,"M","M","M","M","$","E","M","E"],"character_chosen":"DEFECT","items_purchased":["Mango"],"campfire_rested":0,"item_purchase_floors":[22],"current_hp_per_floor":[75,75,75,75,75,56,56,56,56,56,58,58,55,55,55,8,75,69,60,62,23,37,35,22,0],"gold":75,"neow_bonus":"THREE_ENEMY_KILL","is_prod":false,"is_daily":false,"chose_seed":false,"campfire_upgraded":3,"win_rate":0,"timestamp":1548632306,"path_taken":["M","?","?","M","$","E","R","M","T","R","E","?","M","M","R","BOSS","M","?","M","M","$","E","M","E"],"build_version":"2019-01-23","purchased_purges":1,"victory":false,"max_hp_per_floor":[75,75,75,75,75,75,75,75,75,75,75,75,75,75,75,75,75,75,75,75,75,89,96,96,96],"card_choices":[{"not_picked":["Gash","Coolheaded"],"picked":"Glacier","floor":1},{"not_picked":["Turbo","Beam Cell"],"picked":"Conserve Battery","floor":3},{"not_picked":["Compile Driver","Undo"],"picked":"White Noise","floor":4},{"not_picked":["Chaos","Ball Lightning"],"picked":"Conserve Battery","floor":6},{"not_picked":["Consume","Go for the Eyes"],"picked":"Redo","floor":8},{"not_picked":["Double Energy","Rebound"],"picked":"Static Discharge","floor":11},{"not_picked":["Streamline","Recycle"],"picked":"Rebound","floor":13},{"not_picked":["Undo","Ball Lightning"],"picked":"Stack","floor":14},{"not_picked":["Hyperbeam","Electrodynamics"],"picked":"Echo Form","floor":16},{"not_picked":["Turbo","Hologram+1"],"picked":"Cold Snap+1","floor":18},{"not_picked":["Barrage","Heatsinks"],"picked":"Ball Lightning","floor":19},{"not_picked":["Barrage","BootSequence"],"picked":"Conserve Battery+1","floor":20},{"not_picked":["Gash","Chill"],"picked":"Double Energy","floor":21},{"not_picked":["Sweeping Beam","Gash"],"picked":"Conserve Battery","floor":23},{"not_picked":["Heatsinks","Ball Lightning"],"picked":"Self Repair","floor":24}],"player_experience":421814,"relics_obtained":[{"floor":6,"key":"Ancient Tea Set"},{"floor":9,"key":"Blood Vial"},{"floor":11,"key":"Omamori"},{"floor":23,"key":"Strawberry"}],"event_choices":[{"cards_removed":["Strike_B"],"damage_healed":0,"gold_gain":0,"player_choice":"Offered Basic","damage_taken":0,"max_hp_gain":0,"max_hp_loss":0,"event_name":"Bonfire Elementals","floor":2,"gold_loss":0},{"damage_healed":0,"gold_gain":0,"cards_transformed":["Defend_B"],"player_choice":"Transformed","damage_taken":0,"max_hp_gain":0,"max_hp_loss":0,"event_name":"Transmorgrifier","floor":12,"gold_loss":0,"cards_obtained":["Steam"]}],"is_beta":false,"boss_relics":[{"not_picked":["Empty Cage","Sozu"],"picked":"Cursed Key"}],"items_purged_floors":[5],"is_endless":false,"potions_floor_spawned":[1,8,16,20,21],"killed_by":"Slavers","ascension_level":4}