{"gold_per_floor":[360,372,372,383,250,250,277,296,296,94,94,127,143,161,161,262,262,281,281,38,55,65,93,93,103,103,103],"floor_reached":27,"playtime":1922,"items_purged":["Strike_G"],"score":343,"play_id":"20c8fea6-8918-4834-aecf-964bfe0cb8e7","local_time":"20190916211750","is_ascension_mode":true,"campfire_choices":[{"data":"Backflip","floor":6.0,"key":"SMITH"},{"floor":11.0,"key":"REST"},{"floor":15.0,"key":"REST"},{"data":"After Image","floor":24,"key":"SMITH"}],"neow_cost":"TEN_PERCENT_HP_LOSS","seed_source_timestamp":0,"circlet_count":0,"master_deck":["Strike_G","Strike_G","Strike_G","Strike_G","Defend_G","Defend_G","Defend_G+1","Defend_G","Defend_G","Survivor","Neutralize","Deflect+1","Dash+1","Backflip+1","Heel Hook","Crippling Poison","Prepared","Crippling Poison","Footwork","Dodge and Roll","After Image+1","Tactician","Pain","Concentrate+1","Leg Sweep","Cloak And Dagger","Underhanded Strike"],"special_seed":0,"relics":["Ring of the Snake","Pear","StoneCalendar","War Paint","Eternal Feather","WarpedTongs","Shuriken","Oddly Smooth Stone","Pantograph"],"potions_floor_usage":[23,27],"damage_taken":[{"damage":0.0,"enemies":"2 Louse","floor":1.0,"turns":3.0},{"damage":1.0,"enemies":"Cultist","floor":2.0,"turns":4.0},{"damage":3.0,"enemies":"Jaw Worm","floor":4.0,"turns":5.0},{"damage":30.0,"enemies":"3 Sentries","floor":7.0,"turns":10.0},{"damage":5.0,"enemies":"Lots of Slimes","floor":8.0,"turns":7.0},{"damage":42.0,"enemies":"Gremlin Nob","floor":12.0,"turns":6.0},{"damage":0.0,"enemies":"Blue Slaver","floor":13.0,"turns":4.0},{"damage":0.0,"enemies":"Large Slime","floor":14.0,"turns":7.0},{"damage":4.0,"enemies":"Slime Boss","floor":16.0,"turns":7.0},{"damage":9,"enemies":"Spheric Guardian","floor":18,"turns":8},{"damage":5,"enemies":"Shell Parasite","floor":21,"turns":7},{"damage":6,"enemies":"Shelled Parasite and Fungi","floor":22,"turns":11},{"damage":6,"enemies":"Book of Stabbing","floor":23,"turns":7},{"damage":22,"enemies":"Chosen and Byrds","floor":25,"turns":7},{"damage":44,"enemies":"Gremlin Leader","floor":27,"turns":5}],"seed_played":"3063331033650897610","potions_obtained":[{"floor":2.0,"key":"PowerPotion"},{"floor":7.0,"key":"FairyPotion"},{"floor":13.0,"key":"Block Potion"},{"floor":21,"key":"PowerPotion"},{"floor":23,"key":"Strength Potion"}],"is_trial":false,"path_per_floor":["M","M","?","M","?","R","E","M","T","$","R","E","M","M","R","B",null,"M","?","$","M","M","E","R","M","T","E"],"character_chosen":"THE_SILENT","items_purchased":["Prepared","GhostInAJar","Shuriken"],"campfire_rested":2,"item_purchase_floors":[10,10,20],"current_hp_per_floor":[63,62,62,59,69,69,39,34,34,34,55,13,13,13,34,30,62,53,53,53,48,42,36,51,29,29,0],"gold":103,"neow_bonus":"TWO_FIFTY_GOLD","is_prod":false,"is_daily":false,"chose_seed":false,"campfire_upgraded":2,"win_rate":0,"timestamp":1568683070,"path_taken":["M","M","?","?","?","R","E","M","T","$","R","E","M","M","R","BOSS","M","?","?","M","M","E","R","M","T","E"],"build_version":"2019-07-17","purchased_purges":1,"victory":false,"max_hp_per_floor":[63,63,63,63,73,73,73,73,73,73,73,73,73,73,73,73,73,73,73,73,73,73,73,73,73,73,73],"card_choices":[{"not_picked":["Acrobatics","Bane"],"picked":"Deflect","floor":1.0},{"not_picked":["Underhanded Strike","Prepared"],"picked":"Dash","floor":2.0},{"not_picked":["Bane","Endless Agony"],"picked":"Backflip","floor":4.0},{"not_picked":["Infinite Blades","Caltrops"],"picked":"Heel Hook","floor":7.0},{"not_picked":["Sucker Punch","Expertise"],"picked":"Crippling Poison","floor":8.0},{"not_picked":["Malaise","Catalyst"],"picked":"Crippling Poison","floor":12.0},{"not_picked":["Terror","Bane"],"picked":"Footwork","floor":13.0},{"not_picked":["Bane","Flying Knee"],"picked":"Dodge and Roll","floor":14.0},{"not_picked":["Phantasmal Killer","Glass Knife"],"picked":"After Image","floor":16.0},{"not_picked":["Acrobatics","Setup"],"picked":"Tactician","floor":18},{"not_picked":["Eviscerate","Blade Dance"],"picked":"Concentrate+1","floor":21},{"not_picked":["Outmaneuver+1","Well Laid Plans"],"picked":"Leg Sweep","floor":22},{"not_picked":["Quick Slash","Poisoned Stab"],"picked":"Cloak And Dagger","floor":23},{"not_picked":["Flechettes","Endless Agony"],"picked":"Underhanded Strike","floor":25}],"player_experience":653720,"relics_obtained":[{"floor":7.0,"key":"StoneCalendar"},{"floor":12.0,"key":"War Paint"},{"floor":23,"key":"Oddly Smooth Stone"},{"floor":26,"key":"Pantograph"}],"event_choices":[{"damage_healed":0.0,"max_hp_gain":0.0,"max_hp_loss":0.0,"gold_gain":0.0,"event_name":"Upgrade Shrine","player_choice":"Upgraded","floor":3.0,"gold_loss":0.0,"damage_taken":0.0,"cards_upgraded":["Dash"]},{"damage_healed":0.0,"max_hp_gain":0.0,"max_hp_loss":0.0,"gold_gain":0.0,"event_name":"WeMeetAgain","player_choice":"Paid Gold","floor":5.0,"gold_loss":133.0,"damage_taken":0.0,"relics_obtained":["Pear"]},{"damage_healed":0,"gold_gain":0,"player_choice":"Rummage","damage_taken":0,"relics_obtained":["WarpedTongs"],"max_hp_gain":0,"max_hp_loss":0,"event_name":"Accursed Blacksmith","floor":19,"gold_loss":0,"cards_obtained":["Pain"]}],"is_beta":false,"boss_relics":[{"not_picked":["Ectoplasm","Lizard Tail"],"picked":"Eternal Feather"}],"items_purged_floors":[10],"is_endless":false,"potions_floor_spawned":[2,7,13,14,21,23],"killed_by":"Gremlin Leader","ascension_level":8}