{"gold_per_floor":[14,25,25,38,55,81,81,116,416,428,442,442,442,461,461,557,557,577,577,589,514,526,526,560,560],"floor_reached":25,"playtime":6747,"items_purged":[],"score":426,"play_id":"57a1e8e4-c5cf-410f-b04a-f5301582bd40","local_time":"20191001201422","is_ascension_mode":true,"campfire_choices":[{"floor":7,"key":"REST"},{"floor":15,"key":"REST"},{"floor":23,"key":"REST"}],"neow_cost":"NO_GOLD","seed_source_timestamp":1211180662923500,"circlet_count":0,"master_deck":["AscendersBane","Strike_B","Strike_B","Strike_B","Strike_B","Defend_B","Defend_B","Defend_B+1","Defend_B","Zap+1","Dualcast+1","Cold Snap","Cold Snap","Defragment","Go for the Eyes","Seek","Cold Snap","Cold Snap","Hello World","Melter","Reboot","Go for the Eyes+1","Rebound+1","Ball Lightning","Go for the Eyes"],"relics":["Cracked Core","Strawberry","Ginger","Old Coin","Black Star","StoneCalendar","Ornamental Fan","Centennial Puzzle"],"potions_floor_usage":[14,16,20,20,20],"damage_taken":[{"damage":4,"enemies":"2 Louse","floor":1,"turns":2},{"damage":2,"enemies":"Jaw Worm","floor":2,"turns":3},{"damage":0,"enemies":"Small Slimes","floor":4,"turns":3},{"damage":11,"enemies":"Blue Slaver","floor":5,"turns":3},{"damage":37,"enemies":"3 Sentries","floor":6,"turns":10},{"damage":12,"enemies":"Lagavulin","floor":8,"turns":7},{"damage":14,"enemies":"Exordium Wildlife","floor":10,"turns":5},{"damage":2,"enemies":"Looter","floor":11,"turns":4},{"damage":0,"enemies":"Exordium Thugs","floor":14,"turns":4},{"damage":3,"enemies":"Slime Boss","floor":16,"turns":10},{"damage":21,"enemies":"2 Thieves","floor":18,"turns":5},{"damage":4,"enemies":"Chosen","floor":20,"turns":3},{"damage":27,"enemies":"Snake Plant","floor":22,"turns":5},{"damage":52,"enemies":"Gremlin Leader","floor":24,"turns":7},{"damage":14,"enemies":"Centurion and Healer","floor":25,"turns":1}],"seed_played":"-137616340807852974","potions_obtained":[{"floor":2,"key":"Block Potion"},{"floor":6,"key":"Explosive Potion"},{"floor":18,"key":"EntropicBrew"}],"is_trial":false,"path_per_floor":["M","M","?","M","M","E","R","E","T","M","M","?","?","M","R","B",null,"M","?","M","?","M","R","E","M"],"character_chosen":"DEFECT","items_purchased":[],"campfire_rested":3,"item_purchase_floors":[],"current_hp_per_floor":[78,76,76,76,65,35,63,51,51,37,35,16,16,16,44,41,82,61,61,57,57,30,58,6,0],"gold":560,"neow_bonus":"TWENTY_PERCENT_HP_BONUS","is_prod":false,"is_daily":false,"chose_seed":false,"campfire_upgraded":0,"win_rate":0,"timestamp":1569975262,"path_taken":["M","M","?","M","M","E","R","E","T","M","M","?","?","M","R","BOSS","M","?","M","?","?","R","E","M"],"build_version":"2019-07-17","purchased_purges":0,"victory":false,"max_hp_per_floor":[89,89,89,89,89,96,96,96,96,96,96,96,96,96,96,96,96,96,96,96,96,96,96,96,96],"card_choices":[{"not_picked":["Stack","Melter"],"picked":"Cold Snap","floor":1},{"not_picked":["Turbo","Creative AI"],"picked":"Cold Snap","floor":2},{"not_picked":["Ball Lightning","Beam Cell"],"picked":"Defragment","floor":4},{"not_picked":["Stack","Undo"],"picked":"Go for the Eyes","floor":5},{"not_picked":["Turbo","Steam"],"picked":"Seek","floor":6},{"not_picked":["Rainbow","Steam"],"picked":"Cold Snap","floor":8},{"not_picked":["Go for the Eyes","Leap"],"picked":"Cold Snap","floor":10},{"not_picked":["Coolheaded","Amplify"],"picked":"Hello World","floor":11},{"not_picked":["Blizzard","Rip and Tear"],"picked":"Melter","floor":14},{"not_picked":["Amplify","Hyperbeam"],"picked":"Reboot","floor":16},{"not_picked":["Rebound","Double Energy"],"picked":"Go for the Eyes+1","floor":18},{"not_picked":["Reprogram","Static Discharge+1"],"picked":"Rebound+1","floor":20},{"not_picked":["Force Field","Rebound"],"picked":"Ball Lightning","floor":22},{"not_picked":["Fission","Aggregate"],"picked":"Go for the Eyes","floor":24}],"player_experience":762512,"relics_obtained":[{"floor":6,"key":"Strawberry"},{"floor":8,"key":"Ginger"},{"floor":9,"key":"Old Coin"},{"floor":24,"key":"Ornamental Fan"},{"floor":24,"key":"Centennial Puzzle"}],"event_choices":[{"damage_healed":0,"gold_gain":0,"player_choice":"Grow","damage_taken":0,"max_hp_gain":0,"max_hp_loss":0,"event_name":"Living Wall","floor":3,"gold_loss":0,"cards_upgraded":["Zap"]},{"damage_healed":0,"gold_gain":0,"player_choice":"Entered Light","damage_taken":19,"max_hp_gain":0,"max_hp_loss":0,"event_name":"Shining Light","floor":12,"gold_loss":0,"cards_upgraded":["Dualcast","Defend_B"]},{"damage_healed":0,"gold_gain":0,"player_choice":"Searched \u00270\u0027 times","damage_taken":0,"max_hp_gain":0,"max_hp_loss":0,"event_name":"Dead Adventurer","floor":13,"gold_loss":0},{"damage_healed":0,"gold_gain":0,"player_choice":"Opened","damage_taken":0,"relics_obtained":["StoneCalendar"],"max_hp_gain":0,"max_hp_loss":0,"event_name":"The Mausoleum","floor":19,"gold_loss":0,"cards_obtained":["Writhe"]},{"cards_removed":["Writhe"],"damage_healed":0,"gold_gain":0,"player_choice":"Gave Gold","damage_taken":0,"max_hp_gain":0,"max_hp_loss":0,"event_name":"Beggar","floor":21,"gold_loss":75}],"is_beta":false,"boss_relics":[{"not_picked":["Orrery","Velvet Choker"],"picked":"Black Star"}],"items_purged_floors":[],"is_endless":false,"potions_floor_spawned":[2,6,8,18],"killed_by":"Centurion and Healer","ascension_level":12}