{"gold_per_floor":[115,132,132,132,142,167,199,211],"floor_reached":8,"playtime":982,"items_purged":[],"score":58,"play_id":"5384e7ff-8249-48b4-bf55-36bc494e2676","local_time":"20181221192608","is_ascension_mode":false,"campfire_choices":[],"neow_cost":"NONE","seed_source_timestamp":95317583864391,"circlet_count":0,"master_deck":["Defend_G","Defend_G","Defend_G","Defend_G","Strike_G","Strike_G","Strike_G","Strike_G","Strike_G","Survivor","Neutralize","Distraction+1","Underhanded Strike","Prepared","Reflex","Deflect"],"relics":["White Beast Statue","MawBank"],"potions_floor_usage":[6,6,8,8],"damage_taken":[{"damage":3,"enemies":"Cultist","floor":1,"turns":5},{"damage":4,"enemies":"Jaw Worm","floor":2,"turns":4},{"damage":5,"enemies":"2 Louse","floor":5,"turns":3},{"damage":2,"enemies":"Gremlin Nob","floor":6,"turns":6},{"damage":14,"enemies":"Exordium Thugs","floor":7,"turns":6},{"damage":42,"enemies":"Large Slime","floor":8,"turns":12}],"seed_played":"-5938558955017795082","potions_obtained":[{"floor":1,"key":"Energy Potion"},{"floor":2,"key":"PowerPotion"},{"floor":5,"key":"PowerPotion"},{"floor":6,"key":"SneckoOil"},{"floor":7,"key":"Energy Potion"}],"is_trial":false,"path_per_floor":["M","M","?","?","M","E","M","M"],"character_chosen":"THE_SILENT","items_purchased":[],"campfire_rested":0,"item_purchase_floors":[],"current_hp_per_floor":[67,63,63,63,58,56,42,0],"gold":211,"neow_bonus":"BOSS_RELIC","is_prod":false,"is_daily":false,"chose_seed":false,"campfire_upgraded":0,"win_rate":0.0,"timestamp":1545438368,"path_taken":["M","M","?","?","M","E","?","M"],"build_version":"2018-12-20","purchased_purges":0,"victory":false,"max_hp_per_floor":[70,70,70,70,70,70,70,70],"card_choices":[{"not_picked":["Deflect","Backstab"],"picked":"Distraction","floor":1},{"not_picked":["PiercingWail","Reflex"],"picked":"Underhanded Strike","floor":2},{"not_picked":["Choke","Cloak And Dagger"],"picked":"Prepared","floor":5},{"not_picked":["Choke","Underhanded Strike"],"picked":"Reflex","floor":6},{"not_picked":["Bane","Quick Slash"],"picked":"Deflect","floor":7}],"player_experience":32528,"relics_obtained":[{"floor":6,"key":"MawBank"}],"event_choices":[{"cards_removed":["Defend_G"],"damage_healed":0,"gold_gain":0,"player_choice":"Forget","damage_taken":0,"max_hp_gain":0,"max_hp_loss":0,"event_name":"Living Wall","floor":3,"gold_loss":0},{"damage_healed":0,"gold_gain":0,"player_choice":"Upgraded","damage_taken":0,"max_hp_gain":0,"max_hp_loss":0,"event_name":"Upgrade Shrine","floor":4,"gold_loss":0,"cards_upgraded":["Distraction"]}],"is_beta":false,"boss_relics":[],"items_purged_floors":[],"is_endless":false,"potions_floor_spawned":[1,2,5,6,7],"killed_by":"Large Slime","ascension_level":0}