{"gold_per_floor":[119,133,133,145,145,159,172,200,200,250],"floor_reached":10,"playtime":412,"items_purged":[],"score":112,"play_id":"3307a0a6-51d3-4916-9630-c5b9be6cc362","local_time":"20191001115044","is_ascension_mode":true,"campfire_choices":[],"neow_cost":"TEN_PERCENT_HP_LOSS","seed_source_timestamp":1187305681333300,"circlet_count":0,"master_deck":["AscendersBane","Strike_R","Strike_R","Strike_R","Strike_R","Defend_R","Defend_R","Defend_R","Defend_R","Bash","Feed","Headbutt","Heavy Blade","Infernal Blade","Dual Wield","Seeing Red","Inflame"],"relics":["Burning Blood","SsserpentHead","Peace Pipe","Dream Catcher"],"potions_floor_usage":[6,10],"damage_taken":[{"damage":0,"enemies":"Small Slimes","floor":1,"turns":5},{"damage":6,"enemies":"Cultist","floor":2,"turns":4},{"damage":13,"enemies":"Jaw Worm","floor":4,"turns":4},{"damage":13,"enemies":"3 Louse","floor":6,"turns":4},{"damage":10,"enemies":"2 Fungi Beasts","floor":7,"turns":3},{"damage":55,"enemies":"Lagavulin","floor":8,"turns":6},{"damage":8,"enemies":"Blue Slaver","floor":10,"turns":2}],"seed_played":"7037266019194930331","potions_obtained":[{"floor":2,"key":"Block Potion"},{"floor":4,"key":"LiquidBronze"},{"floor":8,"key":"Block Potion"}],"is_trial":false,"path_per_floor":["M","M","?","M","?","M","M","E","T","M"],"character_chosen":"IRONCLAD","items_purchased":[],"campfire_rested":0,"item_purchase_floors":[],"current_hp_per_floor":[75,78,71,64,64,60,56,7,7,0],"gold":250,"neow_bonus":"THREE_RARE_CARDS","is_prod":false,"is_daily":false,"chose_seed":false,"campfire_upgraded":0,"win_rate":0,"timestamp":1569945044,"path_taken":["M","M","?","M","?","M","M","E","T","?"],"build_version":"2019-07-17","purchased_purges":0,"victory":false,"max_hp_per_floor":[75,78,78,78,78,81,81,81,81,81],"card_choices":[{"not_picked":["Exhume","Fiend Fire"],"picked":"Feed","floor":0},{"not_picked":["Clash","Blood for Blood"],"picked":"Headbutt","floor":1},{"not_picked":["Twin Strike","True Grit"],"picked":"Heavy Blade","floor":2},{"not_picked":["Clothesline","Sever Soul"],"picked":"Infernal Blade","floor":4},{"not_picked":["Iron Wave","Thunderclap"],"picked":"Dual Wield","floor":6},{"not_picked":["Iron Wave","Headbutt"],"picked":"Seeing Red","floor":7},{"not_picked":["Sentinel","Uppercut"],"picked":"Inflame","floor":8}],"player_experience":753185,"relics_obtained":[{"floor":8,"key":"Peace Pipe"},{"floor":9,"key":"Dream Catcher"}],"event_choices":[{"cards_removed":["Strike_R"],"damage_healed":0,"gold_gain":0,"player_choice":"Card Removal","damage_taken":7,"max_hp_gain":0,"max_hp_loss":0,"event_name":"Golden Wing","floor":3,"gold_loss":0},{"damage_healed":0,"gold_gain":0,"player_choice":"Trade","damage_taken":0,"relics_obtained":["SsserpentHead"],"max_hp_gain":0,"max_hp_loss":0,"event_name":"FaceTrader","floor":5,"gold_loss":0}],"is_beta":false,"boss_relics":[],"items_purged_floors":[],"is_endless":false,"potions_floor_spawned":[2,4,8],"killed_by":"Blue Slaver","ascension_level":12}