{"gold_per_floor":[115,130,205,205,205,205,220,259,259,259,303,318,318,338,338,457,457,471,490,35,160,180,180,519,519,519,531,531,559,577,603,603,708,708,728,728,774,791,201,227,244,244,244,244,273,293,319,334,334,334,334,334,11,38,38],"floor_reached":55,"playtime":4439,"items_purged":["Strike_R"],"score":1063,"play_id":"d543e903-06de-4635-a02f-19b1aa7802cd","local_time":"20181227195816","is_ascension_mode":true,"campfire_choices":[{"data":"Cleave","floor":6,"key":"SMITH"},{"floor":10,"key":"REST"},{"data":"Flex","floor":15,"key":"SMITH"},{"floor":23,"key":"REST"},{"floor":32,"key":"REST"},{"floor":44,"key":"RECALL"},{"floor":49,"key":"REST"},{"floor":52,"key":"REST"}],"neow_cost":"NONE","seed_source_timestamp":612197805348708,"circlet_count":0,"master_deck":["Strike_R","Strike_R+1","Strike_R","Defend_R","Defend_R","Defend_R","Defend_R","Bash+1","Cleave+1","Shrug It Off","Anger","Flex+1","Flex","Rampage","Cleave","Pommel Strike","Reaper","Dropkick","Infernal Blade","Apotheosis","Dramatic Entrance","Infernal Blade+1","Flex+1","Hemokinesis+1","Demon Form","Thunderclap+1","Twin Strike","Flex+1","Immolate","Shrug It Off+1","Secret Weapon+1","Secret Technique+1","Twin Strike+1","Searing Blow+1","Mayhem","Dropkick","Feed","Battle Trance+1","Warcry+1","Parasite","Heavy Blade","Heavy Blade+1","Anger+1","Limit Break+1"],"relics":["Burning Blood","Happy Flower","Bloody Idol","Whetstone","Red Skull","Darkstone Periapt","Fusion Hammer","Toy Ornithopter","Calipers","Toxic Egg 2","Old Coin","Bottled Lightning","Paper Frog","Meat on the Bone","Orichalcum","Black Star","Incense Burner","Ornamental Fan","Lantern","Blood Vial","Dodecahedron","Question Card","Centennial Puzzle","PreservedInsect","Mercury Hourglass","Vajra","Pear","Art of War"],"potions_floor_usage":[8,11,16,21,21,24,29,33,40,45,45,45,50,50,50,54,55,55],"damage_taken":[{"damage":1,"enemies":"Cultist","floor":1,"turns":3},{"damage":0,"enemies":"2 Louse","floor":2,"turns":2},{"damage":4,"enemies":"Jaw Worm","floor":7,"turns":3},{"damage":26,"enemies":"Gremlin Nob","floor":8,"turns":5},{"damage":12,"enemies":"3 Sentries","floor":11,"turns":7},{"damage":8,"enemies":"Blue Slaver","floor":12,"turns":2},{"damage":0,"enemies":"Large Slime","floor":14,"turns":4},{"damage":30,"enemies":"Hexaghost","floor":16,"turns":7},{"damage":24,"enemies":"Shell Parasite","floor":18,"turns":5},{"damage":25,"enemies":"Spheric Guardian","floor":19,"turns":4},{"damage":30,"enemies":"Colosseum Slavers","floor":21,"turns":3},{"damage":34,"enemies":"Colosseum Nobs","floor":21,"turns":4},{"damage":24,"enemies":"Snake Plant","floor":22,"turns":2},{"damage":31,"enemies":"Slavers","floor":24,"turns":3},{"damage":2,"enemies":"Snecko","floor":27,"turns":2},{"damage":22,"enemies":"Gremlin Leader","floor":29,"turns":5},{"damage":24,"enemies":"Centurion and Healer","floor":30,"turns":3},{"damage":34,"enemies":"Slavers","floor":31,"turns":3},{"damage":25,"enemies":"Champ","floor":33,"turns":7},{"damage":6,"enemies":"Orb Walker","floor":35,"turns":3},{"damage":24,"enemies":"2 Orb Walkers","floor":37,"turns":3},{"damage":64,"enemies":"3 Shapes","floor":38,"turns":3},{"damage":39,"enemies":"Giant Head","floor":40,"turns":6},{"damage":28,"enemies":"Sphere and 2 Shapes","floor":41,"turns":3},{"damage":46,"enemies":"Reptomancer","floor":45,"turns":4},{"damage":4,"enemies":"Writhing Mass","floor":46,"turns":4},{"damage":69,"enemies":"Nemesis","floor":47,"turns":7},{"damage":0,"enemies":"Jaw Worm Horde","floor":48,"turns":2},{"damage":84,"enemies":"Time Eater","floor":50,"turns":9},{"damage":50,"enemies":"Shield and Spear","floor":54,"turns":3},{"damage":107,"enemies":"The Heart","floor":55,"turns":3}],"seed_played":"-479893161695637607","potions_obtained":[{"floor":7,"key":"FearPotion"},{"floor":8,"key":"Energy Potion"},{"floor":12,"key":"Strength Potion"},{"floor":14,"key":"SteroidPotion"},{"floor":18,"key":"EssenceOfSteel"},{"floor":22,"key":"GamblersBrew"},{"floor":24,"key":"Fire Potion"},{"floor":31,"key":"Block Potion"},{"floor":33,"key":"Ancient Potion"},{"floor":35,"key":"SpeedPotion"},{"floor":41,"key":"Strength Potion"},{"floor":46,"key":"Energy Potion"},{"floor":47,"key":"EssenceOfSteel"},{"floor":48,"key":"Poison Potion"}],"is_trial":false,"path_per_floor":["M","M","?","?","?","R","M","E","T","R","E","M","T","M","R","B",null,"M","M","$","?","M","R","E","?","T","M","T","E","M","E","R","B",null,"M","?","?","M","$","E","M","?","T","R","E","M","E","M","R","B",null,"R","$","E","B"],"character_chosen":"IRONCLAD","items_purchased":["Toy Ornithopter","Apotheosis","Dramatic Entrance","Ornamental Fan","Mayhem","Dropkick","AttackPotion","Vajra","Strength Potion","BloodPotion","SteroidPotion"],"campfire_rested":5,"item_purchase_floors":[20,20,20,39,39,39,39,53,53,53,53],"current_hp_per_floor":[80,80,69,49,49,49,51,31,31,55,49,47,47,53,53,29,80,62,47,47,29,11,35,15,15,15,31,31,42,49,45,69,71,80,80,70,57,40,40,39,36,36,36,36,59,74,30,55,80,30,86,86,86,69,0],"gold":38,"neow_bonus":"RANDOM_COMMON_RELIC","is_prod":false,"is_daily":false,"chose_seed":false,"campfire_upgraded":2,"win_rate":0,"timestamp":1545958696,"path_taken":["M","?","?","?","?","R","M","E","T","R","E","M","?","M","R","BOSS","M","M","$","?","M","R","E","?","T","M","?","E","M","E","R","BOSS","M","?","?","M","$","E","M","?","T","R","E","M","E","M","R","BOSS","R","$","E","BOSS"],"build_version":"2018-12-20","purchased_purges":1,"victory":false,"max_hp_per_floor":[80,80,80,80,80,80,80,80,80,80,80,80,80,80,80,80,80,80,80,80,80,80,80,80,80,80,80,80,80,80,80,80,80,80,80,80,80,80,80,80,80,80,80,80,80,86,86,86,86,86,86,86,86,96,96],"card_choices":[{"not_picked":["Rage","True Grit"],"picked":"Cleave","floor":1},{"not_picked":["Pommel Strike","Hemokinesis"],"picked":"Shrug It Off","floor":2},{"not_picked":["Armaments","Hemokinesis"],"picked":"Flex","floor":7},{"not_picked":["Shockwave","Whirlwind"],"picked":"Flex","floor":8},{"not_picked":["Whirlwind","Wild Strike"],"picked":"Rampage","floor":11},{"not_picked":["Feel No Pain","Clash"],"picked":"Cleave","floor":12},{"not_picked":["Armaments","Ghostly Armor"],"picked":"Pommel Strike","floor":14},{"not_picked":["Double Tap","Limit Break"],"picked":"Reaper","floor":16},{"not_picked":["Metallicize","Sword Boomerang+1"],"picked":"Dropkick","floor":18},{"not_picked":["Fire Breathing","Sword Boomerang"],"picked":"Infernal Blade","floor":19},{"not_picked":["True Grit","Sword Boomerang"],"picked":"Infernal Blade","floor":21},{"not_picked":["Havoc+1","Rupture"],"picked":"Flex+1","floor":22},{"not_picked":["Clash","Reckless Charge+1"],"picked":"Hemokinesis+1","floor":24},{"not_picked":["Clash+1","Heavy Blade"],"picked":"Demon Form","floor":27},{"not_picked":["Sentinel+1","Body Slam"],"picked":"Thunderclap+1","floor":29},{"not_picked":["Clash","Body Slam"],"picked":"Twin Strike","floor":30},{"not_picked":["Thunderclap","Fiend Fire"],"picked":"Flex+1","floor":31},{"not_picked":["Brutality","Demon Form"],"picked":"Immolate","floor":33},{"not_picked":["Clash","Pummel"],"picked":"Shrug It Off+1","floor":35},{"not_picked":["Dramatic Entrance","Deep Breath+1"],"picked":"Impatience+1","floor":36},{"not_picked":["Trip+1","Finesse+1"],"picked":"Secret Weapon+1","floor":36},{"not_picked":["Blind+1","Enlightenment+1"],"picked":"Secret Technique+1","floor":36},{"not_picked":["Wild Strike","Pommel Strike"],"picked":"Twin Strike+1","floor":37},{"not_picked":["Cleave","Pommel Strike"],"picked":"Searing Blow+1","floor":38},{"not_picked":["Wild Strike+1","Anger+1"],"picked":"Feed","floor":40},{"not_picked":["Shrug It Off+1","Clash+1"],"picked":"Battle Trance+1","floor":41},{"not_picked":["Clothesline","Spot Weakness+1"],"picked":"Warcry+1","floor":45},{"not_picked":["Cleave+1","Dropkick","Evolve"],"picked":"Heavy Blade","floor":46},{"not_picked":["Power Through+1","Iron Wave","Corruption"],"picked":"Heavy Blade+1","floor":47},{"not_picked":["Blood for Blood","Thunderclap","Wild Strike+1"],"picked":"Anger+1","floor":48},{"not_picked":["Heavy Blade","True Grit+1","Anger"],"picked":"Limit Break+1","floor":54}],"player_experience":214962,"relics_obtained":[{"floor":8,"key":"Whetstone"},{"floor":11,"key":"Red Skull"},{"floor":13,"key":"Darkstone Periapt"},{"floor":21,"key":"Calipers"},{"floor":21,"key":"Toxic Egg 2"},{"floor":24,"key":"Old Coin"},{"floor":26,"key":"Bottled Lightning"},{"floor":28,"key":"Paper Frog"},{"floor":29,"key":"Meat on the Bone"},{"floor":31,"key":"Orichalcum"},{"floor":37,"key":"Incense Burner"},{"floor":40,"key":"Lantern"},{"floor":40,"key":"Blood Vial"},{"floor":43,"key":"Dodecahedron"},{"floor":45,"key":"Question Card"},{"floor":45,"key":"Centennial Puzzle"},{"floor":47,"key":"PreservedInsect"},{"floor":47,"key":"Mercury Hourglass"},{"floor":54,"key":"Pear"},{"floor":54,"key":"Art of War"}],"event_choices":[{"damage_healed":0,"gold_gain":75,"player_choice":"Gather Gold","damage_taken":11,"max_hp_gain":0,"max_hp_loss":0,"event_name":"World of Goop","floor":3,"gold_loss":0},{"damage_healed":0,"gold_gain":0,"player_choice":"Take Damage","damage_taken":20,"relics_obtained":["Golden Idol"],"max_hp_gain":0,"max_hp_loss":0,"event_name":"Golden Idol","floor":4,"gold_loss":0},{"damage_healed":0,"gold_gain":0,"cards_transformed":["Strike_R"],"player_choice":"Change","damage_taken":0,"max_hp_gain":0,"max_hp_loss":0,"event_name":"Living Wall","floor":5,"gold_loss":0,"cards_obtained":["Anger"]},{"damage_healed":0,"gold_gain":0,"player_choice":"Fight","damage_taken":0,"max_hp_gain":0,"max_hp_loss":0,"event_name":"Colosseum","floor":21,"gold_loss":0},{"damage_healed":0,"gold_gain":0,"player_choice":"Fought Nobs","damage_taken":0,"max_hp_gain":0,"max_hp_loss":0,"event_name":"Colosseum","floor":21,"gold_loss":0},{"damage_healed":0,"gold_gain":0,"player_choice":"Gave Idol","damage_taken":0,"relics_obtained":["Bloody Idol"],"max_hp_gain":0,"max_hp_loss":0,"event_name":"Forgotten Altar","floor":25,"relics_lost":["Golden Idol"],"gold_loss":0},{"damage_healed":0,"gold_gain":0,"player_choice":"Memory 3","damage_taken":10,"max_hp_gain":0,"max_hp_loss":0,"event_name":"SensoryStone","floor":36,"gold_loss":0},{"damage_healed":0,"gold_gain":0,"player_choice":"Fight","damage_taken":0,"max_hp_gain":0,"max_hp_loss":0,"event_name":"Mysterious Sphere","floor":37,"gold_loss":0},{"cards_removed":["Impatience"],"damage_healed":0,"gold_gain":0,"player_choice":"Removed Skill","damage_taken":0,"max_hp_gain":0,"max_hp_loss":0,"event_name":"Falling","floor":42,"gold_loss":0}],"is_beta":false,"boss_relics":[{"not_picked":["Sozu","Runic Dome"],"picked":"Fusion Hammer"},{"not_picked":["Velvet Choker","White Beast Statue"],"picked":"Black Star"}],"items_purged_floors":[39],"is_endless":false,"potions_floor_spawned":[7,8,12,14,18,22,24,31,33,35,41,46,47,48],"killed_by":"The Heart","ascension_level":2}