{"gold_per_floor":[109,121,121,121,121,121,138,138,138,138,171,184,210,224,224,224],"floor_reached":16,"playtime":1008,"items_purged":[],"score":165,"play_id":"2759e4cb-d067-4a41-84a6-91b3aac9a821","local_time":"20190929132956","is_ascension_mode":true,"campfire_choices":[{"floor":6,"key":"REST"},{"floor":8,"key":"REST"},{"floor":15,"key":"REST"}],"neow_cost":"NONE","seed_source_timestamp":0,"circlet_count":0,"master_deck":["AscendersBane","Strike_G","Strike_G","Strike_G","Strike_G","Defend_G+1","Defend_G","Defend_G","Defend_G","Defend_G","Survivor","Neutralize+1","Dagger Spray","Blade Dance+1","Blade Dance","Cloak And Dagger","Burst"],"special_seed":0,"relics":["Ring of the Snake","Smiling Mask","Paper Crane","Du-Vu Doll","Oddly Smooth Stone"],"potions_floor_usage":[11,16],"damage_taken":[{"damage":8.0,"enemies":"Jaw Worm","floor":1.0,"turns":6.0},{"damage":4,"enemies":"Small Slimes","floor":2,"turns":4},{"damage":0,"enemies":"2 Louse","floor":7,"turns":2},{"damage":35,"enemies":"Lagavulin","floor":11,"turns":10},{"damage":3,"enemies":"2 Fungi Beasts","floor":12,"turns":3},{"damage":24,"enemies":"Gremlin Nob","floor":13,"turns":5},{"damage":0,"enemies":"Looter","floor":14,"turns":3},{"damage":37,"enemies":"Hexaghost","floor":16,"turns":16}],"seed_played":"-3360165749136119986","potions_obtained":[{"floor":1,"key":"SpeedPotion"},{"floor":7,"key":"Regen Potion"},{"floor":12,"key":"Dexterity Potion"},{"floor":13,"key":"SteroidPotion"}],"is_trial":false,"path_per_floor":["M","M","?","?","?","R","M","R","T","?","E","M","E","M","R","B"],"character_chosen":"THE_SILENT","items_purchased":[],"campfire_rested":3,"item_purchase_floors":[],"current_hp_per_floor":[55,51,33,26,12,33,33,54,54,70,50,47,23,23,44,7],"gold":224,"neow_bonus":"UPGRADE_CARD","is_prod":false,"is_daily":false,"chose_seed":false,"campfire_upgraded":0,"win_rate":0,"timestamp":1569756596,"path_taken":["M","M","?","?","?","R","M","R","T","?","E","M","E","M","R","BOSS"],"build_version":"2019-07-17","purchased_purges":0,"victory":false,"max_hp_per_floor":[70,70,70,70,70,70,70,70,70,70,70,70,70,70,70,70],"card_choices":[{"not_picked":["Blur","Dodge and Roll"],"picked":"Dagger Spray","floor":1},{"not_picked":["Acrobatics","Underhanded Strike"],"picked":"Blade Dance","floor":2},{"not_picked":["Tools of the Trade","Deadly Poison"],"picked":"Blade Dance","floor":7},{"not_picked":["Quick Slash","Backstab"],"picked":"Cloak And Dagger","floor":11},{"not_picked":["Catalyst","Poisoned Stab","Blade Dance"],"picked":"SKIP","floor":12},{"not_picked":["Catalyst","Poisoned Stab","Blade Dance"],"picked":"SKIP","floor":12},{"not_picked":["Deadly Poison","Escape Plan"],"picked":"Burst","floor":13},{"not_picked":["Riddle With Holes","Deadly Poison","Prepared"],"picked":"SKIP","floor":14}],"player_experience":415604,"relics_obtained":[{"floor":9,"key":"Paper Crane"},{"floor":11,"key":"Du-Vu Doll"},{"floor":13,"key":"Oddly Smooth Stone"}],"event_choices":[{"damage_healed":0,"gold_gain":0,"player_choice":"Success","damage_taken":18,"relics_obtained":["Smiling Mask"],"max_hp_gain":0,"max_hp_loss":0,"event_name":"Scrap Ooze","floor":3,"gold_loss":0},{"cards_removed":["Strike_G"],"damage_healed":0,"gold_gain":0,"player_choice":"Card Removal","damage_taken":7,"max_hp_gain":0,"max_hp_loss":0,"event_name":"Golden Wing","floor":4,"gold_loss":0},{"damage_healed":0,"gold_gain":0,"player_choice":"Entered Light","damage_taken":14,"max_hp_gain":0,"max_hp_loss":0,"event_name":"Shining Light","floor":5,"gold_loss":0,"cards_upgraded":["Defend_G","Blade Dance"]},{"damage_healed":23,"gold_gain":0,"player_choice":"Banana","damage_taken":0,"max_hp_gain":0,"max_hp_loss":0,"event_name":"Big Fish","floor":10,"gold_loss":0}],"is_beta":false,"boss_relics":[],"items_purged_floors":[],"is_endless":false,"potions_floor_spawned":[1,7,12,13],"killed_by":"Hexaghost","ascension_level":10}