{"gold_per_floor":[114,114,130,141,153,153,180,180,180,180,191,211,267,279,279,379,379,398,348,366,383,383,383],"floor_reached":23,"playtime":2169,"items_purged":[],"score":195,"play_id":"186031c3-9636-4623-97a5-baf14203a1eb","local_time":"20181126001230","is_ascension_mode":false,"campfire_choices":[{"floor":6,"key":"RECALL"},{"data":"Dualcast","floor":8,"key":"SMITH"},{"data":"Turbo","floor":10,"key":"SMITH"},{"data":"Static Discharge","floor":15,"key":"SMITH"}],"neow_cost":"NONE","seed_source_timestamp":362625144797681,"circlet_count":0,"master_deck":["Strike_B+1","Strike_B+1","Strike_B+1","Strike_B+1","Defend_B+1","Defend_B+1","Defend_B+1","Defend_B+1","Zap+1","Dualcast+1","Beam Cell","Beam Cell","Ball Lightning","Turbo+1","Rip and Tear","Thunder Strike","Beam Cell","Static Discharge+1","Go for the Eyes","Biased Cognition","Redo+1","Conserve Battery","Chill+1"],"relics":["Cracked Core","War Paint","Question Card","Nuclear Battery"],"potions_floor_usage":[7,13,16,16,23],"damage_taken":[{"damage":1,"enemies":"Cultist","floor":1,"turns":3},{"damage":0,"enemies":"Small Slimes","floor":3,"turns":3},{"damage":1,"enemies":"Jaw Worm","floor":4,"turns":2},{"damage":8,"enemies":"Gremlin Gang","floor":5,"turns":3},{"damage":20,"enemies":"Lagavulin","floor":7,"turns":6},{"damage":6,"enemies":"Large Slime","floor":11,"turns":2},{"damage":9,"enemies":"3 Louse","floor":12,"turns":2},{"damage":2,"enemies":"Gremlin Nob","floor":13,"turns":3},{"damage":0,"enemies":"2 Fungi Beasts","floor":14,"turns":2},{"damage":22,"enemies":"The Guardian","floor":16,"turns":6},{"damage":29,"enemies":"2 Thieves","floor":18,"turns":3},{"damage":5,"enemies":"Spheric Guardian","floor":20,"turns":3},{"damage":7,"enemies":"Cultist and Chosen","floor":21,"turns":5},{"damage":42,"enemies":"Gremlin Leader","floor":23,"turns":6}],"seed_played":"-8955147584771274513","potions_obtained":[{"floor":3,"key":"Weak Potion"},{"floor":5,"key":"EssenceOfSteel"},{"floor":11,"key":"FearPotion"},{"floor":12,"key":"Dexterity Potion"},{"floor":20,"key":"Explosive Potion"}],"is_trial":false,"path_per_floor":["M","?","M","M","M","R","E","R","T","R","M","M","?","M","R","B",null,"M","?","M","M","?","E"],"character_chosen":"DEFECT","items_purchased":[],"campfire_rested":0,"item_purchase_floors":[],"current_hp_per_floor":[81,81,81,80,72,72,52,52,52,52,46,37,35,35,35,13,82,53,53,48,41,41,0],"gold":383,"neow_bonus":"TEN_PERCENT_HP_BONUS","is_prod":false,"is_daily":false,"chose_seed":false,"campfire_upgraded":3,"win_rate":0,"timestamp":1543191150,"path_taken":["M","?","?","M","M","R","E","R","T","R","M","M","?","M","R","BOSS","M","?","M","?","?","E"],"build_version":"2018-11-15","purchased_purges":0,"victory":false,"max_hp_per_floor":[82,82,82,82,82,82,82,82,82,82,82,82,82,82,82,82,82,82,82,82,82,82,82],"card_choices":[{"not_picked":["Hologram","Skim"],"picked":"Beam Cell","floor":1},{"not_picked":["Compile Driver","Steam"],"picked":"Beam Cell","floor":3},{"not_picked":["Leap","Cold Snap"],"picked":"Ball Lightning","floor":4},{"not_picked":["Darkness","Redo"],"picked":"Turbo","floor":5},{"not_picked":["Auto Shields","Cold Snap"],"picked":"Rip and Tear","floor":7},{"not_picked":["Go for the Eyes","Turbo"],"picked":"Thunder Strike","floor":11},{"not_picked":["Hologram","Stack"],"picked":"Beam Cell","floor":12},{"not_picked":["Stack","Gash"],"picked":"Static Discharge","floor":13},{"not_picked":["Rebound","Streamline","Compile Driver"],"picked":"Go for the Eyes","floor":14},{"not_picked":["Fission","Buffer","Machine Learning"],"picked":"Biased Cognition","floor":16},{"not_picked":["Stack","Cold Snap","Fusion"],"picked":"Redo+1","floor":18},{"not_picked":["Redo","Hologram","Force Field"],"picked":"Conserve Battery","floor":20},{"not_picked":["Beam Cell+1","Steam","Compile Driver"],"picked":"Chill+1","floor":21}],"player_experience":139012,"relics_obtained":[{"floor":7,"key":"War Paint"},{"floor":13,"key":"Question Card"}],"event_choices":[{"damage_healed":0,"gold_gain":0,"player_choice":"Upgraded","damage_taken":0,"max_hp_gain":0,"max_hp_loss":0,"event_name":"Upgrade Shrine","floor":2,"gold_loss":0,"cards_upgraded":["Zap"]},{"damage_healed":0,"gold_gain":30,"player_choice":"Searched \u00273\u0027 times","damage_taken":0,"max_hp_gain":0,"max_hp_loss":0,"event_name":"Dead Adventurer","floor":13,"gold_loss":0},{"damage_healed":0,"gold_gain":0,"player_choice":"Bet on Murderer","damage_taken":0,"max_hp_gain":0,"max_hp_loss":0,"event_name":"The Joust","floor":19,"gold_loss":50},{"damage_healed":0,"gold_gain":0,"player_choice":"Simplicity","damage_taken":0,"max_hp_gain":0,"max_hp_loss":0,"event_name":"Back to Basics","floor":22,"gold_loss":0,"cards_upgraded":["Strike_B","Strike_B","Strike_B","Strike_B","Defend_B","Defend_B"]}],"is_beta":true,"boss_relics":[{"not_picked":["White Beast Statue","Runic Pyramid"],"picked":"Nuclear Battery"}],"items_purged_floors":[],"is_endless":false,"potions_floor_spawned":[3,5,11,12,20],"killed_by":"Gremlin Leader","ascension_level":0}