{"gold_per_floor":[112,112,124,140,152,152,180,180,207,235,235,246,22,49,49,147,147,162,162,175,193,193,193,222,222],"floor_reached":25,"playtime":965,"items_purged":[],"score":395,"play_id":"5706f10c-a700-40cc-92be-bb3a765c3486","local_time":"20190921223018","is_ascension_mode":true,"campfire_choices":[{"floor":6,"key":"REST"},{"data":"Infernal Blade","floor":8,"key":"SMITH"},{"floor":11,"key":"REST"},{"floor":15,"key":"REST"},{"floor":23,"key":"REST"}],"neow_cost":"NONE","seed_source_timestamp":361118774737900,"circlet_count":0,"master_deck":["AscendersBane","Strike_R","Strike_R","Strike_R","Strike_R","Strike_R","Defend_R","Defend_R","Defend_R","Defend_R","Bash","Cleave","Cleave","Infernal Blade+1","Thunderclap","Spot Weakness","Flex","Anger","Inflame","Shrug It Off","Demon Form+1","Headbutt","Ghostly","Ghostly","Ghostly","Ghostly","Ghostly","Flame Barrier+1","Wild Strike+1","Heavy Blade"],"relics":["Burning Blood","NlothsMask","Red Skull","Happy Flower","Membership Card","Odd Mushroom","Mark of Pain","Gambling Chip"],"potions_floor_usage":[4,7,16,18,20,25],"damage_taken":[{"damage":6,"enemies":"Cultist","floor":1,"turns":3},{"damage":4,"enemies":"Small Slimes","floor":3,"turns":4},{"damage":7,"enemies":"Jaw Worm","floor":4,"turns":3},{"damage":33,"enemies":"Exordium Thugs","floor":5,"turns":5},{"damage":16,"enemies":"Gremlin Nob","floor":7,"turns":3},{"damage":55,"enemies":"3 Sentries","floor":10,"turns":8},{"damage":17,"enemies":"Lots of Slimes","floor":12,"turns":3},{"damage":0,"enemies":"The Mushroom Lair","floor":14,"turns":2},{"damage":83,"enemies":"Hexaghost","floor":16,"turns":10},{"damage":26,"enemies":"Shell Parasite","floor":18,"turns":4},{"damage":3,"enemies":"3 Byrds","floor":20,"turns":7},{"damage":24,"enemies":"Snake Plant","floor":21,"turns":4},{"damage":24,"enemies":"Slavers","floor":24,"turns":7},{"damage":26,"enemies":"Chosen and Byrds","floor":25,"turns":4}],"seed_played":"1456868281504516020","potions_obtained":[{"floor":3,"key":"Fire Potion"},{"floor":5,"key":"Explosive Potion"},{"floor":10,"key":"Energy Potion"},{"floor":14,"key":"BloodPotion"},{"floor":18,"key":"Fire Potion"},{"floor":24,"key":"SteroidPotion"}],"is_trial":false,"path_per_floor":["M","?","M","M","M","R","E","R","T","E","R","M","$","?","R","B",null,"M","?","M","M","?","R","E","M"],"character_chosen":"IRONCLAD","items_purchased":["Membership Card","Inflame"],"campfire_rested":4,"item_purchase_floors":[13,13],"current_hp_per_floor":[80,80,82,81,54,80,70,70,70,21,47,36,36,42,68,13,69,49,44,44,26,26,39,21,0],"gold":222,"neow_bonus":"TEN_PERCENT_HP_BONUS","is_prod":false,"is_daily":false,"chose_seed":false,"campfire_upgraded":1,"win_rate":0,"timestamp":1569119418,"path_taken":["M","?","M","M","?","R","E","R","T","E","R","M","$","?","R","BOSS","M","?","M","M","?","R","E","?"],"build_version":"2019-07-17","purchased_purges":0,"victory":false,"max_hp_per_floor":[88,88,88,88,88,88,88,88,88,88,88,88,88,88,88,88,88,88,44,44,44,44,44,44,44],"card_choices":[{"not_picked":["Flex","Warcry"],"picked":"Cleave","floor":1},{"not_picked":["Ghostly Armor","Dual Wield"],"picked":"Cleave","floor":3},{"not_picked":["Headbutt","Carnage"],"picked":"Infernal Blade","floor":4},{"not_picked":["Whirlwind","Shrug It Off"],"picked":"Thunderclap","floor":5},{"not_picked":["Havoc","Brutality"],"picked":"Spot Weakness","floor":7},{"not_picked":["Clothesline","Limit Break"],"picked":"Flex","floor":10},{"not_picked":["Feel No Pain","Perfected Strike"],"picked":"Anger","floor":12},{"not_picked":["Ghostly Armor","Twin Strike"],"picked":"Shrug It Off","floor":14},{"not_picked":["Bludgeon","Exhume"],"picked":"Demon Form","floor":16},{"not_picked":["Warcry","Sentinel"],"picked":"Headbutt","floor":18},{"not_picked":["Intimidate","Fire Breathing"],"picked":"Flame Barrier+1","floor":20},{"not_picked":["Flex","Sentinel"],"picked":"Wild Strike+1","floor":21},{"not_picked":["Entrench","Havoc+1"],"picked":"Heavy Blade","floor":24}],"player_experience":705622,"relics_obtained":[{"floor":7,"key":"Red Skull"},{"floor":10,"key":"Happy Flower"},{"floor":14,"key":"Odd Mushroom"},{"floor":24,"key":"Gambling Chip"}],"event_choices":[{"damage_healed":0,"gold_gain":0,"player_choice":"Trade","damage_taken":0,"relics_obtained":["NlothsMask"],"max_hp_gain":0,"max_hp_loss":0,"event_name":"FaceTrader","floor":2,"gold_loss":0},{"damage_healed":0,"gold_gain":0,"player_choice":"Fought Mushrooms","damage_taken":0,"max_hp_gain":0,"max_hp_loss":0,"event_name":"Mushrooms","floor":14,"gold_loss":0},{"damage_healed":0,"gold_gain":0,"player_choice":"Became a Ghost","damage_taken":0,"max_hp_gain":0,"max_hp_loss":44,"event_name":"Ghosts","floor":19,"gold_loss":0,"cards_obtained":["Ghostly","Ghostly","Ghostly","Ghostly","Ghostly"]},{"damage_healed":0,"gold_gain":0,"player_choice":"Upgraded","damage_taken":0,"max_hp_gain":0,"max_hp_loss":0,"event_name":"Upgrade Shrine","floor":22,"gold_loss":0,"cards_upgraded":["Demon Form"]}],"is_beta":false,"boss_relics":[{"not_picked":["Philosopher\u0027s Stone","Runic Pyramid"],"picked":"Mark of Pain"}],"items_purged_floors":[],"is_endless":false,"potions_floor_spawned":[3,5,10,14,18,24],"killed_by":"Chosen and Byrds","ascension_level":12}