{"gold_per_floor":[115,129,141,160,160,160,186,186,210,239,254,268,93,93,93,193,193,209,209,227,247,265,291,291,325,348,381,481,496,527,543,543,543],"floor_reached":33,"playtime":2440,"items_purged":[],"score":508,"play_id":"ad6bb66d-ed9a-42d8-81c1-096a505aa1ca","local_time":"20190912200653","is_ascension_mode":true,"campfire_choices":[{"floor":6,"key":"REST"},{"floor":8,"key":"REST"},{"floor":15,"key":"REST"},{"floor":24,"key":"REST"},{"floor":32,"key":"DIG"}],"neow_cost":"NONE","seed_source_timestamp":5001450788600,"circlet_count":0,"master_deck":["Strike_G","Strike_G+1","Strike_G+1","Strike_G","Defend_G","Defend_G","Defend_G","Defend_G","Defend_G","Survivor","Neutralize","Blind","Backflip","Backstab","Infinite Blades","Crippling Poison","Infinite Blades","Blade Dance","PiercingWail","Flying Knee","Accuracy","Backstab","Dagger Throw","After Image","Backstab","Ghostly","Ghostly","Ghostly","Ghostly","Ghostly","Sucker Punch+1","Blade Dance+1","Dodge and Roll","Deadly Poison+1","Heel Hook","Footwork","Calculated Gamble","Cloak And Dagger","Sucker Punch","Noxious Fumes"],"relics":["Ring of the Snake","Regal Pillow","Happy Flower","Centennial Puzzle","White Beast Statue","Calipers","Sundial","Vajra","Oddly Smooth Stone","Shovel","Gremlin Horn","Meat on the Bone","Blood Vial"],"potions_floor_usage":[7,11,12,21,21,21,21,21,22,22,23,25,27,30,31,33,33],"damage_taken":[{"damage":0,"enemies":"2 Louse","floor":1,"turns":2},{"damage":1,"enemies":"Small Slimes","floor":2,"turns":4},{"damage":2,"enemies":"Jaw Worm","floor":3,"turns":4},{"damage":1,"enemies":"2 Fungi Beasts","floor":4,"turns":4},{"damage":32,"enemies":"Gremlin Nob","floor":7,"turns":6},{"damage":42,"enemies":"Lagavulin","floor":10,"turns":9},{"damage":3,"enemies":"Gremlin Gang","floor":11,"turns":3},{"damage":4,"enemies":"Exordium Thugs","floor":12,"turns":5},{"damage":44,"enemies":"The Guardian","floor":16,"turns":11},{"damage":14,"enemies":"Spheric Guardian","floor":18,"turns":4},{"damage":2,"enemies":"Chosen","floor":20,"turns":5},{"damage":2,"enemies":"Centurion and Healer","floor":21,"turns":4},{"damage":1,"enemies":"Shelled Parasite and Fungi","floor":22,"turns":6},{"damage":35,"enemies":"Gremlin Leader","floor":23,"turns":8},{"damage":2,"enemies":"Slavers","floor":25,"turns":6},{"damage":4,"enemies":"Book of Stabbing","floor":27,"turns":6},{"damage":2,"enemies":"Colosseum Slavers","floor":28,"turns":4},{"damage":1,"enemies":"Colosseum Nobs","floor":28,"turns":6},{"damage":3,"enemies":"Sentry and Sphere","floor":29,"turns":6},{"damage":7,"enemies":"Slavers","floor":30,"turns":5},{"damage":5,"enemies":"Chosen and Byrds","floor":31,"turns":7},{"damage":40,"enemies":"Collector","floor":33,"turns":5}],"seed_played":"5460468870810835381","potions_obtained":[{"floor":2,"key":"Energy Potion"},{"floor":3,"key":"SkillPotion"},{"floor":10,"key":"Swift Potion"},{"floor":11,"key":"PowerPotion"},{"floor":16,"key":"Ancient Potion"},{"floor":18,"key":"LiquidBronze"},{"floor":20,"key":"EntropicBrew"},{"floor":21,"key":"SteroidPotion"},{"floor":22,"key":"Regen Potion"},{"floor":23,"key":"PowerPotion"},{"floor":25,"key":"Poison Potion"},{"floor":27,"key":"Block Potion"},{"floor":28,"key":"PowerPotion"},{"floor":29,"key":"Swift Potion"},{"floor":30,"key":"PowerPotion"},{"floor":31,"key":"Strength Potion"}],"is_trial":false,"path_per_floor":["M","M","M","M","?","R","E","R","T","E","M","M","$","?","R","B",null,"M","?","M","M","M","E","R","E","T","E","?","M","E","M","R","B"],"character_chosen":"THE_SILENT","items_purchased":["Accuracy","Backstab","Dagger Throw"],"campfire_rested":4,"item_purchase_floors":[13,13,13],"current_hp_per_floor":[63,62,60,59,45,66,34,70,70,28,25,21,21,21,57,13,56,42,35,33,31,30,10,35,33,33,29,26,23,16,23,23,0],"gold":543,"neow_bonus":"RANDOM_COLORLESS","is_prod":false,"is_daily":false,"chose_seed":false,"campfire_upgraded":0,"win_rate":0,"timestamp":1568333213,"path_taken":["M","M","M","M","?","R","E","R","T","E","M","M","$","?","R","BOSS","M","?","M","M","M","E","R","E","T","E","?","M","E","M","R","BOSS"],"build_version":"2019-07-17","purchased_purges":0,"victory":false,"max_hp_per_floor":[70,70,70,70,70,70,70,70,70,70,70,70,70,70,70,70,70,70,35,35,35,35,35,35,35,35,35,35,35,35,35,35,35],"card_choices":[{"not_picked":["PiercingWail","Concentrate"],"picked":"Backflip","floor":1},{"not_picked":["Deflect","Predator"],"picked":"Backstab","floor":2},{"not_picked":["Deadly Poison","Prepared"],"picked":"Infinite Blades","floor":3},{"not_picked":["Poisoned Stab","Outmaneuver"],"picked":"Crippling Poison","floor":4},{"not_picked":["Choke","Backflip"],"picked":"Infinite Blades","floor":7},{"not_picked":["Dodge and Roll","Bullet Time"],"picked":"Blade Dance","floor":10},{"not_picked":["Bane","Dagger Spray"],"picked":"PiercingWail","floor":11},{"not_picked":["Backflip","Dodge and Roll"],"picked":"Flying Knee","floor":12},{"not_picked":["Unload","Envenom"],"picked":"After Image","floor":16},{"not_picked":["Bane","Distraction"],"picked":"Backstab","floor":18},{"not_picked":["Flying Knee+1","Deflect"],"picked":"Sucker Punch+1","floor":20},{"not_picked":["Masterful Stab+1","Dodge and Roll"],"picked":"Blade Dance+1","floor":21},{"not_picked":["Expertise","Skewer+1"],"picked":"Dodge and Roll","floor":22},{"not_picked":["Expertise","Bane+1"],"picked":"Deadly Poison+1","floor":23},{"not_picked":["PiercingWail","Poisoned Stab+1"],"picked":"Heel Hook","floor":25},{"not_picked":["Quick Slash","Endless Agony"],"picked":"Footwork","floor":27},{"not_picked":["Riddle With Holes","PiercingWail"],"picked":"Calculated Gamble","floor":28},{"not_picked":["Footwork","Crippling Poison"],"picked":"Cloak And Dagger","floor":29},{"not_picked":["Doppelganger","Reflex+1"],"picked":"Sucker Punch","floor":30},{"not_picked":["Choke","Dodge and Roll"],"picked":"Noxious Fumes","floor":31}],"player_experience":581666,"relics_obtained":[{"floor":7,"key":"Regal Pillow"},{"floor":9,"key":"Happy Flower"},{"floor":10,"key":"Centennial Puzzle"},{"floor":23,"key":"Calipers"},{"floor":25,"key":"Sundial"},{"floor":26,"key":"Vajra"},{"floor":27,"key":"Oddly Smooth Stone"},{"floor":28,"key":"Shovel"},{"floor":28,"key":"Gremlin Horn"},{"floor":30,"key":"Meat on the Bone"},{"floor":32,"key":"Blood Vial"}],"event_choices":[{"damage_healed":0,"gold_gain":0,"player_choice":"Entered Light","damage_taken":14,"max_hp_gain":0,"max_hp_loss":0,"event_name":"Shining Light","floor":5,"gold_loss":0,"cards_upgraded":["Strike_G","Strike_G"]},{"cards_removed":["Strike_G"],"damage_healed":0,"gold_gain":0,"player_choice":"Forget","damage_taken":0,"max_hp_gain":0,"max_hp_loss":0,"event_name":"Living Wall","floor":14,"gold_loss":0},{"damage_healed":0,"gold_gain":0,"player_choice":"Became a Ghost","damage_taken":0,"max_hp_gain":0,"max_hp_loss":35,"event_name":"Ghosts","floor":19,"gold_loss":0,"cards_obtained":["Ghostly","Ghostly","Ghostly","Ghostly","Ghostly"]},{"damage_healed":0,"gold_gain":0,"player_choice":"Fight","damage_taken":0,"max_hp_gain":0,"max_hp_loss":0,"event_name":"Colosseum","floor":28,"gold_loss":0},{"damage_healed":0,"gold_gain":0,"player_choice":"Fought Nobs","damage_taken":0,"max_hp_gain":0,"max_hp_loss":0,"event_name":"Colosseum","floor":28,"gold_loss":0}],"is_beta":false,"boss_relics":[{"not_picked":["Runic Pyramid","Pandora\u0027s Box"],"picked":"White Beast Statue"}],"items_purged_floors":[],"is_endless":false,"potions_floor_spawned":[2,3,10,11,16,18,20,21,22,23,25,27,28,28,29,30,31],"killed_by":"Collector","ascension_level":7}