{"gold_per_floor":[111,131,142,60,79,112,131,131,131,142,71,88,107,124,124,221,221,232,232],"floor_reached":19,"playtime":1028,"items_purged":[],"score":236,"play_id":"212bac09-9e4d-42f7-97c2-4af48fa40745","local_time":"20190915131546","is_ascension_mode":true,"campfire_choices":[{"floor":8,"key":"REST"},{"floor":15,"key":"REST"}],"neow_cost":"TEN_PERCENT_HP_LOSS","seed_source_timestamp":240950877728900,"circlet_count":0,"master_deck":["Strike_G","Strike_G","Strike_G","Strike_G","Strike_G","Defend_G","Defend_G","Defend_G","Defend_G","Defend_G","Survivor","Neutralize","All Out Attack","Underhanded Strike","Dodge and Roll","Noxious Fumes","Backflip","Dagger Throw","PiercingWail","Underhanded Strike","Heel Hook","Setup","Cloak And Dagger","Dash","Die Die Die","Backstab"],"relics":["Ring of the Snake","Tingsha","Blood Vial","Bottled Tornado","WristBlade"],"potions_floor_usage":[5,10,10,13],"damage_taken":[{"damage":9,"enemies":"Cultist","floor":1,"turns":4},{"damage":0,"enemies":"2 Louse","floor":2,"turns":2},{"damage":1,"enemies":"Small Slimes","floor":3,"turns":3},{"damage":8,"enemies":"2 Fungi Beasts","floor":5,"turns":3},{"damage":31,"enemies":"Gremlin Nob","floor":6,"turns":5},{"damage":0,"enemies":"Blue Slaver","floor":7,"turns":3},{"damage":2,"enemies":"Red Slaver","floor":10,"turns":3},{"damage":0,"enemies":"3 Louse","floor":12,"turns":2},{"damage":12,"enemies":"Exordium Thugs","floor":13,"turns":6},{"damage":0,"enemies":"Lots of Slimes","floor":14,"turns":2},{"damage":38,"enemies":"Slime Boss","floor":16,"turns":13},{"damage":12,"enemies":"3 Byrds","floor":18,"turns":6},{"damage":44,"enemies":"Masked Bandits","floor":19,"turns":3}],"seed_played":"-943912030940561126","potions_obtained":[{"floor":1,"key":"EssenceOfSteel"},{"floor":5,"key":"Swift Potion"},{"floor":7,"key":"SteroidPotion"},{"floor":10,"key":"PowerPotion"}],"is_trial":false,"path_per_floor":["M","M","M","$","M","E","M","R","T","M","$","M","M","M","R","B",null,"M","?"],"character_chosen":"THE_SILENT","items_purchased":["Noxious Fumes","Heel Hook"],"campfire_rested":2,"item_purchase_floors":[4,11],"current_hp_per_floor":[54,54,53,53,45,14,16,34,34,34,34,36,26,28,46,10,50,40,0],"gold":232,"neow_bonus":"ONE_RARE_RELIC","is_prod":false,"is_daily":false,"chose_seed":false,"campfire_upgraded":0,"win_rate":0,"timestamp":1568567746,"path_taken":["M","M","M","$","?","E","M","R","T","M","$","M","M","M","R","BOSS","M","?"],"build_version":"2019-07-17","purchased_purges":0,"victory":false,"max_hp_per_floor":[63,63,63,63,63,63,63,63,63,63,63,63,63,63,63,63,63,63,63],"card_choices":[{"not_picked":["Riddle With Holes","Blade Dance"],"picked":"All Out Attack","floor":1},{"not_picked":["Endless Agony","Choke"],"picked":"Underhanded Strike","floor":2},{"not_picked":["Caltrops","Catalyst"],"picked":"Dodge and Roll","floor":3},{"not_picked":["Acrobatics","Eviscerate"],"picked":"Backflip","floor":5},{"not_picked":["Flying Knee","Backflip"],"picked":"Dagger Throw","floor":6},{"not_picked":["Flechettes","Eviscerate"],"picked":"PiercingWail","floor":7},{"not_picked":["Eviscerate","Night Terror"],"picked":"Underhanded Strike","floor":10},{"not_picked":["Outmaneuver","Bane"],"picked":"Setup","floor":12},{"not_picked":["Crippling Poison","Blur"],"picked":"Cloak And Dagger","floor":13},{"not_picked":["Backstab","Flying Knee"],"picked":"Dash","floor":14},{"not_picked":["Unload","Grand Finale"],"picked":"Die Die Die","floor":16},{"not_picked":["Flying Knee","Backflip"],"picked":"Backstab","floor":18}],"player_experience":620680,"relics_obtained":[{"floor":6,"key":"Blood Vial"},{"floor":9,"key":"Bottled Tornado"}],"event_choices":[{"damage_healed":0,"gold_gain":0,"player_choice":"Fought Bandits","damage_taken":0,"max_hp_gain":0,"max_hp_loss":0,"event_name":"Masked Bandits","floor":19,"gold_loss":0}],"is_beta":false,"boss_relics":[{"not_picked":["Coffee Dripper","HoveringKite"],"picked":"WristBlade"}],"items_purged_floors":[],"is_endless":false,"potions_floor_spawned":[1,5,7,10],"killed_by":"Masked Bandits","ascension_level":7}