{"gold_per_floor":[114,126,51,64,84,84,115,115,168,168,20,20,20,60,60,181,181,197,112,112,112,126,126,161,184,184,184,184,219,242,260,260,260],"floor_reached":33,"playtime":1096,"items_purged":["Defend_R"],"score":396,"play_id":"28a8da30-fd57-4722-b108-66640779aae7","local_time":"20190908093905","is_ascension_mode":true,"campfire_choices":[{"floor":6,"key":"REST"},{"data":"Perfected Strike","floor":8,"key":"SMITH"},{"floor":10,"key":"REST"},{"floor":15,"key":"REST"},{"floor":23,"key":"REST"},{"floor":27,"key":"REST"},{"floor":32,"key":"REST"}],"neow_cost":"PERCENT_DAMAGE","seed_source_timestamp":145314077626000,"circlet_count":0,"master_deck":["Strike_R","Strike_R","Strike_R","Strike_R","Strike_R","Defend_R+1","Bash","Perfected Strike+1","Cleave","Wild Strike","Inflame","Carnage","Spot Weakness+1","Shrug It Off+1","Limit Break+1","Armaments+1","RitualDagger","Exhume+1","Bash","Perfected Strike","Shockwave+1","Headbutt+1","Pommel Strike","Impervious+1","Clash","Double Tap+1","Heavy Blade+1","Flame Barrier+1"],"relics":["Burning Blood","Toxic Egg 2","Regal Pillow","Dream Catcher","Golden Idol","War Paint","Bag of Marbles","Runic Dome","Du-Vu Doll","Omamori","Champion Belt"],"potions_floor_usage":[7,22,29,31,33],"damage_taken":[{"damage":6,"enemies":"Cultist","floor":1,"turns":3},{"damage":7,"enemies":"Jaw Worm","floor":2,"turns":3},{"damage":7,"enemies":"2 Louse","floor":4,"turns":3},{"damage":19,"enemies":"Exordium Wildlife","floor":5,"turns":3},{"damage":20,"enemies":"Lagavulin","floor":7,"turns":3},{"damage":32,"enemies":"Gremlin Nob","floor":14,"turns":4},{"damage":60,"enemies":"The Guardian","floor":16,"turns":9},{"damage":22,"enemies":"2 Thieves","floor":18,"turns":3},{"damage":7,"enemies":"Shell Parasite","floor":22,"turns":2},{"damage":42,"enemies":"Gremlin Leader","floor":24,"turns":6},{"damage":35,"enemies":"Chosen and Byrds","floor":25,"turns":5},{"damage":33,"enemies":"Book of Stabbing","floor":29,"turns":4},{"damage":11,"enemies":"Sentry and Sphere","floor":30,"turns":3},{"damage":18,"enemies":"Shelled Parasite and Fungi","floor":31,"turns":3},{"damage":59,"enemies":"Champ","floor":33,"turns":6}],"seed_played":"5819941268468168987","potions_obtained":[{"floor":1,"key":"Energy Potion"},{"floor":16,"key":"AttackPotion"},{"floor":18,"key":"Strength Potion"},{"floor":25,"key":"Weak Potion"},{"floor":30,"key":"Regen Potion"}],"is_trial":false,"path_per_floor":["M","M","$","M","M","R","E","R","T","R","$","?","?","E","R","B",null,"M","?","?","?","M","R","E","M","T","R","$","E","M","M","R","B"],"character_chosen":"IRONCLAD","items_purchased":["Dream Catcher"],"campfire_rested":6,"item_purchase_floors":[11],"current_hp_per_floor":[51,50,50,49,36,60,46,46,46,80,80,60,57,31,70,16,64,48,48,42,42,41,80,44,15,15,54,54,27,22,19,58,0],"gold":260,"neow_bonus":"REMOVE_TWO","is_prod":false,"is_daily":false,"chose_seed":false,"campfire_upgraded":1,"win_rate":0,"timestamp":1567949945,"path_taken":["M","M","$","?","?","R","E","R","T","R","?","?","?","E","R","BOSS","M","?","?","?","M","R","E","M","T","R","$","E","M","M","R","BOSS"],"build_version":"2019-07-17","purchased_purges":1,"victory":false,"max_hp_per_floor":[80,80,80,80,80,80,80,80,80,80,80,80,80,80,80,80,80,80,80,80,80,80,80,80,80,80,80,80,80,80,80,80,80],"card_choices":[{"not_picked":["Sword Boomerang","Searing Blow"],"picked":"Perfected Strike","floor":1},{"not_picked":["Sever Soul","Body Slam"],"picked":"Cleave","floor":2},{"not_picked":["Shrug It Off","Evolve"],"picked":"Wild Strike","floor":4},{"not_picked":["Body Slam","Wild Strike"],"picked":"Inflame","floor":5},{"not_picked":["Limit Break","Thunderclap"],"picked":"Carnage","floor":7},{"not_picked":["Reckless Charge","Anger"],"picked":"Spot Weakness+1","floor":14},{"not_picked":["Clothesline","Shockwave+1"],"picked":"Shrug It Off+1","floor":15},{"not_picked":["Barricade","Impervious+1"],"picked":"Limit Break+1","floor":16},{"not_picked":["Twin Strike","Cleave"],"picked":"Armaments+1","floor":18},{"not_picked":["Warcry+1","Disarm+1"],"picked":"Perfected Strike","floor":22},{"not_picked":["Anger","Sword Boomerang"],"picked":"Shockwave+1","floor":23},{"not_picked":["Clothesline","Feel No Pain+1"],"picked":"Headbutt+1","floor":24},{"not_picked":["Hemokinesis","Cleave"],"picked":"Pommel Strike","floor":25},{"not_picked":["Second Wind+1","Shrug It Off+1"],"picked":"Impervious+1","floor":27},{"not_picked":["Armaments+1","True Grit+1"],"picked":"Clash","floor":29},{"not_picked":["Perfected Strike","Hemokinesis"],"picked":"Double Tap+1","floor":30},{"not_picked":["Armaments+1","Uppercut"],"picked":"Heavy Blade+1","floor":31},{"not_picked":["Clothesline","Heavy Blade"],"picked":"Flame Barrier+1","floor":32}],"player_experience":507778,"relics_obtained":[{"floor":7,"key":"Toxic Egg 2"},{"floor":9,"key":"Regal Pillow"},{"floor":14,"key":"Bag of Marbles"},{"floor":24,"key":"Omamori"},{"floor":29,"key":"Champion Belt"}],"event_choices":[{"damage_healed":0,"gold_gain":0,"player_choice":"Take Damage","damage_taken":20,"relics_obtained":["Golden Idol"],"max_hp_gain":0,"max_hp_loss":0,"event_name":"Golden Idol","floor":12,"gold_loss":0},{"damage_healed":0,"gold_gain":0,"player_choice":"Success","damage_taken":3,"relics_obtained":["War Paint"],"max_hp_gain":0,"max_hp_loss":0,"event_name":"Scrap Ooze","floor":13,"gold_loss":0},{"damage_healed":0,"gold_gain":0,"player_choice":"Obtained Relic","damage_taken":0,"relics_obtained":["Du-Vu Doll"],"max_hp_gain":0,"max_hp_loss":0,"event_name":"Addict","floor":19,"gold_loss":85},{"damage_healed":0,"gold_gain":0,"player_choice":"Joined the Cult","damage_taken":6,"max_hp_gain":0,"max_hp_loss":0,"event_name":"Nest","floor":20,"gold_loss":0,"cards_obtained":["RitualDagger"]},{"damage_healed":0,"gold_gain":0,"player_choice":"2 cards matched","damage_taken":0,"max_hp_gain":0,"max_hp_loss":0,"event_name":"Match and Keep!","floor":21,"gold_loss":0,"cards_obtained":["Exhume","Bash"]}],"is_beta":false,"boss_relics":[{"not_picked":["Coffee Dripper","Ectoplasm"],"picked":"Runic Dome"}],"items_purged_floors":[3],"is_endless":false,"potions_floor_spawned":[1,16,18,25,30],"killed_by":"Champ","ascension_level":7}