{"gold_per_floor":[115,129,148,25,39,71,71,105,159,159,159,159,159,177,177,279,279,290,303,336,246,263,263],"floor_reached":23,"playtime":1346,"items_purged":["Injury"],"score":296,"play_id":"3683a9e1-afb9-41c7-8732-90081625e4fe","local_time":"20190909001147","is_ascension_mode":true,"campfire_choices":[{"data":"Rampage","floor":7,"key":"SMITH"},{"floor":11,"key":"REST"},{"floor":13,"key":"REST"},{"data":"Headbutt","floor":15,"key":"SMITH"}],"neow_cost":"CURSE","seed_source_timestamp":197424935646800,"circlet_count":0,"master_deck":["Strike_R","Strike_R","Strike_R","Strike_R","Strike_R+1","Defend_R","Defend_R","Defend_R","Bash","Burning Pact","Rampage+1","Disarm","True Grit","Thunderclap+1","Headbutt+1","Carnage+1","Clothesline","Reaper","Battle Trance","Seeing Red","Shockwave","Iron Wave","Clothesline","Dropkick","Cleave","Clash","Havoc"],"relics":["Burning Blood","Bag of Marbles","Blue Candle","Oddly Smooth Stone","Orrery","Red Mask"],"potions_floor_usage":[6,6,16,16,18],"damage_taken":[{"damage":0,"enemies":"2 Louse","floor":1,"turns":4},{"damage":13,"enemies":"Jaw Worm","floor":2,"turns":5},{"damage":6,"enemies":"Cultist","floor":3,"turns":3},{"damage":5,"enemies":"Exordium Thugs","floor":5,"turns":4},{"damage":29,"enemies":"Lagavulin","floor":6,"turns":6},{"damage":28,"enemies":"Gremlin Nob","floor":8,"turns":4},{"damage":14,"enemies":"Red Slaver","floor":14,"turns":2},{"damage":39,"enemies":"Hexaghost","floor":16,"turns":6},{"damage":11,"enemies":"Spheric Guardian","floor":18,"turns":3},{"damage":21,"enemies":"3 Byrds","floor":19,"turns":7},{"damage":57,"enemies":"Masked Bandits","floor":20,"turns":5},{"damage":19,"enemies":"Centurion and Healer","floor":22,"turns":6},{"damage":38,"enemies":"Gremlin Leader","floor":23,"turns":4}],"seed_played":"4982013470051203647","potions_obtained":[{"floor":2,"key":"Weak Potion"},{"floor":3,"key":"SteroidPotion"},{"floor":5,"key":"Explosive Potion"},{"floor":8,"key":"AttackPotion"},{"floor":16,"key":"AttackPotion"}],"is_trial":false,"path_per_floor":["M","M","M","$","M","E","R","E","T","?","R","?","R","M","R","B",null,"M","M","?","?","M","E"],"character_chosen":"IRONCLAD","items_purchased":["True Grit"],"campfire_rested":2,"item_purchase_floors":[4],"current_hp_per_floor":[94,87,87,87,88,65,65,43,43,40,68,49,77,69,69,36,81,76,70,37,37,24,0],"gold":263,"neow_bonus":"TWENTY_PERCENT_HP_BONUS","is_prod":false,"is_daily":false,"chose_seed":false,"campfire_upgraded":2,"win_rate":0,"timestamp":1568002307,"path_taken":["M","M","M","$","M","E","R","E","T","?","R","?","R","M","R","BOSS","M","M","?","?","?","E"],"build_version":"2019-07-17","purchased_purges":1,"victory":false,"max_hp_per_floor":[96,96,96,96,96,96,96,96,96,96,96,96,96,96,96,96,96,96,96,96,96,96,96],"card_choices":[{"not_picked":["Searing Blow","Shrug It Off"],"picked":"Burning Pact","floor":1},{"not_picked":["Wild Strike","Anger"],"picked":"Rampage","floor":2},{"not_picked":["Thunderclap","Sentinel"],"picked":"Disarm","floor":3},{"not_picked":["Shrug It Off","Cleave"],"picked":"Thunderclap","floor":5},{"not_picked":["Cleave","Barricade"],"picked":"Headbutt","floor":6},{"not_picked":["Heavy Blade","Disarm"],"picked":"Carnage","floor":8},{"not_picked":["Twin Strike","Body Slam"],"picked":"Clothesline","floor":14},{"not_picked":["Juggernaut","Impervious"],"picked":"Reaper","floor":16},{"not_picked":["Clothesline","Searing Blow"],"picked":"Battle Trance","floor":17},{"not_picked":["Clothesline","Second Wind"],"picked":"Seeing Red","floor":17},{"not_picked":["Anger","Reckless Charge"],"picked":"Shockwave","floor":17},{"not_picked":["Feel No Pain","Rage"],"picked":"Iron Wave","floor":17},{"not_picked":["Bloodletting","Hemokinesis"],"picked":"Clothesline","floor":17},{"not_picked":["Cleave","Shrug It Off"],"picked":"Dropkick","floor":18},{"not_picked":["Clothesline","Perfected Strike"],"picked":"Cleave","floor":19},{"not_picked":["Shockwave","Twin Strike"],"picked":"Clash","floor":20},{"not_picked":["Second Wind","Rage"],"picked":"Havoc","floor":22}],"player_experience":516528,"relics_obtained":[{"floor":6,"key":"Bag of Marbles"},{"floor":8,"key":"Blue Candle"},{"floor":20,"key":"Red Mask"}],"event_choices":[{"damage_healed":0,"gold_gain":0,"player_choice":"Success","damage_taken":3,"relics_obtained":["Oddly Smooth Stone"],"max_hp_gain":0,"max_hp_loss":0,"event_name":"Scrap Ooze","floor":10,"gold_loss":0},{"damage_healed":0,"gold_gain":0,"player_choice":"Entered Light","damage_taken":19,"max_hp_gain":0,"max_hp_loss":0,"event_name":"Shining Light","floor":12,"gold_loss":0,"cards_upgraded":["Carnage","Thunderclap"]},{"damage_healed":0,"gold_gain":0,"player_choice":"Fought Bandits","damage_taken":0,"max_hp_gain":0,"max_hp_loss":0,"event_name":"Masked Bandits","floor":20,"gold_loss":0},{"cards_removed":["Defend_R"],"damage_healed":0,"gold_gain":0,"player_choice":"Upgrade and Remove","damage_taken":0,"max_hp_gain":0,"max_hp_loss":0,"event_name":"Designer","floor":21,"gold_loss":90,"cards_upgraded":["Strike_R"]}],"is_beta":false,"boss_relics":[{"not_picked":["Ectoplasm","Velvet Choker"],"picked":"Orrery"}],"items_purged_floors":[4],"is_endless":false,"potions_floor_spawned":[2,3,5,8,16],"killed_by":"Gremlin Leader","ascension_level":7}