{"gold_per_floor":[110,121,121,19,32,58,70,70,70,96,96,96,127,146,146,146],"floor_reached":16,"playtime":846,"items_purged":[],"score":162,"play_id":"6c34373e-5b18-42f7-ab14-d8567574ea41","local_time":"20190915125828","is_ascension_mode":true,"campfire_choices":[{"floor":8,"key":"REST"},{"floor":12,"key":"REST"},{"floor":15,"key":"REST"}],"neow_cost":"NONE","seed_source_timestamp":240094786018100,"circlet_count":0,"master_deck":["Strike_G","Strike_G","Strike_G","Defend_G","Defend_G","Defend_G","Defend_G","Survivor","Neutralize","Catalyst+1","Tactician+1","Venomology+1","Cloak And Dagger","Prepared","Footwork","Deflect","Slice","Dagger Throw","Backflip","Footwork","Dagger Throw","Backstab","Cloak And Dagger","Sucker Punch"],"relics":["Astrolabe","Omamori","Dream Catcher","Pear","Bird Faced Urn","Snake Skull"],"potions_floor_usage":[1,5,5,6,6,7,10,10,13,14,16],"damage_taken":[{"damage":0,"enemies":"2 Louse","floor":1,"turns":3},{"damage":4,"enemies":"Cultist","floor":2,"turns":5},{"damage":0,"enemies":"Jaw Worm","floor":5,"turns":5},{"damage":37,"enemies":"3 Sentries","floor":6,"turns":12},{"damage":0,"enemies":"2 Fungi Beasts","floor":7,"turns":5},{"damage":13,"enemies":"Lagavulin","floor":10,"turns":5},{"damage":41,"enemies":"Gremlin Nob","floor":13,"turns":5},{"damage":3,"enemies":"Looter","floor":14,"turns":4},{"damage":79,"enemies":"Hexaghost","floor":16,"turns":17}],"seed_played":"6020935681296351515","potions_obtained":[{"floor":3,"key":"Block Potion"},{"floor":3,"key":"Strength Potion"},{"floor":6,"key":"Poison Potion"},{"floor":7,"key":"Swift Potion"},{"floor":14,"key":"SpeedPotion"}],"is_trial":false,"path_per_floor":["M","M","?","$","M","E","M","R","T","E","T","R","E","M","R","B"],"character_chosen":"THE_SILENT","items_purchased":["Footwork","Deflect"],"campfire_rested":3,"item_purchase_floors":[4,4],"current_hp_per_floor":[63,59,59,59,59,37,37,58,58,55,55,79,41,42,66,0],"gold":146,"neow_bonus":"BOSS_RELIC","is_prod":false,"is_daily":false,"chose_seed":false,"campfire_upgraded":0,"win_rate":0,"timestamp":1568566708,"path_taken":["M","M","?","?","M","E","M","R","T","E","?","R","E","M","R","BOSS"],"build_version":"2019-07-17","purchased_purges":0,"victory":false,"max_hp_per_floor":[70,70,70,70,70,70,70,70,70,80,80,80,80,80,80,80],"card_choices":[{"not_picked":["Slice","Poisoned Stab"],"picked":"Cloak And Dagger","floor":1},{"not_picked":["Backflip","Dodge and Roll"],"picked":"Prepared","floor":2},{"not_picked":["Backflip","Finisher"],"picked":"Slice","floor":5},{"not_picked":["Predator","Deflect"],"picked":"Dagger Throw","floor":6},{"not_picked":["Expertise","Skewer"],"picked":"Backflip","floor":7},{"not_picked":["Flechettes","Escape Plan"],"picked":"Footwork","floor":10},{"not_picked":["Outmaneuver","Quick Slash"],"picked":"Dagger Throw","floor":12},{"not_picked":["Eviscerate","Bullet Time"],"picked":"Backstab","floor":13},{"not_picked":["Eviscerate","Caltrops"],"picked":"Cloak And Dagger","floor":14},{"not_picked":["Skewer","Eviscerate"],"picked":"Sucker Punch","floor":15}],"player_experience":619834,"relics_obtained":[{"floor":6,"key":"Omamori"},{"floor":9,"key":"Dream Catcher"},{"floor":10,"key":"Pear"},{"floor":11,"key":"Bird Faced Urn"},{"floor":13,"key":"Snake Skull"}],"event_choices":[{"damage_healed":0,"gold_gain":0,"player_choice":"Got Potions","damage_taken":0,"max_hp_gain":0,"max_hp_loss":0,"event_name":"Lab","floor":3,"gold_loss":0}],"is_beta":false,"boss_relics":[],"items_purged_floors":[],"is_endless":false,"potions_floor_spawned":[6,7,14],"killed_by":"Hexaghost","ascension_level":7}