{"gold_per_floor":[115,135,135,152,77,108,118,118,144,170,189,207,207,232,232,333,363,376,392,406,329,203,232,243,268,268,278,278,278,296,315,315,419,419,436,436,436,436,446,473,473,506,585,585,599,611,11,11,11,11],"floor_reached":50,"playtime":6368,"items_purged":["Regret","Defend_G","Writhe"],"score":614,"play_id":"27aebd35-af52-4baa-b5b1-83ce8b8f6ec5","local_time":"20180701184649","is_ascension_mode":false,"campfire_choices":[{"data":"Backflip","floor":8,"key":"SMITH"},{"data":"Caltrops","floor":13,"key":"SMITH"},{"data":"Tools of the Trade","floor":15,"key":"SMITH"},{"floor":32,"key":"REST"},{"data":"Defend_G","floor":41,"key":"PURGE"},{"data":"Writhe","floor":44,"key":"PURGE"},{"data":"Strike_G","floor":49,"key":"PURGE"}],"neow_cost":"NONE","seed_source_timestamp":751891250875468,"circlet_count":0,"master_deck":["Defend_G+1","Strike_G","Strike_G","Survivor","Neutralize","Caltrops+1","Backflip+1","Deflect","Adrenaline","Predator","Backflip","All Out Attack","Prepared","Tools of the Trade+1","Tactician","All Out Attack","Dagger Throw","Dagger Throw","Calculated Gamble","Dagger Throw","Infinite Blades+1","Terror","Slice","Quick Slash+1","Slice+1","Prepared+1","Slice+1","Glass Knife+1","Dash+1","Dagger Spray+1","Glass Knife+1","Dagger Throw+1","Flying Knee+1","Backflip+1","Dramatic Entrance+1"],"relics":["Empty Cage","Pen Nib","Dream Catcher","Orichalcum","Tingsha","Blood Vial","Tiny House","Bag of Marbles","The Specimen","Molten Egg 2","Peace Pipe","Coffee Dripper","Juzu Bracelet","Centennial Puzzle","Bottled Tornado","Ninja Scroll"],"potions_floor_usage":[10,10,12,14,18,25,25,30,33,45,45,45,50,50,50],"damage_taken":[{"damage":0,"enemies":"Jaw Worm","floor":1,"turns":4},{"damage":0,"enemies":"2 Louse","floor":2,"turns":3},{"damage":0,"enemies":"Small Slimes","floor":4,"turns":6},{"damage":14,"enemies":"3 Sentries","floor":6,"turns":14},{"damage":0,"enemies":"2 Fungi Beasts","floor":7,"turns":4},{"damage":1,"enemies":"Lagavulin","floor":10,"turns":6},{"damage":9,"enemies":"Lots of Slimes","floor":11,"turns":6},{"damage":0,"enemies":"Large Slime","floor":12,"turns":2},{"damage":6,"enemies":"Gremlin Nob","floor":14,"turns":4},{"damage":5,"enemies":"The Guardian","floor":16,"turns":11},{"damage":17,"enemies":"3 Byrds","floor":18,"turns":5},{"damage":12,"enemies":"2 Thieves","floor":19,"turns":3},{"damage":11,"enemies":"Cultist and Chosen","floor":20,"turns":6},{"damage":2,"enemies":"Gremlin Leader","floor":23,"turns":7},{"damage":3,"enemies":"Snake Plant","floor":24,"turns":3},{"damage":19,"enemies":"Slavers","floor":25,"turns":4},{"damage":4,"enemies":"3 Cultists","floor":27,"turns":3},{"damage":15,"enemies":"Centurion and Healer","floor":30,"turns":7},{"damage":13,"enemies":"Snake Plant","floor":31,"turns":3},{"damage":37,"enemies":"Collector","floor":33,"turns":6},{"damage":19,"enemies":"3 Darklings","floor":35,"turns":3},{"damage":0,"enemies":"3 Shapes","floor":39,"turns":8},{"damage":7,"enemies":"Nemesis","floor":40,"turns":7},{"damage":32,"enemies":"2 Orb Walkers","floor":42,"turns":3},{"damage":6,"enemies":"Sphere and 2 Shapes","floor":45,"turns":6},{"damage":12,"enemies":"3 Darklings","floor":46,"turns":2},{"damage":52,"enemies":"Time Eater","floor":50,"turns":4}],"seed_played":"-5738719076482751968","potions_obtained":[{"floor":1,"key":"Fire Potion"},{"floor":2,"key":"Strength Potion"},{"floor":6,"key":"LiquidBronze"},{"floor":10,"key":"EssenceOfSteel"},{"floor":17,"key":"Fruit Juice"},{"floor":18,"key":"Regen Potion"},{"floor":19,"key":"Block Potion"},{"floor":24,"key":"Weak Potion"},{"floor":30,"key":"AttackPotion"},{"floor":33,"key":"Fire Potion"},{"floor":40,"key":"GamblersBrew"},{"floor":42,"key":"Fire Potion"},{"floor":45,"key":"Strength Potion"}],"is_trial":false,"path_per_floor":["M","M","?","M","$","E","M","R","T","E","M","M","R","E","R","B",null,"M","M","M","?","$","E","M","E","T","M","?","?","M","M","R","B",null,"M","?","?","?","M","E","R","E","T","R","M","M","$","?","R"],"character_chosen":"THE_SILENT","items_purchased":["Dagger Throw","Ninja Scroll","Dramatic Entrance+1","SteroidPotion","Regen Potion"],"campfire_rested":1,"item_purchase_floors":[22,47,47,47,47],"current_hp_per_floor":[70,70,70,70,70,56,56,56,56,55,46,46,46,40,40,37,75,63,53,44,44,44,44,43,38,38,36,36,36,23,12,36,1,80,61,61,61,80,80,73,73,43,43,43,39,29,29,29,29,0],"gold":11,"neow_bonus":"BOSS_RELIC","is_prod":false,"is_daily":false,"chose_seed":false,"campfire_upgraded":3,"win_rate":0.0,"timestamp":1530467209,"path_taken":["M","M","?","M","$","E","M","R","T","E","M","M","R","E","R","BOSS","M","M","M","?","$","E","M","E","T","M","?","?","M","M","R","BOSS","M","?","?","?","?","E","R","E","T","R","M","M","$","?","R","BOSS"],"build_version":"2018-06-29","purchased_purges":3,"victory":false,"max_hp_per_floor":[70,70,70,70,70,70,70,70,70,70,70,70,70,70,70,70,75,80,80,80,80,80,80,80,80,80,80,80,80,80,80,80,80,80,80,80,80,80,80,80,80,80,80,80,80,80,80,80,80,80],"card_choices":[{"not_picked":["Riddle With Holes","Acrobatics"],"picked":"Caltrops","floor":1},{"not_picked":["Endless Agony","Bane"],"picked":"Backflip","floor":2},{"not_picked":["Poisoned Stab","Dagger Spray"],"picked":"Deflect","floor":4},{"not_picked":["Underhanded Strike","Acrobatics"],"picked":"Adrenaline","floor":6},{"not_picked":["All Out Attack","Underhanded Strike"],"picked":"Predator","floor":7},{"not_picked":["Sucker Punch","Quick Slash"],"picked":"Backflip","floor":10},{"not_picked":["PiercingWail","Acrobatics"],"picked":"All Out Attack","floor":11},{"not_picked":["Reflex","Quick Slash"],"picked":"Prepared","floor":12},{"not_picked":["Dash","Backflip"],"picked":"Tools of the Trade","floor":14},{"not_picked":["Glass Knife","Burst"],"picked":"Tactician","floor":16},{"not_picked":["Blade Dance","Heel Hook"],"picked":"All Out Attack","floor":17},{"not_picked":["Outmaneuver","Poisoned Stab"],"picked":"Dagger Throw","floor":18},{"not_picked":["Deadly Poison+1","Finisher+1"],"picked":"Dagger Throw","floor":19},{"not_picked":["Prepared","Quick Slash+1"],"picked":"Calculated Gamble","floor":20},{"not_picked":["Corpse Explosion","Deflect+1"],"picked":"Infinite Blades+1","floor":23},{"not_picked":["Sucker Punch","Deflect"],"picked":"Terror","floor":24},{"not_picked":["Acrobatics+1","Bouncing Flask"],"picked":"Slice","floor":25},{"not_picked":["Acrobatics","Sucker Punch+1"],"picked":"Quick Slash+1","floor":27},{"not_picked":["Bane+1","Burst"],"picked":"Slice+1","floor":30},{"not_picked":["Endless Agony+1","Poisoned Stab+1"],"picked":"Prepared+1","floor":31},{"not_picked":["Outmaneuver","PiercingWail"],"picked":"Slice+1","floor":32},{"not_picked":["Phantasmal Killer","Wraith Form v2"],"picked":"Glass Knife+1","floor":33},{"not_picked":["Deadly Poison+1","Flechettes+1"],"picked":"Dash+1","floor":35},{"not_picked":["Blade Dance","Bane+1"],"picked":"Dagger Spray+1","floor":39},{"not_picked":["Bouncing Flask","Outmaneuver"],"picked":"Glass Knife+1","floor":40},{"not_picked":["Deflect","Dagger Spray+1"],"picked":"Dagger Throw+1","floor":42},{"not_picked":["Dodge and Roll","Deadly Poison+1"],"picked":"Flying Knee+1","floor":45},{"not_picked":["Riddle With Holes+1","Sucker Punch+1"],"picked":"Backflip+1","floor":46}],"player_experience":19268,"relics_obtained":[{"floor":6,"key":"Dream Catcher"},{"floor":9,"key":"Orichalcum"},{"floor":10,"key":"Tingsha"},{"floor":14,"key":"Blood Vial"},{"floor":23,"key":"Bag of Marbles"},{"floor":25,"key":"The Specimen"},{"floor":26,"key":"Molten Egg 2"},{"floor":40,"key":"Juzu Bracelet"},{"floor":42,"key":"Centennial Puzzle"},{"floor":43,"key":"Bottled Tornado"}],"event_choices":[{"event_name":"Big Fish","player_choice":"Box","floor":3,"damage_taken":0},{"event_name":"Drug Dealer","player_choice":"Got JAXXED","floor":21,"damage_taken":0},{"event_name":"Back to Basics","player_choice":"Elegance","floor":28,"damage_taken":0},{"event_name":"The Mausoleum","player_choice":"Yes","floor":29,"damage_taken":0},{"event_name":"Tomb of Lord Red Mask","player_choice":"Ignored","floor":36,"damage_taken":0},{"event_name":"Falling","player_choice":"Removed Skill","floor":37,"damage_taken":0},{"event_name":"Winding Halls","player_choice":"Writhe","floor":38,"damage_taken":0},{"event_name":"Purifier","player_choice":"One Purge","floor":48,"damage_taken":0}],"boss_relics":[{"not_picked":["Orrery","White Beast Statue"],"picked":"Tiny House"},{"not_picked":["Astrolabe","Philosopher\u0027s Stone"],"picked":"Coffee Dripper"}],"items_purged_floors":[5,22,47],"is_endless":false,"potions_floor_spawned":[1,2,6,10,18,19,24,30,33,40,42,45],"killed_by":"Time Eater","ascension_level":0}