{"gold_per_floor":[111,125,138,158,173,203,222,222,249,272,305,73,117,117,117,238,238,252,302,325,349,367,367,405,420,420,435,435,41,82,97,97,97],"floor_reached":33,"playtime":1700,"items_purged":["Parasite"],"score":508,"play_id":"c977afe3-f782-4527-a19c-a0e4daa436ee","local_time":"20190910154753","is_ascension_mode":true,"campfire_choices":[{"floor":15,"key":"REST"},{"data":"Feed","floor":23,"key":"SMITH"},{"floor":32,"key":"REST"}],"neow_cost":"CURSE","seed_source_timestamp":339639023869500,"circlet_count":0,"master_deck":["Bash","Uppercut","Cleave","Sword Boomerang","Infernal Blade","Anger","Fire Breathing","Clothesline","Injury","Uppercut","Thunderclap","Reaper","Regret","Immolate","Inflame","Exhume","Impervious","Evolve","Juggernaut","Carnage","Body Slam","Twin Strike","Double Tap","Battle Trance+1","Pommel Strike","Shrug It Off+1","Feed+1","Shrug It Off","Thunderclap+1","Pommel Strike","Iron Wave+1","Battle Trance"],"relics":["Burning Blood","Incense Burner","Pear","Golden Idol","PreservedInsect","Meat on the Bone","Bag of Marbles","Regal Pillow","Boot","Pandora\u0027s Box","Bag of Preparation","Self Forming Clay","Blood Vial","Letter Opener","Pen Nib"],"potions_floor_usage":[6,11,16,21,21,25,28,28],"damage_taken":[{"damage":14,"enemies":"Jaw Worm","floor":1,"turns":5},{"damage":0,"enemies":"Small Slimes","floor":2,"turns":3},{"damage":13,"enemies":"2 Louse","floor":3,"turns":2},{"damage":18,"enemies":"Exordium Thugs","floor":4,"turns":5},{"damage":12,"enemies":"3 Louse","floor":5,"turns":3},{"damage":18,"enemies":"Gremlin Nob","floor":6,"turns":4},{"damage":8,"enemies":"Looter","floor":7,"turns":2},{"damage":13,"enemies":"Blue Slaver","floor":10,"turns":2},{"damage":13,"enemies":"3 Sentries","floor":11,"turns":4},{"damage":12,"enemies":"Gremlin Nob","floor":13,"turns":3},{"damage":62,"enemies":"Hexaghost","floor":16,"turns":9},{"damage":36,"enemies":"3 Byrds","floor":18,"turns":5},{"damage":39,"enemies":"Shell Parasite","floor":20,"turns":6},{"damage":8,"enemies":"Snake Plant","floor":21,"turns":4},{"damage":22,"enemies":"Snecko","floor":22,"turns":5},{"damage":41,"enemies":"Slavers","floor":24,"turns":4},{"damage":4,"enemies":"Cultist and Chosen","floor":25,"turns":6},{"damage":30,"enemies":"Snake Plant","floor":27,"turns":3},{"damage":20,"enemies":"Gremlin Leader","floor":28,"turns":2},{"damage":9,"enemies":"Book of Stabbing","floor":30,"turns":3},{"damage":30,"enemies":"Centurion and Healer","floor":31,"turns":6},{"damage":98,"enemies":"Collector","floor":33,"turns":8}],"seed_played":"-4321456006538148145","potions_obtained":[{"floor":2,"key":"LiquidBronze"},{"floor":3,"key":"Weak Potion"},{"floor":5,"key":"SmokeBomb"},{"floor":7,"key":"PowerPotion"},{"floor":16,"key":"Poison Potion"},{"floor":20,"key":"Block Potion"},{"floor":21,"key":"SmokeBomb"},{"floor":24,"key":"SkillPotion"},{"floor":25,"key":"SteroidPotion"}],"is_trial":false,"path_per_floor":["M","M","M","M","M","E","M","?","T","M","E","$","E","?","R","B",null,"M","?","M","M","M","R","E","M","T","M","E","$","E","M","R","B"],"character_chosen":"IRONCLAD","items_purchased":["Bag of Marbles","Blood Vial","Letter Opener"],"campfire_rested":2,"item_purchase_floors":[12,29,29],"current_hp_per_floor":[64,70,63,51,45,43,41,41,41,34,27,27,33,33,74,30,73,60,60,45,55,51,51,28,42,42,30,28,28,43,43,86,0],"gold":97,"neow_bonus":"ONE_RARE_RELIC","is_prod":false,"is_daily":false,"chose_seed":false,"campfire_upgraded":1,"win_rate":0,"timestamp":1568144873,"path_taken":["M","M","M","M","M","E","M","?","T","M","E","$","E","?","R","BOSS","M","?","M","M","M","R","E","M","T","M","E","?","E","M","R","BOSS"],"build_version":"2019-07-17","purchased_purges":1,"victory":false,"max_hp_per_floor":[80,80,80,80,80,90,90,90,90,90,90,87,87,87,87,87,87,87,87,87,87,87,87,87,87,87,87,87,87,91,95,95,95],"card_choices":[{"not_picked":["Sever Soul","Havoc"],"picked":"Uppercut","floor":1},{"not_picked":["Reckless Charge","Iron Wave"],"picked":"Cleave","floor":2},{"not_picked":["Dual Wield","Iron Wave"],"picked":"Sword Boomerang","floor":3},{"not_picked":["Heavy Blade","Wild Strike"],"picked":"Infernal Blade","floor":4},{"not_picked":["Warcry","Blood for Blood"],"picked":"Anger","floor":5},{"not_picked":["Blood for Blood","Entrench"],"picked":"Fire Breathing","floor":6},{"not_picked":["Sentinel","Exhume"],"picked":"Clothesline","floor":7},{"not_picked":["Pommel Strike","Shrug It Off"],"picked":"Uppercut","floor":10},{"not_picked":["Havoc","Power Through"],"picked":"Thunderclap","floor":11},{"not_picked":["Warcry","Barricade"],"picked":"Reaper","floor":13},{"not_picked":["Impervious","Bludgeon"],"picked":"Immolate","floor":16},{"not_picked":["Whirlwind","Iron Wave+1"],"picked":"Battle Trance+1","floor":18},{"not_picked":["Wild Strike","Ghostly Armor"],"picked":"Pommel Strike","floor":20},{"not_picked":["Clash","Uppercut"],"picked":"Shrug It Off+1","floor":21},{"not_picked":["Flex","Heavy Blade+1"],"picked":"Feed","floor":22},{"not_picked":["Rage+1","Searing Blow"],"picked":"Shrug It Off","floor":24},{"not_picked":["Perfected Strike","Reckless Charge"],"picked":"Thunderclap+1","floor":25},{"not_picked":["Cleave","Sentinel"],"picked":"Pommel Strike","floor":27},{"not_picked":["Feel No Pain","Combust+1"],"picked":"Iron Wave+1","floor":30},{"not_picked":["Rage","Clash"],"picked":"Battle Trance","floor":31}],"player_experience":541572,"relics_obtained":[{"floor":6,"key":"Pear"},{"floor":9,"key":"PreservedInsect"},{"floor":11,"key":"Meat on the Bone"},{"floor":13,"key":"Regal Pillow"},{"floor":24,"key":"Bag of Preparation"},{"floor":26,"key":"Self Forming Clay"},{"floor":30,"key":"Pen Nib"}],"event_choices":[{"damage_healed":0,"gold_gain":0,"player_choice":"Take Wound","damage_taken":0,"relics_obtained":["Golden Idol"],"max_hp_gain":0,"max_hp_loss":0,"event_name":"Golden Idol","floor":8,"gold_loss":0,"cards_obtained":["Injury"]},{"damage_healed":0,"gold_gain":0,"player_choice":"Box","damage_taken":0,"relics_obtained":["Boot"],"max_hp_gain":0,"max_hp_loss":0,"event_name":"Big Fish","floor":14,"gold_loss":0,"cards_obtained":["Regret"]},{"damage_healed":0,"gold_gain":100,"player_choice":"Bet on Murderer","damage_taken":0,"max_hp_gain":0,"max_hp_loss":0,"event_name":"The Joust","floor":19,"gold_loss":50}],"is_beta":false,"boss_relics":[{"not_picked":["Astrolabe","Ectoplasm"],"picked":"Pandora\u0027s Box"}],"items_purged_floors":[12],"is_endless":false,"potions_floor_spawned":[2,3,5,7,16,20,21,24,25,28],"killed_by":"Collector","ascension_level":9}