{"gold_per_floor":[119,119,130,143,318,318,318,347,417,432,450,465,465,465,465,563,563,573,573,84,84,84,84,84,84,84,84],"floor_reached":27,"playtime":1339,"items_purged":["Doubt"],"score":286,"play_id":"3b5a3412-5743-4648-9938-83db1b0b435b","local_time":"20190515120613","is_ascension_mode":true,"campfire_choices":[{"data":"Neutralize","floor":6,"key":"SMITH"},{"data":"Survivor","floor":13,"key":"SMITH"},{"data":"Sucker Punch","floor":15,"key":"SMITH"},{"data":"Chrysalis","floor":23,"key":"SMITH"},{"data":"J.A.X.","floor":25,"key":"SMITH"}],"neow_cost":"NONE","seed_source_timestamp":44710362977819,"circlet_count":0,"master_deck":["Survivor+1","Neutralize+1","Sucker Punch+1","Acrobatics","Underhanded Strike","Unload","Backflip","Distraction","Tools of the Trade","Escape Plan","Grand Finale","Catalyst","Calculated Gamble","Glass Knife","Calculated Gamble","Backstab","Terror","Night Terror","Crippling Poison","Chrysalis+1","Bandage Up","Ghostly","Ghostly","Ghostly","Ghostly","Ghostly","J.A.X.+1"],"relics":["Philosopher\u0027s Stone","WarpedTongs","Dream Catcher","Singing Bowl","Pandora\u0027s Box","Blue Candle","Centennial Puzzle","Bottled Flame"],"potions_floor_usage":[8,16],"damage_taken":[{"damage":0,"enemies":"Jaw Worm","floor":1,"turns":4},{"damage":7,"enemies":"Cultist","floor":3,"turns":5},{"damage":0,"enemies":"Small Slimes","floor":4,"turns":3},{"damage":9,"enemies":"Lagavulin","floor":8,"turns":6},{"damage":7,"enemies":"2 Fungi Beasts","floor":10,"turns":4},{"damage":8,"enemies":"Exordium Thugs","floor":11,"turns":3},{"damage":6,"enemies":"Red Slaver","floor":12,"turns":5},{"damage":22,"enemies":"Hexaghost","floor":16,"turns":13},{"damage":8,"enemies":"Spheric Guardian","floor":18,"turns":4},{"damage":54,"enemies":"Gremlin Leader","floor":27,"turns":5}],"seed_played":"3658536393558888960","potions_obtained":[{"floor":1,"key":"Dexterity Potion"},{"floor":7,"key":"AttackPotion"},{"floor":7,"key":"Fire Potion"},{"floor":10,"key":"SpeedPotion"}],"is_trial":false,"path_per_floor":["M","?","M","M","?","R","?","E","T","M","M","M","R","?","R","B",null,"M","T","$","?","$","R","?","R","T","E"],"character_chosen":"THE_SILENT","items_purchased":["Chrysalis","Bandage Up","Centennial Puzzle"],"campfire_rested":0,"item_purchase_floors":[20,20,20],"current_hp_per_floor":[70,70,63,63,63,63,63,54,54,49,41,35,35,35,35,13,57,51,51,51,37,37,37,37,37,37,0],"gold":84,"neow_bonus":"BOSS_RELIC","is_prod":false,"is_daily":false,"chose_seed":false,"campfire_upgraded":5,"win_rate":0,"timestamp":1557918373,"path_taken":["M","?","M","?","?","R","?","E","T","M","?","M","R","?","R","BOSS","M","?","$","?","?","R","?","R","T","E"],"build_version":"2019-01-23","purchased_purges":1,"victory":false,"max_hp_per_floor":[70,70,70,70,70,70,70,70,70,72,72,72,72,72,72,72,72,74,74,74,37,37,37,37,37,37,37],"card_choices":[{"not_picked":["Poisoned Stab","Prepared"],"picked":"Sucker Punch","floor":1},{"not_picked":["Accuracy","Outmaneuver"],"picked":"Acrobatics","floor":3},{"not_picked":["Dagger Spray","Acrobatics"],"picked":"Underhanded Strike","floor":4},{"not_picked":["Dagger Spray","Eviscerate"],"picked":"Unload","floor":8},{"not_picked":["Dodge and Roll","Acrobatics","Setup"],"picked":"Singing Bowl","floor":10},{"not_picked":["Expertise","Flying Knee"],"picked":"Backflip","floor":11},{"not_picked":["Caltrops","Catalyst"],"picked":"Distraction","floor":12},{"not_picked":["Grand Finale","After Image"],"picked":"Tools of the Trade","floor":16},{"not_picked":["Sucker Punch","Blade Dance","Backstab"],"picked":"Singing Bowl","floor":18}],"player_experience":247906,"relics_obtained":[{"floor":8,"key":"Dream Catcher"},{"floor":9,"key":"Singing Bowl"},{"floor":19,"key":"Blue Candle"},{"floor":26,"key":"Bottled Flame"}],"event_choices":[{"damage_healed":0,"gold_gain":0,"player_choice":"Rummage","damage_taken":0,"relics_obtained":["WarpedTongs"],"max_hp_gain":0,"max_hp_loss":0,"event_name":"Accursed Blacksmith","floor":2,"gold_loss":0,"cards_obtained":["Pain"]},{"damage_healed":0,"gold_gain":175,"player_choice":"AGREE","damage_taken":0,"max_hp_gain":0,"max_hp_loss":0,"event_name":"Liars Game","floor":5,"gold_loss":0,"cards_obtained":["Doubt"]},{"damage_healed":0,"gold_gain":0,"player_choice":"Got Potions","damage_taken":0,"max_hp_gain":0,"max_hp_loss":0,"event_name":"Lab","floor":7,"gold_loss":0},{"cards_removed":["Pain"],"damage_healed":0,"gold_gain":0,"player_choice":"Card Removal","damage_taken":0,"max_hp_gain":0,"max_hp_loss":0,"event_name":"Wheel of Change","floor":14,"gold_loss":0},{"damage_healed":0,"gold_gain":0,"player_choice":"Became a Ghost","damage_taken":0,"max_hp_gain":0,"max_hp_loss":37,"event_name":"Ghosts","floor":21,"gold_loss":0,"cards_obtained":["Ghostly","Ghostly","Ghostly","Ghostly","Ghostly"]},{"damage_healed":0,"gold_gain":0,"player_choice":"Obtain J.A.X.","damage_taken":0,"max_hp_gain":0,"max_hp_loss":0,"event_name":"Drug Dealer","floor":24,"gold_loss":0,"cards_obtained":["J.A.X."]}],"is_beta":false,"boss_relics":[{"not_picked":["Sozu","Snecko Eye"],"picked":"Pandora\u0027s Box"}],"items_purged_floors":[20],"is_endless":false,"potions_floor_spawned":[1,10],"killed_by":"Gremlin Leader","ascension_level":5}