{"gold_per_floor":[111,81,98,109,126,126,157,157,181,181,200,227,237,237],"floor_reached":14,"playtime":937,"items_purged":[],"score":173,"play_id":"dbf04ce6-f489-4c25-b660-9b09b3f38db8","local_time":"20191003081254","is_ascension_mode":true,"campfire_choices":[{"floor":6,"key":"REST"},{"data":"Creative AI","floor":8,"key":"SMITH"},{"floor":10,"key":"REST"}],"neow_cost":"PERCENT_DAMAGE","seed_source_timestamp":531994382178215,"circlet_count":0,"master_deck":["AscendersBane","Strike_B","Strike_B","Strike_B","Strike_B","Defend_B","Defend_B","Defend_B","Defend_B","Zap","Dualcast","Creative AI+1","Hologram","Heatsinks","Force Field","Sunder","Fission","Self Repair","Stack"],"relics":["Cracked Core","Blood Vial","Bag of Preparation"],"potions_floor_usage":[4,5,5,5,5,7,7,12],"damage_taken":[{"damage":7,"enemies":"Small Slimes","floor":1,"turns":4},{"damage":1,"enemies":"Cultist","floor":3,"turns":4},{"damage":3,"enemies":"Jaw Worm","floor":4,"turns":4},{"damage":3,"enemies":"Exordium Thugs","floor":5,"turns":4},{"damage":16,"enemies":"Lagavulin","floor":7,"turns":9},{"damage":13,"enemies":"Large Slime","floor":11,"turns":6},{"damage":35,"enemies":"3 Sentries","floor":12,"turns":9},{"damage":14,"enemies":"Exordium Wildlife","floor":13,"turns":5},{"damage":11,"enemies":"Lots of Slimes","floor":14,"turns":1}],"seed_played":"-4355312507812482961","potions_obtained":[{"floor":2,"key":"EntropicBrew"},{"floor":2,"key":"SkillPotion"},{"floor":4,"key":"Swift Potion"},{"floor":11,"key":"EssenceOfSteel"}],"is_trial":false,"path_per_floor":["M","?","M","M","M","R","E","R","T","R","M","E","M","M"],"character_chosen":"DEFECT","items_purchased":[],"campfire_rested":2,"item_purchase_floors":[],"current_hp_per_floor":[39,39,38,35,32,53,37,37,37,58,47,14,9,0],"gold":237,"neow_bonus":"THREE_RARE_CARDS","is_prod":false,"is_daily":false,"chose_seed":false,"campfire_upgraded":1,"win_rate":0,"timestamp":1570115574,"path_taken":["M","?","M","M","M","R","E","R","T","R","M","E","M","M"],"build_version":"2019-07-17","purchased_purges":0,"victory":false,"max_hp_per_floor":[71,71,71,71,71,71,71,71,71,71,71,71,71,71],"card_choices":[{"not_picked":["Seek","Buffer"],"picked":"Creative AI","floor":0},{"not_picked":["Fusion","Rebound"],"picked":"Hologram","floor":1},{"not_picked":["Coolheaded","Melter"],"picked":"Heatsinks","floor":3},{"not_picked":["Streamline","Stack"],"picked":"Force Field","floor":4},{"not_picked":["Barrage","Fission"],"picked":"Sunder","floor":5},{"not_picked":["Turbo","Barrage","Doom and Gloom"],"picked":"SKIP","floor":7},{"not_picked":["Lockon","Barrage"],"picked":"Fission","floor":11},{"not_picked":["Force Field","Glacier"],"picked":"Self Repair","floor":12},{"not_picked":["Cold Snap","Gash"],"picked":"Stack","floor":13}],"player_experience":675120,"relics_obtained":[{"floor":7,"key":"Blood Vial"},{"floor":12,"key":"Bag of Preparation"}],"event_choices":[{"damage_healed":0,"gold_gain":0,"player_choice":"Bought 2 Potions","damage_taken":0,"max_hp_gain":0,"max_hp_loss":0,"event_name":"The Woman in Blue","floor":2,"gold_loss":0}],"is_beta":false,"boss_relics":[],"items_purged_floors":[],"is_endless":false,"potions_floor_spawned":[3,4,5,11],"killed_by":"Lots of Slimes","ascension_level":14}