{"gold_per_floor":[20,20,39,52,67,102,43,43,93,128,143,159,175,187,187,286,286,300,300,326,326,326,326,359,359,409,439,46,46,46,46,46,147,147,167,167,184,184],"floor_reached":38,"playtime":2163,"items_purged":[],"score":641,"play_id":"a74429e6-cb3f-43c1-bd38-67fac2c1a11b","local_time":"20190922154227","is_ascension_mode":true,"campfire_choices":[{"floor":8,"key":"REST"},{"floor":15,"key":"REST"},{"floor":23,"key":"REST"},{"floor":25,"key":"REST"},{"floor":30,"key":"REST"},{"data":"Noxious Fumes","floor":32,"key":"SMITH"}],"neow_cost":"NO_GOLD","seed_source_timestamp":421850229973100,"circlet_count":0,"master_deck":["Strike_G","Strike_G","Strike_G","Strike_G","Defend_G","Defend_G","Defend_G","Defend_G","Survivor","Neutralize","Burst","Dash","Infinite Blades","Caltrops","Dagger Throw","Noxious Fumes+1","PiercingWail","Well Laid Plans","Dagger Throw","Accuracy","PiercingWail","Writhe","Blade Dance+1","Cloak And Dagger","Ghostly","Ghostly","Ghostly","Ghostly","Ghostly","Adrenaline","Decay","Writhe","Clumsy","Slice+1","Enlightenment+1","Accuracy+1"],"relics":["Ring of the Snake","The Courier","Vajra","Boot","WristBlade","Lantern","Strawberry","Enchiridion","MutagenicStrength","Smiling Mask","Happy Flower","Ninja Scroll","Mercury Hourglass","Pear","Calling Bell","PreservedInsect","Toxic Egg 2","Calipers"],"potions_floor_usage":[6,6,13,16,16,33,35],"damage_taken":[{"damage":1,"enemies":"Cultist","floor":1,"turns":4},{"damage":0,"enemies":"Small Slimes","floor":3,"turns":4},{"damage":0,"enemies":"Jaw Worm","floor":4,"turns":4},{"damage":2,"enemies":"3 Louse","floor":5,"turns":5},{"damage":17,"enemies":"Gremlin Nob","floor":6,"turns":4},{"damage":20,"enemies":"Lagavulin","floor":10,"turns":7},{"damage":8,"enemies":"Large Slime","floor":11,"turns":7},{"damage":0,"enemies":"Looter","floor":12,"turns":4},{"damage":12,"enemies":"3 Louse","floor":13,"turns":3},{"damage":17,"enemies":"Exordium Thugs","floor":14,"turns":5},{"damage":3,"enemies":"The Guardian","floor":16,"turns":10},{"damage":2,"enemies":"Chosen","floor":18,"turns":6},{"damage":56,"enemies":"Gremlin Leader","floor":24,"turns":6},{"damage":19,"enemies":"Book of Stabbing","floor":27,"turns":5},{"damage":7,"enemies":"Collector","floor":33,"turns":7},{"damage":23,"enemies":"3 Darklings","floor":35,"turns":5},{"damage":2,"enemies":"Orb Walker","floor":37,"turns":4},{"damage":23,"enemies":"Writhing Mass","floor":38,"turns":4}],"seed_played":"-8500406420443115254","potions_obtained":[{"floor":3,"key":"Energy Potion"},{"floor":5,"key":"PowerPotion"},{"floor":6,"key":"Poison Potion"},{"floor":11,"key":"Ancient Potion"},{"floor":12,"key":"Block Potion"},{"floor":27,"key":"SkillPotion"},{"floor":33,"key":"AttackPotion"}],"is_trial":false,"path_per_floor":["M","$","M","M","M","E","$","R","T","E","M","M","M","M","R","B",null,"M","?","T","?","?","R","E","R","T","E","$","?","R","T","R","B",null,"M","?","M","M"],"character_chosen":"THE_SILENT","items_purchased":["Noxious Fumes","Ninja Scroll","Mercury Hourglass"],"campfire_rested":5,"item_purchase_floors":[7,28,28],"current_hp_per_floor":[62,62,62,62,60,43,43,64,64,44,36,36,24,7,28,25,59,57,57,64,48,48,71,15,38,38,19,19,19,30,40,40,33,44,21,21,19,0],"gold":184,"neow_bonus":"TRANSFORM_TWO_CARDS","is_prod":false,"is_daily":false,"chose_seed":false,"campfire_upgraded":1,"win_rate":0,"timestamp":1569181347,"path_taken":["M","?","?","M","M","E","$","R","T","E","?","M","M","M","R","BOSS","M","?","?","?","?","R","E","R","T","E","?","?","R","?","R","BOSS","M","?","M","M"],"build_version":"2019-07-17","purchased_purges":0,"victory":false,"max_hp_per_floor":[70,70,70,70,70,70,70,70,70,70,70,70,70,70,70,70,70,70,70,77,77,77,77,77,77,77,77,77,38,38,48,48,48,48,48,48,48,48],"card_choices":[{"not_picked":["Deadly Poison","Terror"],"picked":"Infinite Blades","floor":1},{"not_picked":["Acrobatics","Dagger Spray","Concentrate"],"picked":"SKIP","floor":3},{"not_picked":["Backflip","Sucker Punch"],"picked":"Caltrops","floor":4},{"not_picked":["Deflect","Quick Slash"],"picked":"Dagger Throw","floor":5},{"not_picked":["Distraction","Finisher","Predator"],"picked":"SKIP","floor":6},{"not_picked":["Tactician","Sucker Punch","Deadly Poison"],"picked":"SKIP","floor":10},{"not_picked":["Bane","Concentrate"],"picked":"PiercingWail","floor":11},{"not_picked":["Dagger Spray","Blade Dance"],"picked":"Well Laid Plans","floor":12},{"not_picked":["Flying Knee","Outmaneuver"],"picked":"Dagger Throw","floor":13},{"not_picked":["Dagger Throw","Terror"],"picked":"Accuracy","floor":14},{"not_picked":["Flying Knee","Dagger Spray"],"picked":"PiercingWail","floor":18},{"not_picked":["Tactician","Dodge and Roll+1"],"picked":"Blade Dance+1","floor":24},{"not_picked":["Acrobatics","Calculated Gamble"],"picked":"Cloak And Dagger","floor":27},{"not_picked":["Night Terror","A Thousand Cuts"],"picked":"Adrenaline","floor":33},{"not_picked":["Masterful Stab","Outmaneuver+1"],"picked":"Slice+1","floor":35},{"not_picked":["Good Instincts+1","Magnetism"],"picked":"Enlightenment+1","floor":36},{"not_picked":["Backflip+1","Dagger Throw"],"picked":"Accuracy+1","floor":37}],"player_experience":715287,"relics_obtained":[{"floor":6,"key":"The Courier"},{"floor":9,"key":"Vajra"},{"floor":10,"key":"Boot"},{"floor":20,"key":"Strawberry"},{"floor":21,"key":"Enchiridion"},{"floor":24,"key":"Smiling Mask"},{"floor":27,"key":"Happy Flower"},{"floor":31,"key":"Pear"},{"floor":34,"key":"PreservedInsect"},{"floor":34,"key":"Toxic Egg 2"},{"floor":34,"key":"Calipers"}],"event_choices":[{"damage_healed":0,"gold_gain":0,"player_choice":"Opened","damage_taken":0,"relics_obtained":["Lantern"],"max_hp_gain":0,"max_hp_loss":0,"event_name":"The Mausoleum","floor":19,"gold_loss":0,"cards_obtained":["Writhe"]},{"damage_healed":0,"gold_gain":0,"player_choice":"Obtained Book","damage_taken":16,"max_hp_gain":0,"max_hp_loss":0,"event_name":"Cursed Tome","floor":21,"gold_loss":0},{"damage_healed":0,"gold_gain":0,"player_choice":"Inject Mutagens","damage_taken":0,"relics_obtained":["MutagenicStrength"],"max_hp_gain":0,"max_hp_loss":0,"event_name":"Drug Dealer","floor":22,"gold_loss":0},{"damage_healed":0,"gold_gain":0,"player_choice":"Became a Ghost","damage_taken":0,"max_hp_gain":0,"max_hp_loss":39,"event_name":"Ghosts","floor":29,"gold_loss":0,"cards_obtained":["Ghostly","Ghostly","Ghostly","Ghostly","Ghostly"]},{"damage_healed":0,"gold_gain":0,"player_choice":"Memory 1","damage_taken":0,"max_hp_gain":0,"max_hp_loss":0,"event_name":"SensoryStone","floor":36,"gold_loss":0}],"is_beta":false,"boss_relics":[{"not_picked":["Black Star","Busted Crown"],"picked":"WristBlade"},{"not_picked":["Coffee Dripper","Sozu"],"picked":"Calling Bell"}],"items_purged_floors":[],"is_endless":false,"potions_floor_spawned":[3,5,6,11,12,27,33],"killed_by":"Writhing Mass","ascension_level":8}