{"gold_per_floor":[119,194,194,119,131,131,160,160,215,225,257,257,277,292,292,387,387,401,401,401,411,510,541,84,114,114,142,152,152,165,181,181,181],"floor_reached":33,"playtime":1564,"items_purged":["Defend_G","Shame"],"score":425,"play_id":"070bcc6d-e4a7-4cad-8084-74372a14c2af","local_time":"20190513001228","is_ascension_mode":true,"campfire_choices":[{"data":"Dash","floor":6,"key":"SMITH"},{"data":"Noxious Fumes","floor":8,"key":"SMITH"},{"data":"Neutralize","floor":12,"key":"SMITH"},{"data":"Survivor","floor":15,"key":"SMITH"},{"floor":29,"key":"REST"},{"data":"Bouncing Flask","floor":32,"key":"SMITH"}],"neow_cost":"NONE","seed_source_timestamp":363135992634150,"circlet_count":0,"master_deck":["Defend_G+1","Defend_G+1","Defend_G+1","Defend_G+1","Strike_G+1","Strike_G+1","Strike_G+1","Strike_G+1","Strike_G+1","Survivor+1","Neutralize+1","Dash+1","Noxious Fumes+1","Catalyst","PiercingWail","Poisoned Stab","Catalyst","Deadly Poison","Die Die Die","Well Laid Plans","Poisoned Stab","Bouncing Flask","Poisoned Stab","Prepared","Deadly Poison+1","Bouncing Flask+1","Well Laid Plans","PiercingWail"],"relics":["Sozu","Regal Pillow","PreservedInsect","Bronze Scales","Blue Candle","Orrery","Dodecahedron","Mummified Hand","Snake Skull","ClockworkSouvenir","Darkstone Periapt","Thread and Needle","Matryoshka"],"potions_floor_usage":[],"damage_taken":[{"damage":1,"enemies":"Jaw Worm","floor":1,"turns":4},{"damage":0,"enemies":"2 Louse","floor":5,"turns":2},{"damage":12,"enemies":"Gremlin Nob","floor":7,"turns":5},{"damage":0,"enemies":"Small Slimes","floor":10,"turns":3},{"damage":10,"enemies":"3 Sentries","floor":11,"turns":7},{"damage":0,"enemies":"Exordium Wildlife","floor":13,"turns":4},{"damage":0,"enemies":"Looter","floor":14,"turns":3},{"damage":4,"enemies":"Slime Boss","floor":16,"turns":8},{"damage":15,"enemies":"Shell Parasite","floor":18,"turns":4},{"damage":8,"enemies":"Spheric Guardian","floor":21,"turns":5},{"damage":24,"enemies":"Book of Stabbing","floor":23,"turns":4},{"damage":0,"enemies":"Gremlin Leader","floor":25,"turns":3},{"damage":6,"enemies":"Book of Stabbing","floor":27,"turns":3},{"damage":0,"enemies":"Cultist and Chosen","floor":28,"turns":4},{"damage":6,"enemies":"3 Cultists","floor":30,"turns":4},{"damage":11,"enemies":"Centurion and Healer","floor":31,"turns":4},{"damage":32,"enemies":"Automaton","floor":33,"turns":6}],"seed_played":"-179296041842742877","potions_obtained":[],"is_trial":false,"path_per_floor":["M","?","?","$","M","R","E","R","T","M","E","R","M","M","R","B",null,"M","?","?","M","?","E","$","E","T","E","M","R","M","M","R","B"],"character_chosen":"THE_SILENT","items_purchased":["Snake Skull","ClockworkSouvenir"],"campfire_rested":1,"item_purchase_floors":[24,24],"current_hp_per_floor":[69,58,40,40,40,40,28,28,28,28,18,18,18,18,18,14,56,41,41,41,33,33,9,9,9,9,3,3,39,33,22,22,0],"gold":181,"neow_bonus":"BOSS_RELIC","is_prod":false,"is_daily":false,"chose_seed":false,"campfire_upgraded":5,"win_rate":0,"timestamp":1557702748,"path_taken":["M","?","?","$","M","R","E","R","T","M","E","R","?","M","R","BOSS","M","?","?","M","?","E","$","E","T","E","M","R","M","M","R","BOSS"],"build_version":"2019-01-23","purchased_purges":2,"victory":false,"max_hp_per_floor":[70,70,70,70,70,70,70,70,70,70,70,70,70,70,70,70,70,70,70,70,70,70,70,70,70,70,70,70,70,70,70,70,70],"card_choices":[{"not_picked":["Deflect","Skewer"],"picked":"Dash","floor":1},{"not_picked":["Dagger Spray","Outmaneuver"],"picked":"Noxious Fumes","floor":5},{"not_picked":["Wraith Form v2","Footwork"],"picked":"Catalyst","floor":7},{"not_picked":["Cloak And Dagger","All Out Attack"],"picked":"PiercingWail","floor":10},{"not_picked":["Quick Slash","Outmaneuver"],"picked":"Poisoned Stab","floor":11},{"not_picked":["Expertise","Setup"],"picked":"Catalyst","floor":13},{"not_picked":["Slice","Cloak And Dagger"],"picked":"Deadly Poison","floor":14},{"not_picked":["Burst","Storm of Steel"],"picked":"Die Die Die","floor":16},{"not_picked":["Sucker Punch","Quick Slash"],"picked":"Well Laid Plans","floor":17},{"not_picked":["Outmaneuver","Prepared"],"picked":"Poisoned Stab","floor":17},{"not_picked":["Cloak And Dagger","Concentrate"],"picked":"Bouncing Flask","floor":17},{"not_picked":["Quick Slash","Blade Dance"],"picked":"Poisoned Stab","floor":17},{"not_picked":["Underhanded Strike","Blade Dance"],"picked":"Prepared","floor":17},{"not_picked":["Sucker Punch","Wraith Form v2","Flying Knee"],"picked":"SKIP","floor":18},{"not_picked":["Finisher","Slice","Acrobatics"],"picked":"SKIP","floor":21},{"not_picked":["Quick Slash","Tactician","Dagger Throw"],"picked":"SKIP","floor":23},{"not_picked":["Blade Dance","Concentrate"],"picked":"Deadly Poison+1","floor":25},{"not_picked":["Eviscerate+1","Glass Knife","Blade Dance"],"picked":"SKIP","floor":27},{"not_picked":["Deadly Poison","Finisher"],"picked":"Bouncing Flask","floor":28},{"not_picked":["Flying Knee+1","Footwork"],"picked":"Well Laid Plans","floor":30},{"not_picked":["Endless Agony+1","Choke"],"picked":"PiercingWail","floor":31}],"player_experience":243575,"relics_obtained":[{"floor":7,"key":"PreservedInsect"},{"floor":9,"key":"Bronze Scales"},{"floor":11,"key":"Blue Candle"},{"floor":23,"key":"Mummified Hand"},{"floor":25,"key":"Darkstone Periapt"},{"floor":26,"key":"Thread and Needle"},{"floor":27,"key":"Matryoshka"}],"event_choices":[{"damage_healed":0,"gold_gain":75,"player_choice":"Gather Gold","damage_taken":11,"max_hp_gain":0,"max_hp_loss":0,"event_name":"World of Goop","floor":2,"gold_loss":0},{"damage_healed":0,"gold_gain":0,"player_choice":"Success","damage_taken":18,"relics_obtained":["Regal Pillow"],"max_hp_gain":0,"max_hp_loss":0,"event_name":"Scrap Ooze","floor":3,"gold_loss":0},{"damage_healed":0,"gold_gain":0,"player_choice":"Simplicity","damage_taken":0,"max_hp_gain":0,"max_hp_loss":0,"event_name":"Back to Basics","floor":19,"gold_loss":0,"cards_upgraded":["Defend_G","Defend_G","Defend_G","Defend_G","Strike_G","Strike_G","Strike_G","Strike_G","Strike_G"]},{"damage_healed":0,"gold_gain":0,"player_choice":"Stole Relic","damage_taken":0,"relics_obtained":["Dodecahedron"],"max_hp_gain":0,"max_hp_loss":0,"event_name":"Addict","floor":20,"gold_loss":0,"cards_obtained":["Shame"]},{"damage_healed":0,"gold_gain":99,"player_choice":"Stole From Cult","damage_taken":0,"max_hp_gain":0,"max_hp_loss":0,"event_name":"Nest","floor":22,"gold_loss":0}],"is_beta":false,"boss_relics":[{"not_picked":["HoveringKite","Runic Dome"],"picked":"Orrery"}],"items_purged_floors":[4,24],"is_endless":false,"potions_floor_spawned":[11,14,18,23,25,30],"killed_by":"Automaton","ascension_level":5}