{"gold_per_floor":[119,10,22,22,22,22,47,63,63,238,250,250,282,310,310,410,410,426,426,24,37,53,53,67,99,99,131,157,171,189,189,189,292,292,305,316,316,416,426,458,50,70,70,70,102,116,126,160,160,160,160,160,18,43,43],"floor_reached":55,"playtime":6468,"items_purged":["Strike_R","Doubt","Parasite","Defend_R"],"score":1160,"play_id":"d9aa0505-2f0c-4f49-9274-e29e3bd7d655","local_time":"20181223220021","is_ascension_mode":true,"campfire_choices":[{"data":"Flex","floor":6,"key":"SMITH"},{"data":"Seeing Red","floor":12,"key":"SMITH"},{"data":"Uppercut","floor":15,"key":"SMITH"},{"data":"Bash","floor":23,"key":"SMITH"},{"data":"Flex","floor":32,"key":"SMITH"},{"floor":49,"key":"RECALL"},{"data":"Demon Form","floor":52,"key":"SMITH"}],"neow_cost":"NONE","seed_source_timestamp":271870786110935,"circlet_count":0,"master_deck":["Strike_R","Strike_R","Strike_R","Strike_R","Defend_R","Bash+1","Flex+1","Dropkick","Battle Trance","Entrench","Cleave","Uppercut+1","Seeing Red+1","Flex","Feed","Flex+1","Ghostly","Ghostly","Ghostly","Ghostly","Ghostly","Master of Strategy","Twin Strike","Headbutt","Flame Barrier","Disarm+1","Thunderclap","Double Tap","Flex+1","Headbutt","Demon Form+1","Violence","Panache","Cleave+1","Dropkick","Spot Weakness+1","Sword Boomerang+1","Flex+1","Limit Break+1","Metamorphosis+1","Anger+1"],"relics":["Burning Blood","Anchor","Pen Nib","The Courier","Incense Burner","Odd Mushroom","Sozu","Membership Card","Nunchaku","Centennial Puzzle","Orichalcum","Red Mask","Bag of Preparation","Enchiridion","Black Star","FossilizedHelix","Gambling Chip","Bottled Tornado","Blood Vial","Toxic Egg 2","Shuriken","Red Skull","Bag of Marbles","Bottled Lightning","Omamori","Frozen Egg 2","Oddly Smooth Stone","Happy Flower"],"potions_floor_usage":[3,13,21,21],"damage_taken":[{"damage":6,"enemies":"Cultist","floor":1,"turns":4},{"damage":2,"enemies":"2 Louse","floor":3,"turns":4},{"damage":36,"enemies":"Lagavulin","floor":7,"turns":4},{"damage":0,"enemies":"Small Slimes","floor":8,"turns":3},{"damage":0,"enemies":"3 Louse","floor":11,"turns":2},{"damage":13,"enemies":"3 Sentries","floor":13,"turns":4},{"damage":4,"enemies":"The Mushroom Lair","floor":14,"turns":3},{"damage":46,"enemies":"The Guardian","floor":16,"turns":9},{"damage":12,"enemies":"Chosen","floor":18,"turns":6},{"damage":0,"enemies":"2 Thieves","floor":21,"turns":3},{"damage":2,"enemies":"Snecko","floor":22,"turns":5},{"damage":0,"enemies":"Snake Plant","floor":24,"turns":3},{"damage":4,"enemies":"Book of Stabbing","floor":25,"turns":7},{"damage":0,"enemies":"Masked Bandits","floor":27,"turns":4},{"damage":0,"enemies":"Gremlin Leader","floor":28,"turns":5},{"damage":0,"enemies":"Centurion and Healer","floor":29,"turns":6},{"damage":0,"enemies":"Cultist and Chosen","floor":30,"turns":5},{"damage":0,"enemies":"Champ","floor":33,"turns":12},{"damage":0,"enemies":"3 Darklings","floor":35,"turns":4},{"damage":0,"enemies":"Orb Walker","floor":36,"turns":3},{"damage":3,"enemies":"Mind Bloom Boss Battle","floor":38,"turns":5},{"damage":0,"enemies":"Writhing Mass","floor":39,"turns":6},{"damage":0,"enemies":"Reptomancer","floor":40,"turns":5},{"damage":2,"enemies":"Jaw Worm Horde","floor":42,"turns":4},{"damage":0,"enemies":"Nemesis","floor":45,"turns":7},{"damage":7,"enemies":"4 Shapes","floor":46,"turns":2},{"damage":0,"enemies":"Transient","floor":47,"turns":5},{"damage":0,"enemies":"Reptomancer","floor":48,"turns":5},{"damage":13,"enemies":"Donu and Deca","floor":50,"turns":5},{"damage":0,"enemies":"Shield and Spear","floor":54,"turns":7},{"damage":81,"enemies":"The Heart","floor":55,"turns":3}],"seed_played":"8293854553803270070","potions_obtained":[{"floor":3,"key":"Fruit Juice"},{"floor":8,"key":"SpeedPotion"},{"floor":11,"key":"LiquidBronze"},{"floor":16,"key":"SkillPotion"}],"is_trial":false,"path_per_floor":["M","$","M","?","?","R","E","M","T","?","M","R","E","?","R","B",null,"M","?","$","M","M","R","M","E","T","?","E","M","M","?","R","B",null,"M","M","?","?","M","E","$","M","T","?","E","M","M","E","R","B",null,"R","$","E","B"],"character_chosen":"IRONCLAD","items_purchased":["Dropkick","Membership Card","Nunchaku","Master of Strategy","Blood Vial","Toxic Egg 2","Shuriken","Red Skull","Dropkick","Metamorphosis+1"],"campfire_rested":0,"item_purchase_floors":[2,20,20,20,41,41,41,41,41,53],"current_hp_per_floor":[80,80,85,85,85,85,55,61,61,61,67,67,60,62,62,22,85,79,42,42,42,42,42,45,45,45,48,51,51,54,38,38,44,54,54,57,47,50,56,57,54,57,57,57,57,56,57,57,57,50,57,57,57,57,0],"gold":43,"neow_bonus":"RANDOM_COMMON_RELIC","is_prod":false,"is_daily":false,"chose_seed":false,"campfire_upgraded":6,"win_rate":0,"timestamp":1545620421,"path_taken":["M","?","?","?","?","R","E","?","T","?","M","R","E","?","R","BOSS","M","?","$","M","M","R","M","E","T","?","E","M","M","?","R","BOSS","M","M","?","?","M","E","$","M","T","?","E","M","M","E","R","BOSS","R","$","E","BOSS"],"build_version":"2018-12-20","purchased_purges":4,"victory":false,"max_hp_per_floor":[80,80,85,85,85,85,85,85,85,85,85,85,85,85,85,85,85,85,42,42,42,42,42,45,45,45,48,51,51,54,54,54,54,54,54,57,57,57,57,57,54,57,57,57,57,57,57,57,57,57,57,57,57,57,57],"card_choices":[{"not_picked":["Headbutt","Anger"],"picked":"Flex","floor":1},{"not_picked":["Clash","Fire Breathing"],"picked":"Battle Trance","floor":3},{"not_picked":["Clothesline","Clash"],"picked":"Cleave","floor":7},{"not_picked":["Wild Strike","Feel No Pain"],"picked":"Uppercut","floor":8},{"not_picked":["Battle Trance","Second Wind"],"picked":"Seeing Red","floor":11},{"not_picked":["Rage","Battle Trance"],"picked":"Flex","floor":13},{"not_picked":["Double Tap","Impervious"],"picked":"Feed","floor":16},{"not_picked":["Cleave","Sword Boomerang"],"picked":"Flex+1","floor":18},{"not_picked":["Clothesline+1","Perfected Strike+1"],"picked":"Twin Strike","floor":21},{"not_picked":["Searing Blow","Clothesline"],"picked":"Headbutt","floor":22},{"not_picked":["True Grit","Cleave+1"],"picked":"Flame Barrier","floor":24},{"not_picked":["Sword Boomerang","Perfected Strike"],"picked":"Disarm+1","floor":25},{"not_picked":["Warcry","Armaments"],"picked":"Thunderclap","floor":27},{"not_picked":["Spot Weakness","Clash+1"],"picked":"Double Tap","floor":28},{"not_picked":["Twin Strike","Evolve"],"picked":"Flex","floor":29},{"not_picked":["Body Slam","True Grit"],"picked":"Headbutt","floor":30},{"not_picked":["Juggernaut","Reaper"],"picked":"Demon Form","floor":33},{"not_picked":["Thunderclap","Clothesline","Flex"],"picked":"SKIP","floor":35},{"not_picked":["Shrug It Off","Rage+1","Blood for Blood+1"],"picked":"SKIP","floor":36},{"not_picked":["Impatience","Sadistic Nature"],"picked":"Violence","floor":37},{"not_picked":["Madness","Master of Strategy"],"picked":"Panache","floor":37},{"not_picked":["Shrug It Off","Blood for Blood"],"picked":"Cleave+1","floor":39},{"not_picked":["Twin Strike","Disarm+1","Second Wind+1"],"picked":"SKIP","floor":40},{"not_picked":["Reckless Charge","Clothesline","Sword Boomerang"],"picked":"SKIP","floor":42},{"not_picked":["Demon Form","Burning Pact+1"],"picked":"Spot Weakness+1","floor":45},{"not_picked":["Pommel Strike+1","Cleave+1"],"picked":"Sword Boomerang+1","floor":46},{"not_picked":["Clash","Headbutt+1"],"picked":"Flex+1","floor":47},{"not_picked":["Burning Pact+1","Rage+1"],"picked":"Limit Break+1","floor":48},{"not_picked":["Clash","Perfected Strike+1"],"picked":"Anger+1","floor":54}],"player_experience":92983,"relics_obtained":[{"floor":7,"key":"Pen Nib"},{"floor":9,"key":"The Courier"},{"floor":13,"key":"Incense Burner"},{"floor":14,"key":"Odd Mushroom"},{"floor":25,"key":"Centennial Puzzle"},{"floor":26,"key":"Orichalcum"},{"floor":27,"key":"Red Mask"},{"floor":28,"key":"Bag of Preparation"},{"floor":31,"key":"Enchiridion"},{"floor":38,"key":"FossilizedHelix"},{"floor":40,"key":"Gambling Chip"},{"floor":40,"key":"Bottled Tornado"},{"floor":45,"key":"Bag of Marbles"},{"floor":45,"key":"Bottled Lightning"},{"floor":48,"key":"Omamori"},{"floor":48,"key":"Frozen Egg 2"},{"floor":54,"key":"Oddly Smooth Stone"},{"floor":54,"key":"Happy Flower"}],"event_choices":[{"damage_healed":0,"gold_gain":0,"cards_transformed":["Defend_R"],"player_choice":"Change","damage_taken":0,"max_hp_gain":0,"max_hp_loss":0,"event_name":"Living Wall","floor":4,"gold_loss":0,"cards_obtained":["Entrench"]},{"damage_healed":0,"gold_gain":0,"player_choice":"Ignored","damage_taken":0,"max_hp_gain":0,"max_hp_loss":0,"event_name":"WeMeetAgain","floor":5,"gold_loss":0},{"damage_healed":0,"gold_gain":175,"player_choice":"AGREE","damage_taken":0,"max_hp_gain":0,"max_hp_loss":0,"event_name":"Liars Game","floor":10,"gold_loss":0,"cards_obtained":["Doubt"]},{"damage_healed":0,"gold_gain":0,"player_choice":"Fought Mushrooms","damage_taken":0,"max_hp_gain":0,"max_hp_loss":0,"event_name":"Mushrooms","floor":14,"gold_loss":0},{"damage_healed":0,"gold_gain":0,"player_choice":"Became a Ghost","damage_taken":0,"max_hp_gain":0,"max_hp_loss":43,"event_name":"Ghosts","floor":19,"gold_loss":0,"cards_obtained":["Ghostly","Ghostly","Ghostly","Ghostly","Ghostly"]},{"damage_healed":0,"gold_gain":0,"player_choice":"Fought Bandits","damage_taken":0,"max_hp_gain":0,"max_hp_loss":0,"event_name":"Masked Bandits","floor":27,"gold_loss":0},{"damage_healed":0,"gold_gain":0,"player_choice":"Obtained Book","damage_taken":16,"max_hp_gain":0,"max_hp_loss":0,"event_name":"Cursed Tome","floor":31,"gold_loss":0},{"damage_healed":0,"gold_gain":0,"player_choice":"Memory 3","damage_taken":10,"max_hp_gain":0,"max_hp_loss":0,"event_name":"SensoryStone","floor":37,"gold_loss":0},{"damage_healed":0,"gold_gain":0,"player_choice":"Fight","damage_taken":0,"max_hp_gain":0,"max_hp_loss":0,"event_name":"MindBloom","floor":38,"gold_loss":0},{"cards_removed":["Defend_R"],"damage_healed":0,"gold_gain":0,"player_choice":"Purged","damage_taken":0,"max_hp_gain":0,"max_hp_loss":0,"event_name":"Purifier","floor":44,"gold_loss":0}],"is_beta":false,"boss_relics":[{"not_picked":["Snecko Eye","Orrery"],"picked":"Sozu"},{"not_picked":["Runic Pyramid","Empty Cage"],"picked":"Black Star"}],"items_purged_floors":[2,20,41,53],"is_endless":false,"potions_floor_spawned":[3,8,11,16,21,22,24,28,29,35,45,47,48,54],"killed_by":"The Heart","ascension_level":1}