{"gold_per_floor":[112,123,123,133,148,183,202,202,202,215,234,234,159,179,179,279,279,290,36,63,63,81,81,116,116,116,150,150,150,182,202,202,302,302,315,333,347,358,370,370,117,117,117,152,152,177,177,52,52,52,52,52,2,27,27],"floor_reached":56,"playtime":4839,"items_purged":["Strike_R","Strike_R","Strike_R"],"score":1597,"play_id":"ab925600-95b3-4a9b-a842-1f8d0efbed34","local_time":"20181130230941","is_ascension_mode":false,"campfire_choices":[{"data":"Armaments","floor":8,"key":"SMITH"},{"data":"Havoc","floor":12,"key":"SMITH"},{"data":"Havoc","floor":15,"key":"SMITH"},{"floor":23,"key":"RECALL"},{"data":"Corruption","floor":29,"key":"SMITH"},{"data":"Spot Weakness","floor":32,"key":"SMITH"},{"data":"Feed","floor":45,"key":"SMITH"},{"data":"Feed","floor":47,"key":"SMITH"},{"data":"Feed","floor":49,"key":"SMITH"},{"data":"Warcry","floor":52,"key":"SMITH"}],"neow_cost":"NONE","seed_source_timestamp":355946909924608,"circlet_count":0,"master_deck":["Defend_R","Defend_R","Defend_R","Defend_R","Bash","Spot Weakness+1","Intimidate","Armaments+1","Warcry+1","Feed+1","Havoc+1","Havoc+1","Corruption+1","Warcry","Feed+1","Impervious+1","Warcry+1","Burning Pact+1","Feed+1","Sentinel+1","Havoc+1","Sentinel+1","Madness+1","Madness+1","Warcry+1","Flex+1"],"relics":["Burning Blood","Dead Branch","Shuriken","Mark of Pain","Matryoshka","Red Mask","Toxic Egg 2","Blood Vial","Pen Nib","Bottled Tornado","Sundial","Mango","Coffee Dripper","Bag of Marbles","Lantern","Bronze Scales","Orichalcum","Question Card","War Paint"],"potions_floor_usage":[6,6,24,37,55,55],"damage_taken":[{"damage":5,"enemies":"Cultist","floor":1,"turns":4},{"damage":0,"enemies":"Small Slimes","floor":2,"turns":3},{"damage":2,"enemies":"2 Louse","floor":4,"turns":4},{"damage":19,"enemies":"Large Slime","floor":5,"turns":10},{"damage":34,"enemies":"Gremlin Nob","floor":6,"turns":5},{"damage":0,"enemies":"Gremlin Gang","floor":7,"turns":5},{"damage":11,"enemies":"2 Fungi Beasts","floor":10,"turns":5},{"damage":0,"enemies":"Looter","floor":11,"turns":2},{"damage":3,"enemies":"Exordium Thugs","floor":14,"turns":3},{"damage":20,"enemies":"The Guardian","floor":16,"turns":7},{"damage":6,"enemies":"3 Byrds","floor":18,"turns":4},{"damage":2,"enemies":"Masked Bandits","floor":20,"turns":3},{"damage":6,"enemies":"Spheric Guardian","floor":22,"turns":1},{"damage":0,"enemies":"Book of Stabbing","floor":24,"turns":3},{"damage":3,"enemies":"Gremlin Leader","floor":27,"turns":3},{"damage":3,"enemies":"Slavers","floor":30,"turns":1},{"damage":0,"enemies":"Shelled Parasite and Fungi","floor":31,"turns":1},{"damage":1,"enemies":"Collector","floor":33,"turns":2},{"damage":0,"enemies":"Orb Walker","floor":35,"turns":2},{"damage":6,"enemies":"3 Shapes","floor":36,"turns":2},{"damage":0,"enemies":"Jaw Worm Horde","floor":37,"turns":2},{"damage":2,"enemies":"4 Shapes","floor":38,"turns":2},{"damage":0,"enemies":"Spire Growth","floor":39,"turns":2},{"damage":6,"enemies":"Nemesis","floor":44,"turns":3},{"damage":3,"enemies":"Giant Head","floor":46,"turns":2},{"damage":6,"enemies":"Donu and Deca","floor":50,"turns":3},{"damage":6,"enemies":"Shield and Spear","floor":54,"turns":2},{"damage":38,"enemies":"The Heart","floor":55,"turns":5}],"seed_played":"2109349994827548285","potions_obtained":[{"floor":1,"key":"LiquidBronze"},{"floor":5,"key":"Swift Potion"},{"floor":7,"key":"AttackPotion"},{"floor":10,"key":"Block Potion"},{"floor":14,"key":"Regen Potion"},{"floor":22,"key":"Energy Potion"},{"floor":27,"key":"LiquidBronze"},{"floor":31,"key":"Block Potion"},{"floor":36,"key":"AttackPotion"},{"floor":37,"key":"Explosive Potion"},{"floor":54,"key":"SkillPotion"}],"is_trial":false,"path_per_floor":["M","M","T","M","M","E","M","R","T","M","M","R","$","M","R","B",null,"M","$","?","?","M","R","E","?","T","E","?","R","E","M","R","B",null,"M","M","M","M","M","?","$","?","T","E","R","E","R","$","R","B",null,"R","$","E","B",null],"character_chosen":"IRONCLAD","items_purchased":["Matryoshka","Bag of Marbles","PowerPotion"],"campfire_rested":0,"item_purchase_floors":[19,41,53],"current_hp_per_floor":[80,80,80,80,67,39,48,48,48,43,49,49,49,52,52,38,83,91,91,94,94,97,97,97,97,97,97,97,97,115,118,118,118,118,121,124,127,130,134,117,117,117,117,122,122,131,131,131,131,137,145,145,145,153,121],"gold":27,"neow_bonus":"THREE_CARDS","is_prod":false,"is_daily":false,"chose_seed":false,"campfire_upgraded":9,"win_rate":0,"timestamp":1543619381,"path_taken":["M","?","?","M","M","E","M","R","T","?","M","R","?","M","R","BOSS","M","$","?","?","M","R","E","?","T","E","?","R","E","M","R","BOSS","M","?","M","M","?","?","$","?","T","E","R","E","R","$","R","BOSS","R","$","E","BOSS"],"build_version":"2018-11-15","purchased_purges":3,"victory":true,"max_hp_per_floor":[80,80,80,80,80,80,83,83,83,83,83,83,83,83,83,83,83,91,91,94,94,97,97,97,97,97,97,97,97,115,118,118,118,118,121,124,127,130,134,134,134,134,134,137,137,141,141,141,141,145,145,145,145,153,153],"card_choices":[{"not_picked":["Sword Boomerang","Armaments"],"picked":"Spot Weakness","floor":0},{"not_picked":["Evolve","Wild Strike"],"picked":"Intimidate","floor":1},{"not_picked":["Wild Strike","Flex"],"picked":"Armaments","floor":2},{"not_picked":["Clothesline","Iron Wave"],"picked":"Warcry","floor":4},{"not_picked":["Havoc","Cleave"],"picked":"Feed","floor":5},{"not_picked":["Carnage","Searing Blow"],"picked":"Havoc","floor":6},{"not_picked":["Headbutt","Heavy Blade"],"picked":"Havoc","floor":7},{"not_picked":["Combust","Dual Wield"],"picked":"Corruption","floor":10},{"not_picked":["Anger","Wild Strike"],"picked":"Warcry","floor":11},{"not_picked":["Dual Wield","Body Slam"],"picked":"Feed","floor":14},{"not_picked":["Barricade","Demon Form"],"picked":"Impervious","floor":16},{"not_picked":["Heavy Blade","Pommel Strike","Corruption"],"picked":"SKIP","floor":18},{"not_picked":["Body Slam","Armaments"],"picked":"Warcry","floor":20},{"not_picked":["Body Slam","Twin Strike+1","Headbutt"],"picked":"SKIP","floor":22},{"not_picked":["Anger","Wild Strike"],"picked":"Burning Pact+1","floor":24},{"not_picked":["Clothesline","Armaments+1"],"picked":"Sentinel+1","floor":27},{"not_picked":["Whirlwind","Reckless Charge+1"],"picked":"Havoc+1","floor":30},{"not_picked":["Blood for Blood","Headbutt+1","Double Tap+1"],"picked":"SKIP","floor":31},{"not_picked":["Power Through+1","Headbutt","Spot Weakness+1"],"picked":"SKIP","floor":35},{"not_picked":["Infernal Blade+1","Shrug It Off+1"],"picked":"Sentinel+1","floor":36},{"not_picked":["Twin Strike+1","Bloodletting+1","Flame Barrier+1"],"picked":"SKIP","floor":37},{"not_picked":["Pommel Strike+1","Rampage","Spot Weakness+1"],"picked":"SKIP","floor":38},{"not_picked":["Sever Soul+1","Thunderclap+1","Battle Trance+1"],"picked":"SKIP","floor":39},{"not_picked":["Twin Strike+1","Pommel Strike","Double Tap+1"],"picked":"SKIP","floor":44},{"not_picked":["Burning Pact+1","Clothesline"],"picked":"Warcry+1","floor":46},{"not_picked":["True Grit+1","Bloodletting+1","Sword Boomerang"],"picked":"Flex+1","floor":54}],"player_experience":163414,"relics_obtained":[{"floor":6,"key":"Dead Branch"},{"floor":9,"key":"Shuriken"},{"floor":20,"key":"Red Mask"},{"floor":24,"key":"Blood Vial"},{"floor":26,"key":"Pen Nib"},{"floor":26,"key":"Bottled Tornado"},{"floor":27,"key":"Sundial"},{"floor":30,"key":"Mango"},{"floor":43,"key":"Lantern"},{"floor":43,"key":"Bronze Scales"},{"floor":44,"key":"Orichalcum"},{"floor":46,"key":"Question Card"},{"floor":54,"key":"War Paint"}],"event_choices":[{"damage_healed":0,"gold_gain":0,"player_choice":"Fought Bandits","damage_taken":0,"max_hp_gain":0,"max_hp_loss":0,"event_name":"Masked Bandits","floor":20,"gold_loss":0},{"damage_healed":0,"gold_gain":0,"player_choice":"Stole Relic","damage_taken":0,"relics_obtained":["Toxic Egg 2"],"max_hp_gain":0,"max_hp_loss":0,"event_name":"Addict","floor":21,"gold_loss":0,"cards_obtained":["Shame"]},{"damage_healed":0,"gold_gain":0,"cards_transformed":["Shame","Strike_R"],"player_choice":"Became Test Subject","damage_taken":0,"max_hp_gain":0,"max_hp_loss":0,"event_name":"Drug Dealer","floor":25,"gold_loss":0,"cards_obtained":["Writhe","Feed"]},{"cards_removed":["Writhe"],"damage_healed":0,"gold_gain":0,"player_choice":"Purged","damage_taken":0,"max_hp_gain":0,"max_hp_loss":0,"event_name":"Purifier","floor":28,"gold_loss":0},{"damage_healed":0,"gold_gain":0,"player_choice":"Embrace Madness","damage_taken":17,"max_hp_gain":0,"max_hp_loss":0,"event_name":"Winding Halls","floor":40,"gold_loss":0,"cards_obtained":["Madness","Madness"]},{"cards_removed":["Strike_R"],"damage_healed":0,"gold_gain":0,"player_choice":"Removed Attack","damage_taken":0,"max_hp_gain":0,"max_hp_loss":0,"event_name":"Falling","floor":42,"gold_loss":0}],"is_beta":true,"boss_relics":[{"not_picked":["Ectoplasm","Runic Pyramid"],"picked":"Mark of Pain"},{"not_picked":["White Beast Statue","Tiny House"],"picked":"Coffee Dripper"}],"items_purged_floors":[13,41,48],"is_endless":false,"potions_floor_spawned":[1,5,7,10,14,16,22,27,30,31,36,37,54],"ascension_level":0}