{"gold_per_floor":[118,68,68,68,80,80,113,123,123,123,143,157,173,348,348,348],"floor_reached":16,"playtime":761,"items_purged":[],"score":128,"play_id":"57f70139-057d-4be5-bd13-45f3facb3b4c","local_time":"20190513002521","is_ascension_mode":true,"campfire_choices":[{"data":"Backflip","floor":6,"key":"SMITH"},{"data":"1","floor":15,"key":"LIFT"}],"neow_cost":"NONE","seed_source_timestamp":364713951050491,"circlet_count":0,"master_deck":["Defend_G","Defend_G","Defend_G","Defend_G","Strike_G","Strike_G","Strike_G","Strike_G","Survivor","Neutralize","Noxious Fumes","Backflip+1","Acrobatics","Dagger Throw","Wraith Form v2","Acrobatics","Doubt"],"relics":["HoveringKite","CultistMask","Girya","Shuriken"],"potions_floor_usage":[],"damage_taken":[{"damage":4,"enemies":"2 Louse","floor":1,"turns":4},{"damage":16,"enemies":"Small Slimes","floor":5,"turns":5},{"damage":27,"enemies":"Gremlin Nob","floor":7,"turns":5},{"damage":8,"enemies":"Cultist","floor":8,"turns":6},{"damage":8,"enemies":"Blue Slaver","floor":11,"turns":4},{"damage":1,"enemies":"Looter","floor":12,"turns":4},{"damage":1,"enemies":"2 Fungi Beasts","floor":13,"turns":4},{"damage":13,"enemies":"Slime Boss","floor":16,"turns":8}],"seed_played":"-8620730431922213221","potions_obtained":[{"floor":7,"key":"LiquidBronze"}],"is_trial":false,"path_per_floor":["M","?","$","?","M","R","E","M","T","?","M","M","M","?","R","B"],"character_chosen":"THE_SILENT","items_purchased":[],"campfire_rested":0,"item_purchase_floors":[],"current_hp_per_floor":[66,66,66,66,50,50,23,15,15,15,7,6,5,5,5,0],"gold":348,"neow_bonus":"BOSS_RELIC","is_prod":false,"is_daily":false,"chose_seed":false,"campfire_upgraded":1,"win_rate":0,"timestamp":1557703521,"path_taken":["M","?","$","?","?","R","E","M","T","?","M","M","M","?","R","BOSS"],"build_version":"2019-01-23","purchased_purges":0,"victory":false,"max_hp_per_floor":[70,70,70,70,70,70,70,70,70,70,70,70,70,70,70,70],"card_choices":[{"not_picked":["Dagger Spray","Accuracy"],"picked":"Noxious Fumes","floor":1},{"not_picked":["Outmaneuver","Dagger Throw"],"picked":"Backflip","floor":5},{"not_picked":["Catalyst","Dagger Throw"],"picked":"Acrobatics","floor":7},{"not_picked":["Poisoned Stab","Deadly Poison"],"picked":"Dagger Throw","floor":8},{"not_picked":["Poisoned Stab","Acrobatics"],"picked":"Wraith Form v2","floor":11},{"not_picked":["All Out Attack","Flying Knee","Outmaneuver"],"picked":"SKIP","floor":12},{"not_picked":["Choke","Flying Knee"],"picked":"Acrobatics","floor":13}],"player_experience":245139,"relics_obtained":[{"floor":7,"key":"Girya"},{"floor":9,"key":"Shuriken"}],"event_choices":[{"cards_removed":["Defend_G"],"damage_healed":0,"gold_gain":0,"player_choice":"Card Removal","damage_taken":0,"max_hp_gain":0,"max_hp_loss":0,"event_name":"The Cleric","floor":2,"gold_loss":50},{"damage_healed":0,"gold_gain":0,"player_choice":"Trade","damage_taken":0,"relics_obtained":["CultistMask"],"max_hp_gain":0,"max_hp_loss":0,"event_name":"FaceTrader","floor":4,"gold_loss":0},{"cards_removed":["Strike_G"],"damage_healed":0,"gold_gain":0,"player_choice":"Forget","damage_taken":0,"max_hp_gain":0,"max_hp_loss":0,"event_name":"Living Wall","floor":10,"gold_loss":0},{"damage_healed":0,"gold_gain":175,"player_choice":"AGREE","damage_taken":0,"max_hp_gain":0,"max_hp_loss":0,"event_name":"Liars Game","floor":14,"gold_loss":0,"cards_obtained":["Doubt"]}],"is_beta":false,"boss_relics":[],"items_purged_floors":[],"is_endless":false,"potions_floor_spawned":[7],"killed_by":"Slime Boss","ascension_level":5}