{"gold_per_floor":[116,191,208,208,218,218,245,245,245,132,132,132,151,168,168,273,273,290,308,337,337,350,350,375,385,412,446,458,493,505,530,542,654,666,691,720,732,757,334,367,367,85,85,95,113,43,56,56],"floor_reached":48,"playtime":5801,"items_purged":["Strike_R","Strike_R","Strike_R"],"score":552,"play_id":"12827627-c28b-4a07-83ad-23caeb9236c7","local_time":"20181125185529","is_ascension_mode":false,"campfire_choices":[{"floor":6,"key":"RECALL"},{"data":"Fire Breathing","floor":8,"key":"SMITH"},{"data":"Inflame","floor":12,"key":"SMITH"},{"data":"Clash","floor":15,"key":"SMITH"},{"data":"Trip","floor":23,"key":"SMITH"},{"data":"Clash","floor":28,"key":"SMITH"},{"data":"Clash","floor":30,"key":"SMITH"},{"data":"Dark Embrace","floor":32,"key":"SMITH"}],"neow_cost":"NONE","seed_source_timestamp":339965919882298,"circlet_count":0,"master_deck":["Defend_R","Defend_R","Defend_R","Bash","Trip+1","Iron Wave","Clash+1","Impatience","Second Wind","Fire Breathing+1","Inflame+1","Pommel Strike","Carnage","Bludgeon","Feel No Pain","Twin Strike","Dropkick","Clash+1","True Grit+1","Clash+1","Dark Embrace+1","Dark Embrace","True Grit+1","Armaments","Blood for Blood","Magnetism","Feel No Pain","Dark Shackles","Power Through+1","Spot Weakness+1","Flame Barrier+1","Evolve","Sentinel+1"],"relics":["Burning Blood","Mummified Hand","Coffee Dripper","Red Mask","Vajra","Dream Catcher","MawBank","Pen Nib","Black Star","Potion Belt","Lantern","Red Skull","Dodecahedron"],"potions_floor_usage":[13,16,19,22,24,24,24,31,33,33,33,40,40,44,45,47,48,48,48,48,48],"damage_taken":[{"damage":1,"enemies":"Cultist","floor":1,"turns":3},{"damage":0,"enemies":"Small Slimes","floor":3,"turns":2},{"damage":0,"enemies":"2 Louse","floor":5,"turns":2},{"damage":40,"enemies":"3 Sentries","floor":7,"turns":11},{"damage":7,"enemies":"Exordium Thugs","floor":13,"turns":3},{"damage":9,"enemies":"Large Slime","floor":14,"turns":6},{"damage":4,"enemies":"Slime Boss","floor":16,"turns":6},{"damage":22,"enemies":"Spheric Guardian","floor":18,"turns":4},{"damage":17,"enemies":"2 Thieves","floor":19,"turns":3},{"damage":0,"enemies":"Masked Bandits","floor":20,"turns":2},{"damage":1,"enemies":"Shelled Parasite and Fungi","floor":22,"turns":3},{"damage":19,"enemies":"Gremlin Leader","floor":24,"turns":5},{"damage":7,"enemies":"Centurion and Healer","floor":25,"turns":3},{"damage":3,"enemies":"Book of Stabbing","floor":27,"turns":2},{"damage":10,"enemies":"Snake Plant","floor":31,"turns":2},{"damage":32,"enemies":"Automaton","floor":33,"turns":6},{"damage":7,"enemies":"3 Shapes","floor":35,"turns":3},{"damage":9,"enemies":"Orb Walker","floor":36,"turns":3},{"damage":14,"enemies":"3 Darklings","floor":38,"turns":5},{"damage":55,"enemies":"Nemesis","floor":40,"turns":7},{"damage":0,"enemies":"Writhing Mass","floor":44,"turns":2},{"damage":3,"enemies":"Jaw Worm Horde","floor":45,"turns":3},{"damage":7,"enemies":"3 Darklings","floor":47,"turns":2},{"damage":51,"enemies":"Reptomancer","floor":48,"turns":2}],"seed_played":"4757038507113821210","potions_obtained":[{"floor":1,"key":"Poison Potion"},{"floor":5,"key":"BloodPotion"},{"floor":7,"key":"Weak Potion"},{"floor":16,"key":"EntropicBrew"},{"floor":18,"key":"SpeedPotion"},{"floor":20,"key":"Fire Potion"},{"floor":33,"key":"FearPotion"},{"floor":38,"key":"SkillPotion"},{"floor":40,"key":"EssenceOfSteel"},{"floor":41,"key":"LiquidBronze"},{"floor":41,"key":"Ancient Potion"},{"floor":41,"key":"Poison Potion"},{"floor":44,"key":"Fire Potion"},{"floor":45,"key":"AttackPotion"},{"floor":47,"key":"Fire Potion"}],"is_trial":false,"path_per_floor":["M","?","M","?","M","R","E","R","T","$","?","R","M","M","R","B",null,"M","M","?","?","M","R","E","M","T","E","R","T","R","M","R","B",null,"M","M","?","M","$","E","?","$","T","M","M","$","M","E"],"character_chosen":"IRONCLAD","items_purchased":["Inflame","Magnetism","Feel No Pain","Dark Shackles","Red Skull","Evolve"],"campfire_rested":0,"item_purchase_floors":[10,39,39,39,42,46],"current_hp_per_floor":[80,72,78,78,80,80,46,46,46,46,46,46,53,50,50,52,80,64,53,59,59,64,64,51,50,50,53,53,53,53,49,49,23,80,79,76,76,68,68,19,19,19,19,25,28,28,27,0],"gold":56,"neow_bonus":"RANDOM_COLORLESS","is_prod":false,"is_daily":false,"chose_seed":false,"campfire_upgraded":7,"win_rate":0,"timestamp":1543172129,"path_taken":["M","?","?","?","M","R","E","R","T","?","?","R","M","M","R","BOSS","M","M","?","?","M","R","E","M","T","E","R","?","R","?","R","BOSS","M","M","?","?","?","E","?","$","T","?","?","$","M","E"],"build_version":"2018-11-15","purchased_purges":3,"victory":false,"max_hp_per_floor":[80,80,80,80,80,80,80,80,80,80,80,80,80,80,80,80,80,80,80,80,80,80,80,80,80,80,80,80,80,80,80,80,80,80,80,80,80,80,80,80,80,80,80,80,80,80,80,80],"card_choices":[{"not_picked":["Rupture","Clothesline"],"picked":"Iron Wave","floor":1},{"not_picked":["Thunderclap","Blood for Blood"],"picked":"Clash","floor":3},{"not_picked":["Thunderclap","Sword Boomerang"],"picked":"Second Wind","floor":5},{"not_picked":["Exhume","Ghostly Armor"],"picked":"Fire Breathing","floor":7},{"not_picked":["Heavy Blade","Clothesline"],"picked":"Pommel Strike","floor":13},{"not_picked":["Rage","Havoc"],"picked":"Carnage","floor":14},{"not_picked":["Feed","Fiend Fire"],"picked":"Bludgeon","floor":16},{"not_picked":["Flex","Burning Pact"],"picked":"Feel No Pain","floor":18},{"not_picked":["Pommel Strike","Headbutt","Clothesline"],"picked":"SKIP","floor":19},{"not_picked":["Rampage","Cleave","Pommel Strike"],"picked":"SKIP","floor":22},{"not_picked":["Headbutt","Intimidate"],"picked":"Clash","floor":24},{"not_picked":["Pommel Strike","Iron Wave"],"picked":"True Grit+1","floor":25},{"not_picked":["Havoc","Pummel"],"picked":"Clash","floor":27},{"not_picked":["Perfected Strike+1","Body Slam"],"picked":"Dark Embrace","floor":31},{"not_picked":["Impervious","Double Tap"],"picked":"Dark Embrace","floor":33},{"not_picked":["Shrug It Off+1","Thunderclap+1"],"picked":"True Grit+1","floor":35},{"not_picked":["Flex","Body Slam+1"],"picked":"Armaments","floor":36},{"not_picked":["Wild Strike","Cleave+1"],"picked":"Blood for Blood","floor":38},{"not_picked":["Armaments+1","Disarm"],"picked":"Power Through+1","floor":40},{"not_picked":["Second Wind","Body Slam"],"picked":"Spot Weakness+1","floor":44},{"not_picked":["Pommel Strike+1","Wild Strike"],"picked":"Flame Barrier+1","floor":45},{"not_picked":["Wild Strike+1","Shrug It Off+1"],"picked":"Sentinel+1","floor":47}],"player_experience":122203,"relics_obtained":[{"floor":7,"key":"Mummified Hand"},{"floor":20,"key":"Red Mask"},{"floor":24,"key":"Vajra"},{"floor":26,"key":"Dream Catcher"},{"floor":27,"key":"MawBank"},{"floor":29,"key":"Pen Nib"},{"floor":40,"key":"Potion Belt"},{"floor":40,"key":"Lantern"},{"floor":43,"key":"Dodecahedron"}],"event_choices":[{"damage_healed":0,"gold_gain":75,"player_choice":"Touch","damage_taken":8,"max_hp_gain":0,"max_hp_loss":0,"event_name":"FaceTrader","floor":2,"gold_loss":0},{"damage_healed":0,"gold_gain":0,"player_choice":"1 cards matched","damage_taken":0,"max_hp_gain":0,"max_hp_loss":0,"event_name":"Match and Keep!","floor":4,"gold_loss":0,"cards_obtained":["Impatience"]},{"damage_healed":0,"gold_gain":0,"player_choice":"1 cards matched","damage_taken":0,"max_hp_gain":0,"max_hp_loss":0,"event_name":"Match and Keep!","floor":4,"gold_loss":0,"cards_obtained":["Impatience"]},{"damage_healed":0,"gold_gain":0,"player_choice":"Bought 0 Potions","damage_taken":0,"max_hp_gain":0,"max_hp_loss":0,"event_name":"The Woman in Blue","floor":11,"gold_loss":0},{"damage_healed":0,"gold_gain":0,"player_choice":"Fought Bandits","damage_taken":0,"max_hp_gain":0,"max_hp_loss":0,"event_name":"Masked Bandits","floor":20,"gold_loss":0},{"damage_healed":0,"gold_gain":0,"cards_transformed":["Defend_R","Strike_R"],"player_choice":"Became Test Subject","damage_taken":0,"max_hp_gain":0,"max_hp_loss":0,"event_name":"Drug Dealer","floor":21,"gold_loss":0,"cards_obtained":["Twin Strike","Dropkick"]},{"cards_removed":["Strike_R"],"damage_healed":0,"gold_gain":0,"player_choice":"Purged","damage_taken":0,"max_hp_gain":0,"max_hp_loss":0,"event_name":"Purifier","floor":37,"gold_loss":0},{"damage_healed":0,"gold_gain":0,"player_choice":"Got Potions","damage_taken":0,"max_hp_gain":0,"max_hp_loss":0,"event_name":"Lab","floor":41,"gold_loss":0}],"is_beta":true,"boss_relics":[{"not_picked":["Lizard Tail","Sozu"],"picked":"Coffee Dripper"},{"not_picked":["Orrery","Runic Cube"],"picked":"Black Star"}],"items_purged_floors":[10,39,42],"is_endless":false,"potions_floor_spawned":[1,5,7,16,18,20,33,38,40,44,45,47],"killed_by":"Reptomancer","ascension_level":0}