{"gold_per_floor":[110,110,133,158,179,218,218,233,287,287],"floor_reached":10,"playtime":485,"items_purged":[],"score":77,"play_id":"fb927d6a-07f1-4f33-b122-f2e514d49249","local_time":"20181230165218","is_ascension_mode":true,"campfire_choices":[{"floor":7,"key":"REST"}],"neow_cost":"NONE","seed_source_timestamp":85436124799695,"circlet_count":0,"master_deck":["Defend_G","Defend_G","Defend_G","Defend_G","Defend_G","Strike_G","Strike_G","Strike_G","Strike_G","Strike_G","Survivor","Neutralize","Cloak And Dagger","Injury","Backflip","Flechettes","Cloak And Dagger","Bouncing Flask","Glass Knife"],"relics":["Ring of the Snake","NeowsBlessing","Golden Idol","Lantern","Snake Skull"],"potions_floor_usage":[5,6],"damage_taken":[{"damage":0,"enemies":"2 Louse","floor":1,"turns":1},{"damage":0,"enemies":"Small Slimes","floor":3,"turns":1},{"damage":0,"enemies":"Cultist","floor":4,"turns":1},{"damage":8,"enemies":"Large Slime","floor":5,"turns":6},{"damage":39,"enemies":"Lagavulin","floor":6,"turns":12},{"damage":4,"enemies":"Red Slaver","floor":8,"turns":4},{"damage":50,"enemies":"Gremlin Nob","floor":10,"turns":4}],"seed_played":"7918794015908051704","potions_obtained":[{"floor":4,"key":"AttackPotion"},{"floor":5,"key":"GhostInAJar"}],"is_trial":false,"path_per_floor":["M","?","M","M","M","E","R","M","T","E"],"character_chosen":"THE_SILENT","items_purchased":[],"campfire_rested":1,"item_purchase_floors":[],"current_hp_per_floor":[70,70,70,70,62,23,44,40,40,0],"gold":287,"neow_bonus":"THREE_ENEMY_KILL","is_prod":false,"is_daily":false,"chose_seed":false,"campfire_upgraded":0,"win_rate":0,"timestamp":1546206738,"path_taken":["M","?","M","M","M","E","R","M","T","E"],"build_version":"2018-12-20","purchased_purges":0,"victory":false,"max_hp_per_floor":[70,70,70,70,70,70,70,70,70,70],"card_choices":[{"not_picked":["Dagger Spray","Bouncing Flask"],"picked":"Cloak And Dagger","floor":1},{"not_picked":["Masterful Stab","Escape Plan"],"picked":"Backflip","floor":3},{"not_picked":["Deadly Poison","Dagger Spray"],"picked":"Flechettes","floor":4},{"not_picked":["Skewer","Distraction"],"picked":"Cloak And Dagger","floor":5},{"not_picked":["Prepared","Blade Dance"],"picked":"Bouncing Flask","floor":6},{"not_picked":["Acrobatics","All Out Attack"],"picked":"Glass Knife","floor":8}],"player_experience":286289,"relics_obtained":[{"floor":6,"key":"Lantern"},{"floor":9,"key":"Snake Skull"}],"event_choices":[{"damage_healed":0,"gold_gain":0,"player_choice":"Take Wound","damage_taken":0,"relics_obtained":["Golden Idol"],"max_hp_gain":0,"max_hp_loss":0,"event_name":"Golden Idol","floor":2,"gold_loss":0,"cards_obtained":["Injury"]}],"is_beta":false,"boss_relics":[],"items_purged_floors":[],"is_endless":false,"potions_floor_spawned":[4,5],"killed_by":"Gremlin Nob","ascension_level":2}