{"gold_per_floor":[114,125,125,125,143,174,174,213,236,0,16,16,16,32,32,163,163,179,179,179,199,224,258,258,594,594,594,14,39,39,74,74,199,199,219,238,262,262],"floor_reached":38,"playtime":3217,"items_purged":["Concentrate"],"score":566,"play_id":"ede548f2-5e47-46b9-906a-620471e11bd8","local_time":"20190112174107","is_ascension_mode":true,"campfire_choices":[{"floor":7,"key":"REST"},{"floor":12,"key":"REST"},{"floor":15,"key":"REST"},{"floor":24,"key":"REST"},{"data":"A Thousand Cuts","floor":27,"key":"SMITH"},{"data":"1","floor":30,"key":"LIFT"},{"data":"2","floor":32,"key":"LIFT"}],"neow_cost":"PERCENT_DAMAGE","seed_source_timestamp":341001575745917,"circlet_count":0,"master_deck":["Survivor","Neutralize","Backstab","PiercingWail","Endless Agony","Deadly Poison","After Image","Footwork","Blur","Backflip","Storm of Steel","Grand Finale","Tools of the Trade","Sucker Punch","PiercingWail","Riddle With Holes","Cloak And Dagger","Die Die Die","Quick Slash","Flying Knee","PiercingWail+1","Escape Plan+1","Backflip+1","A Thousand Cuts+1","Dash","Well Laid Plans","Mayhem","Predator","Backstab","Corpse Explosion","Envenom","Footwork","PiercingWail","Choke+1","Cloak And Dagger","Burst","Choke+1","Finisher+1","PiercingWail"],"relics":["Ring of the Snake","Peace Pipe","Golden Idol","Potion Belt","Smiling Mask","Membership Card","Pandora\u0027s Box","MutagenicStrength","Nloth\u0027s Gift","Dodecahedron","Old Coin","Shuriken","Lee\u0027s Waffle","Girya","Ancient Tea Set","Vajra","Orrery"],"potions_floor_usage":[6,8,16,23,34,38,38],"damage_taken":[{"damage":0,"enemies":"Jaw Worm","floor":1,"turns":4},{"damage":0,"enemies":"Small Slimes","floor":2,"turns":3},{"damage":0,"enemies":"Cultist","floor":5,"turns":3},{"damage":48,"enemies":"3 Sentries","floor":6,"turns":22},{"damage":40,"enemies":"Lagavulin","floor":8,"turns":7},{"damage":0,"enemies":"Large Slime","floor":11,"turns":9},{"damage":0,"enemies":"Gremlin Gang","floor":14,"turns":6},{"damage":12,"enemies":"The Guardian","floor":16,"turns":12},{"damage":2,"enemies":"Shell Parasite","floor":18,"turns":6},{"damage":10,"enemies":"2 Thieves","floor":21,"turns":5},{"damage":4,"enemies":"Centurion and Healer","floor":22,"turns":13},{"damage":9,"enemies":"Book of Stabbing","floor":23,"turns":8},{"damage":15,"enemies":"Slavers","floor":25,"turns":7},{"damage":0,"enemies":"Snecko","floor":29,"turns":4},{"damage":18,"enemies":"Gremlin Leader","floor":31,"turns":6},{"damage":64,"enemies":"Automaton","floor":33,"turns":7},{"damage":3,"enemies":"3 Darklings","floor":35,"turns":3},{"damage":7,"enemies":"Orb Walker","floor":36,"turns":2},{"damage":33,"enemies":"4 Shapes","floor":37,"turns":5},{"damage":67,"enemies":"2 Orb Walkers","floor":38,"turns":4}],"seed_played":"-9040948200573028870","potions_obtained":[{"floor":1,"key":"Regen Potion"},{"floor":2,"key":"GamblersBrew"},{"floor":14,"key":"Poison Potion"},{"floor":21,"key":"Poison Potion"},{"floor":23,"key":"GhostInAJar"},{"floor":33,"key":"Fruit Juice"},{"floor":36,"key":"Weak Potion"}],"is_trial":false,"path_per_floor":["M","M","?","?","M","E","R","E","T","$","M","R","?","M","R","B",null,"M","?","?","M","M","E","R","E","T","R","$","M","R","E","R","B",null,"M","M","M","?"],"character_chosen":"THE_SILENT","items_purchased":["Membership Card","Footwork","Lee\u0027s Waffle","Well Laid Plans","Mayhem","Predator","Regen Potion","Girya","Ancient Tea Set"],"campfire_rested":4,"item_purchase_floors":[10,10,28,28,28,28,28,28,28],"current_hp_per_floor":[49,49,70,70,70,37,58,18,25,25,25,48,48,48,71,59,77,75,75,75,65,61,52,75,60,60,60,84,84,84,66,66,2,89,86,79,46,0],"gold":262,"neow_bonus":"ONE_RARE_RELIC","is_prod":false,"is_daily":false,"chose_seed":false,"campfire_upgraded":1,"win_rate":0,"timestamp":1547332867,"path_taken":["M","M","?","?","M","E","R","E","T","?","M","R","?","M","R","BOSS","M","?","?","?","M","E","R","E","T","R","$","M","R","E","R","BOSS","M","?","M","?"],"build_version":"2019-01-10","purchased_purges":1,"victory":false,"max_hp_per_floor":[70,70,70,70,70,70,70,70,77,77,77,77,77,77,77,77,77,77,77,77,77,77,77,77,77,77,77,84,84,84,84,84,84,89,89,89,89,89],"card_choices":[{"not_picked":["Skewer","Predator"],"picked":"Backstab","floor":1},{"not_picked":["Flying Knee","Bane"],"picked":"PiercingWail","floor":2},{"not_picked":["Bane","Finisher"],"picked":"Endless Agony","floor":5},{"not_picked":["Poisoned Stab","Finisher"],"picked":"Deadly Poison","floor":6},{"not_picked":["Escape Plan","Flying Knee"],"picked":"After Image","floor":8},{"not_picked":["Backflip","Sucker Punch"],"picked":"Blur","floor":11},{"not_picked":["Dodge and Roll","Slice"],"picked":"Backflip","floor":14},{"not_picked":["Wraith Form v2","Doppelganger"],"picked":"Storm of Steel","floor":16},{"not_picked":["Flechettes","Backflip"],"picked":"PiercingWail+1","floor":18},{"not_picked":["Outmaneuver","Slice"],"picked":"Escape Plan+1","floor":21},{"not_picked":["Deadly Poison","Prepared+1"],"picked":"Backflip+1","floor":22},{"not_picked":["Malaise","Underhanded Strike"],"picked":"A Thousand Cuts","floor":23},{"not_picked":["Backflip","Doppelganger"],"picked":"Dash","floor":25},{"not_picked":["Dagger Throw","Prepared"],"picked":"Backstab","floor":29},{"not_picked":["Dodge and Roll","Adrenaline"],"picked":"Corpse Explosion","floor":31},{"not_picked":["Glass Knife","Grand Finale"],"picked":"Envenom","floor":33},{"not_picked":["Sucker Punch","Acrobatics"],"picked":"Footwork","floor":34},{"not_picked":["Outmaneuver","Slice+1"],"picked":"PiercingWail","floor":34},{"not_picked":["Blade Dance","Outmaneuver"],"picked":"Choke+1","floor":34},{"not_picked":["Flechettes","Acrobatics"],"picked":"Cloak And Dagger","floor":34},{"not_picked":["Calculated Gamble+1","Terror"],"picked":"Burst","floor":34},{"not_picked":["Sucker Punch","Outmaneuver"],"picked":"Choke+1","floor":35},{"not_picked":["Poisoned Stab","Setup"],"picked":"Finisher+1","floor":36},{"not_picked":["Dagger Spray+1","Unload"],"picked":"PiercingWail","floor":37}],"player_experience":372988,"relics_obtained":[{"floor":6,"key":"Potion Belt"},{"floor":8,"key":"Smiling Mask"},{"floor":9,"key":"Strawberry"},{"floor":23,"key":"Dodecahedron"},{"floor":25,"key":"Old Coin"},{"floor":26,"key":"Shuriken"},{"floor":31,"key":"Vajra"}],"event_choices":[{"damage_healed":23,"gold_gain":0,"player_choice":"Banana","damage_taken":0,"max_hp_gain":0,"max_hp_loss":0,"event_name":"Big Fish","floor":3,"gold_loss":0},{"damage_healed":0,"gold_gain":0,"player_choice":"Take Wound","damage_taken":0,"relics_obtained":["Golden Idol"],"max_hp_gain":0,"max_hp_loss":0,"event_name":"Golden Idol","floor":4,"gold_loss":0,"cards_obtained":["Injury"]},{"cards_removed":["Injury"],"damage_healed":0,"gold_gain":0,"player_choice":"Purged","damage_taken":0,"max_hp_gain":0,"max_hp_loss":0,"event_name":"Purifier","floor":13,"gold_loss":0},{"damage_healed":0,"gold_gain":0,"player_choice":"Inject Mutagens","damage_taken":0,"relics_obtained":["MutagenicStrength"],"max_hp_gain":0,"max_hp_loss":0,"event_name":"Drug Dealer","floor":19,"gold_loss":0},{"damage_healed":0,"gold_gain":0,"player_choice":"Traded Relic","damage_taken":0,"relics_obtained":["Nloth\u0027s Gift"],"max_hp_gain":0,"max_hp_loss":0,"event_name":"N\u0027loth","floor":20,"relics_lost":["Strawberry"],"gold_loss":0},{"damage_healed":0,"gold_gain":0,"player_choice":"Fight","damage_taken":0,"max_hp_gain":0,"max_hp_loss":0,"event_name":"Mysterious Sphere","floor":38,"gold_loss":0}],"is_beta":false,"boss_relics":[{"not_picked":["Tiny House","Coffee Dripper"],"picked":"Pandora\u0027s Box"},{"not_picked":["Runic Pyramid","Astrolabe"],"picked":"Orrery"}],"items_purged_floors":[28],"is_endless":false,"potions_floor_spawned":[1,2,14,21,23,33,36],"killed_by":"2 Orb Walkers","ascension_level":1}