{"gold_per_floor":[119,130,149,161,185,215,234,260,272,359,403,415,438,462,474,586,648,671,699,140,140,151,179,189,114,114,130,130],"floor_reached":28,"playtime":3692,"items_purged":["Strike_G"],"score":277,"play_id":"b47d39a3-cdf7-4655-b8fa-db6ebf98c84a","local_time":"20181225201420","is_ascension_mode":true,"campfire_choices":[{"floor":12,"key":"REST"},{"data":"Crippling Poison","floor":15,"key":"SMITH"}],"neow_cost":"TEN_PERCENT_HP_LOSS","seed_source_timestamp":441101914632631,"circlet_count":0,"master_deck":["Defend_G+1","Defend_G+1","Defend_G+1","Defend_G+1","Defend_G+1","Strike_G+1","Strike_G+1","Strike_G+1","Strike_G+1","Survivor","Neutralize+1","Venomology","PiercingWail","Leg Sweep","Dagger Spray","Dagger Spray","Well Laid Plans","Deflect","Crippling Poison+1","Poisoned Stab","Heel Hook","Glass Knife","Sucker Punch","PiercingWail","Cloak And Dagger","Metamorphosis","Footwork","Dagger Throw","Dodge and Roll+1","Backstab","PiercingWail+1","Bane"],"relics":["Ring of the Snake","Lantern","Strawberry","MawBank","Letter Opener","Snake Skull","Tiny House","TheAbacus","Shovel"],"potions_floor_usage":[2,2,4,4,6,7,8,11,11,13,13,13,14,14,16,18,19,19,19,22,23,23,23,27,28,28],"damage_taken":[{"damage":9,"enemies":"Cultist","floor":1,"turns":4},{"damage":0,"enemies":"Small Slimes","floor":2,"turns":3},{"damage":1,"enemies":"Jaw Worm","floor":3,"turns":7},{"damage":0,"enemies":"Exordium Thugs","floor":4,"turns":6},{"damage":19,"enemies":"Gremlin Nob","floor":6,"turns":5},{"damage":4,"enemies":"Gremlin Gang","floor":7,"turns":3},{"damage":17,"enemies":"3 Sentries","floor":8,"turns":6},{"damage":17,"enemies":"Gremlin Nob","floor":11,"turns":5},{"damage":0,"enemies":"Red Slaver","floor":13,"turns":3},{"damage":0,"enemies":"Looter","floor":14,"turns":3},{"damage":12,"enemies":"Hexaghost","floor":16,"turns":10},{"damage":8,"enemies":"Shell Parasite","floor":18,"turns":5},{"damage":20,"enemies":"Spheric Guardian","floor":19,"turns":4},{"damage":19,"enemies":"Snake Plant","floor":22,"turns":5},{"damage":10,"enemies":"Gremlin Leader","floor":23,"turns":8},{"damage":18,"enemies":"3 Cultists","floor":24,"turns":6},{"damage":0,"enemies":"Centurion and Healer","floor":27,"turns":4},{"damage":17,"enemies":"Slavers","floor":28,"turns":1}],"seed_played":"-8963142312960962373","potions_obtained":[{"floor":6,"key":"Regen Potion"},{"floor":7,"key":"SpeedPotion"},{"floor":8,"key":"GamblersBrew"},{"floor":13,"key":"PowerPotion"},{"floor":16,"key":"GamblersBrew"},{"floor":17,"key":"Ancient Potion"},{"floor":18,"key":"EntropicBrew"},{"floor":23,"key":"Fire Potion"},{"floor":27,"key":"Weak Potion"}],"is_trial":false,"path_per_floor":["M","M","M","M","T","E","M","E","T","?","E","R","M","M","R","B",null,"M","M","$","?","M","E","M","?","T","M","E"],"character_chosen":"THE_SILENT","items_purchased":["Metamorphosis","Footwork","TheAbacus","Dagger Throw"],"campfire_rested":1,"item_purchase_floors":[20,20,20,20],"current_hp_per_floor":[54,54,53,53,53,41,37,35,35,28,11,32,32,32,32,20,75,67,47,47,47,42,32,14,14,14,14,0],"gold":130,"neow_bonus":"THREE_RARE_CARDS","is_prod":false,"is_daily":false,"chose_seed":false,"campfire_upgraded":1,"win_rate":0,"timestamp":1545786860,"path_taken":["M","M","M","M","?","E","M","E","T","?","E","R","M","M","R","BOSS","M","M","$","?","M","E","M","?","T","M","E"],"build_version":"2018-12-20","purchased_purges":1,"victory":false,"max_hp_per_floor":[63,63,63,63,63,70,70,70,70,70,70,70,70,70,70,70,75,75,75,75,75,75,75,75,75,75,75,75],"card_choices":[{"not_picked":["Phantasmal Killer","Burst"],"picked":"Venomology","floor":0},{"not_picked":["Quick Slash","Flying Knee"],"picked":"PiercingWail","floor":1},{"not_picked":["PiercingWail","Outmaneuver"],"picked":"Leg Sweep","floor":2},{"not_picked":["Burst","Underhanded Strike"],"picked":"Dagger Spray","floor":3},{"not_picked":["Bane","Blade Dance"],"picked":"Dagger Spray","floor":4},{"not_picked":["Bane","PiercingWail"],"picked":"Quick Slash","floor":6},{"not_picked":["Deflect","Cloak And Dagger"],"picked":"Well Laid Plans","floor":7},{"not_picked":["Blade Dance","Bullet Time"],"picked":"Deflect","floor":8},{"not_picked":["Acrobatics","Flying Knee"],"picked":"Crippling Poison","floor":11},{"not_picked":["Reflex","Slice"],"picked":"Poisoned Stab","floor":13},{"not_picked":["Deadly Poison","Deflect"],"picked":"Heel Hook","floor":14},{"not_picked":["Corpse Explosion","Phantasmal Killer"],"picked":"Glass Knife","floor":16},{"not_picked":["Cloak And Dagger","Slice"],"picked":"Sucker Punch","floor":17},{"not_picked":["Sucker Punch","Acrobatics"],"picked":"PiercingWail","floor":18},{"not_picked":["Escape Plan","Backflip"],"picked":"Cloak And Dagger","floor":19},{"not_picked":["Flechettes","Deadly Poison"],"picked":"Dodge and Roll+1","floor":22},{"not_picked":["Bane","Acrobatics"],"picked":"Backstab","floor":23},{"not_picked":["Deadly Poison","Sucker Punch"],"picked":"PiercingWail+1","floor":24},{"not_picked":["Dodge and Roll+1","Dagger Spray"],"picked":"Bane","floor":27}],"player_experience":148090,"relics_obtained":[{"floor":5,"key":"Lantern"},{"floor":6,"key":"Strawberry"},{"floor":8,"key":"MawBank"},{"floor":9,"key":"Letter Opener"},{"floor":11,"key":"Snake Skull"},{"floor":23,"key":"Shovel"}],"event_choices":[{"damage_healed":0,"gold_gain":75,"player_choice":"Touch","damage_taken":7,"max_hp_gain":0,"max_hp_loss":0,"event_name":"FaceTrader","floor":10,"gold_loss":0},{"damage_healed":0,"gold_gain":0,"player_choice":"Simplicity","damage_taken":0,"max_hp_gain":0,"max_hp_loss":0,"event_name":"Back to Basics","floor":21,"gold_loss":0,"cards_upgraded":["Defend_G","Defend_G","Defend_G","Defend_G","Defend_G","Strike_G","Strike_G","Strike_G","Strike_G"]},{"cards_removed":["Quick Slash"],"damage_healed":0,"gold_gain":0,"player_choice":"Gave Gold","damage_taken":0,"max_hp_gain":0,"max_hp_loss":0,"event_name":"Beggar","floor":25,"gold_loss":75}],"is_beta":false,"boss_relics":[{"not_picked":["Busted Crown","Ectoplasm"],"picked":"Tiny House"}],"items_purged_floors":[20],"is_endless":false,"potions_floor_spawned":[6,7,8,13,16,18,19,23,27],"killed_by":"Slavers","ascension_level":1}