{"gold_per_floor":[111,111,121,52,71,99,116,142,194,205,79,91,154,170,170,275,275,286,300,270,283,303,329,329,329,329,60,70,97,97,112,112,112],"floor_reached":33,"playtime":3364,"items_purged":["Defend_G"],"score":420,"play_id":"31068b3b-0aaa-4424-90dd-1244afb00634","local_time":"20190705233907","is_ascension_mode":true,"campfire_choices":[{"data":"Footwork","floor":15,"key":"SMITH"},{"floor":24,"key":"REST"},{"floor":30,"key":"REST"},{"floor":32,"key":"REST"}],"neow_cost":"NONE","seed_source_timestamp":616484493951471,"circlet_count":0,"master_deck":["Survivor","Neutralize","Backstab+1","Escape Plan","Corpse Explosion","Footwork+1","Distraction","Deflect","Dash","Acrobatics","Envenom","PiercingWail","Adrenaline","Choke","Die Die Die","Expertise","Die Die Die","Envenom","Flying Knee","Underhanded Strike","Heel Hook","Corpse Explosion","Predator","Slice+1","Backflip","Quick Slash","Caltrops","PiercingWail","Mayhem","Well Laid Plans","Leg Sweep","Dagger Spray+1","Poisoned Stab+1"],"relics":["Ring of the Snake","NeowsBlessing","Smiling Mask","Ninja Scroll","Tiny Chest","Pandora\u0027s Box","Anchor","Gremlin Horn","Orichalcum"],"potions_floor_usage":[8,12,12,14,18,21,23,23,29],"damage_taken":[{"damage":0,"enemies":"2 Louse","floor":1,"turns":1},{"damage":0,"enemies":"Cultist","floor":3,"turns":1},{"damage":0,"enemies":"Jaw Worm","floor":5,"turns":1},{"damage":10,"enemies":"3 Sentries","floor":6,"turns":3},{"damage":10,"enemies":"Gremlin Gang","floor":7,"turns":5},{"damage":15,"enemies":"Lagavulin","floor":8,"turns":7},{"damage":2,"enemies":"2 Fungi Beasts","floor":10,"turns":3},{"damage":0,"enemies":"Large Slime","floor":12,"turns":5},{"damage":4,"enemies":"3 Sentries","floor":13,"turns":11},{"damage":1,"enemies":"Exordium Thugs","floor":14,"turns":4},{"damage":17,"enemies":"The Guardian","floor":16,"turns":13},{"damage":11,"enemies":"2 Thieves","floor":18,"turns":4},{"damage":0,"enemies":"Shell Parasite","floor":19,"turns":2},{"damage":4,"enemies":"Snake Plant","floor":21,"turns":3},{"damage":7,"enemies":"Snecko","floor":22,"turns":5},{"damage":20,"enemies":"Book of Stabbing","floor":23,"turns":4},{"damage":6,"enemies":"Cultist and Chosen","floor":28,"turns":6},{"damage":19,"enemies":"Slavers","floor":29,"turns":5},{"damage":20,"enemies":"Sentry and Sphere","floor":31,"turns":4},{"damage":41,"enemies":"Champ","floor":33,"turns":10}],"seed_played":"7277008665516532417","potions_obtained":[{"floor":1,"key":"Regen Potion"},{"floor":3,"key":"Swift Potion"},{"floor":7,"key":"Energy Potion"},{"floor":8,"key":"Fire Potion"},{"floor":13,"key":"Energy Potion"},{"floor":19,"key":"Block Potion"},{"floor":20,"key":"SteroidPotion"},{"floor":20,"key":"SteroidPotion"},{"floor":28,"key":"GamblersBrew"},{"floor":29,"key":"Ancient Potion"}],"is_trial":false,"path_per_floor":["M","?","M","$","M","E","M","E","T","M","$","M","E","M","R","B",null,"M","M","?","M","M","E","R","?","T","$","M","E","R","M","R","B"],"character_chosen":"THE_SILENT","items_purchased":["Corpse Explosion","Envenom","Mayhem","Well Laid Plans"],"campfire_rested":3,"item_purchase_floors":[4,11,27,27],"current_hp_per_floor":[63,63,63,63,63,53,43,43,43,41,41,41,37,36,36,19,57,46,46,46,42,35,15,36,36,36,36,30,11,32,12,33,0],"gold":112,"neow_bonus":"THREE_ENEMY_KILL","is_prod":false,"is_daily":false,"chose_seed":false,"campfire_upgraded":1,"win_rate":0,"timestamp":1562384347,"path_taken":["M","?","M","$","?","E","M","E","T","M","?","?","E","M","R","BOSS","M","?","?","?","M","E","R","?","T","$","M","E","R","M","R","BOSS"],"build_version":"2019-07-05","purchased_purges":1,"victory":false,"max_hp_per_floor":[70,70,70,70,70,70,70,70,70,70,70,70,70,70,70,70,70,70,70,70,70,70,70,70,70,70,70,70,70,70,70,70,70],"card_choices":[{"not_picked":["Crippling Poison","Concentrate"],"picked":"Backstab","floor":1},{"not_picked":["Caltrops","Expertise"],"picked":"Escape Plan","floor":3},{"not_picked":["Reflex","Infinite Blades"],"picked":"Footwork","floor":5},{"not_picked":["Wraith Form v2","Dodge and Roll"],"picked":"Distraction","floor":6},{"not_picked":["Outmaneuver","Acrobatics"],"picked":"Deflect","floor":7},{"not_picked":["Well Laid Plans","Quick Slash"],"picked":"Dash","floor":8},{"not_picked":["Deflect","Outmaneuver"],"picked":"Acrobatics","floor":10},{"not_picked":["Deadly Poison","Flying Knee"],"picked":"PiercingWail","floor":12},{"not_picked":["Flying Knee","Prepared"],"picked":"Adrenaline","floor":13},{"not_picked":["Deflect","Deadly Poison"],"picked":"Choke","floor":14},{"not_picked":["Night Terror","Venomology"],"picked":"Die Die Die","floor":16},{"not_picked":["Predator","Blade Dance"],"picked":"Slice+1","floor":18},{"not_picked":["Underhanded Strike","Concentrate"],"picked":"Backflip","floor":19},{"not_picked":["Setup","Underhanded Strike"],"picked":"Quick Slash","floor":21},{"not_picked":["Flying Knee","Outmaneuver"],"picked":"Caltrops","floor":22},{"not_picked":["Deflect","Die Die Die"],"picked":"PiercingWail","floor":23},{"not_picked":["Dagger Spray","Blade Dance"],"picked":"Leg Sweep","floor":28},{"not_picked":["All Out Attack","Slice"],"picked":"Dagger Spray+1","floor":29},{"not_picked":["Slice","Flying Knee"],"picked":"Poisoned Stab+1","floor":31}],"player_experience":478876,"relics_obtained":[{"floor":6,"key":"Smiling Mask"},{"floor":8,"key":"Ninja Scroll"},{"floor":13,"key":"Tiny Chest"},{"floor":23,"key":"Anchor"},{"floor":26,"key":"Gremlin Horn"},{"floor":29,"key":"Orichalcum"}],"event_choices":[{"damage_healed":0,"gold_gain":0,"player_choice":"Forge","damage_taken":0,"max_hp_gain":0,"max_hp_loss":0,"event_name":"Accursed Blacksmith","floor":2,"gold_loss":0,"cards_upgraded":["Backstab"]},{"damage_healed":0,"gold_gain":0,"player_choice":"Bought 2 Potions","damage_taken":0,"max_hp_gain":0,"max_hp_loss":0,"event_name":"The Woman in Blue","floor":20,"gold_loss":0},{"cards_removed":["Concentrate"],"damage_healed":0,"gold_gain":0,"player_choice":"Elegance","damage_taken":0,"max_hp_gain":0,"max_hp_loss":0,"event_name":"Back to Basics","floor":25,"gold_loss":0}],"is_beta":false,"boss_relics":[{"not_picked":["Ring of the Serpent","Ectoplasm"],"picked":"Pandora\u0027s Box"}],"items_purged_floors":[11],"is_endless":false,"potions_floor_spawned":[1,3,7,8,13,19,28,29],"killed_by":"Champ","ascension_level":7}