{"gold_per_floor":[117,117,134,209,17,50,64,64,64,99,99,113,113,138,138,233,233,248,64,77,90,90,105,30,30,83,97,125,125,125,144,144,249,249,263,281,297,49,67,99,110,130,176,176,192,192,527,542,542,542],"floor_reached":51,"playtime":6942,"items_purged":["Defend_R"],"score":791,"play_id":"aedd99f8-1488-43d2-a111-846e5d6eacfe","local_time":"20181221030903","is_ascension_mode":false,"campfire_choices":[{"floor":8,"key":"REST"},{"floor":11,"key":"REST"},{"floor":15,"key":"REST"},{"floor":30,"key":"REST"},{"data":"Armaments","floor":32,"key":"SMITH"},{"floor":44,"key":"REST"},{"floor":49,"key":"REST"}],"neow_cost":"NONE","seed_source_timestamp":30693723423027,"circlet_count":0,"master_deck":["Bash","Armaments+1","Sword Boomerang","Infernal Blade","Intimidate","Feel No Pain","Flex","Shrug It Off","Feed","Battle Trance+1","Pummel+1","Blood for Blood+1","Metallicize+1","Inflame","Body Slam+1","Shrug It Off+1","Whirlwind","Headbutt+1","Warcry","Burning Pact","Barricade","Bloodletting","Clash+1","Body Slam+1","Metamorphosis","Headbutt+1","Pommel Strike+1","Iron Wave+1","Clash","Dual Wield","Shockwave","Clash"],"relics":["Burning Blood","Lantern","Torii","Champion Belt","Ornamental Fan","Anchor","Astrolabe","Happy Flower","Mummified Hand","Regal Pillow","Bag of Marbles","Empty Cage","Bronze Scales","Bag of Preparation","Letter Opener","Old Coin"],"potions_floor_usage":[16,16],"damage_taken":[{"damage":0,"enemies":"Small Slimes","floor":1,"turns":3},{"damage":1,"enemies":"Cultist","floor":3,"turns":4},{"damage":38,"enemies":"3 Sentries","floor":6,"turns":11},{"damage":1,"enemies":"2 Louse","floor":7,"turns":3},{"damage":38,"enemies":"Lagavulin","floor":10,"turns":7},{"damage":1,"enemies":"Looter","floor":12,"turns":2},{"damage":71,"enemies":"Slime Boss","floor":16,"turns":25},{"damage":0,"enemies":"Chosen","floor":18,"turns":4},{"damage":0,"enemies":"Shell Parasite","floor":20,"turns":4},{"damage":1,"enemies":"Snake Plant","floor":21,"turns":4},{"damage":7,"enemies":"Centurion and Healer","floor":23,"turns":7},{"damage":6,"enemies":"Snecko","floor":27,"turns":3},{"damage":10,"enemies":"Slavers","floor":28,"turns":5},{"damage":3,"enemies":"Snake Plant","floor":31,"turns":4},{"damage":33,"enemies":"Champ","floor":33,"turns":10},{"damage":0,"enemies":"3 Shapes","floor":35,"turns":6},{"damage":3,"enemies":"Orb Walker","floor":36,"turns":1},{"damage":0,"enemies":"3 Darklings","floor":37,"turns":5},{"damage":23,"enemies":"Jaw Worm Horde","floor":39,"turns":6},{"damage":3,"enemies":"Giant Head","floor":40,"turns":6},{"damage":53,"enemies":"4 Shapes","floor":41,"turns":4},{"damage":31,"enemies":"Writhing Mass","floor":42,"turns":6},{"damage":0,"enemies":"Sphere and 2 Shapes","floor":45,"turns":3},{"damage":25,"enemies":"Nemesis","floor":47,"turns":4},{"damage":3,"enemies":"Spire Growth","floor":48,"turns":4},{"damage":18,"enemies":"Awakened One","floor":50,"turns":8}],"seed_played":"1628245741109591042","potions_obtained":[{"floor":3,"key":"AttackPotion"},{"floor":10,"key":"Swift Potion"},{"floor":12,"key":"Explosive Potion"},{"floor":16,"key":"Poison Potion"},{"floor":21,"key":"Ancient Potion"},{"floor":36,"key":"Energy Potion"}],"is_trial":false,"path_per_floor":["M","?","M","?","$","E","M","R","T","E","R","M","?","T","R","B",null,"M","$","M","M","?","M","?","?","T","M","E","?","R","M","R","B",null,"M","M","M","$","M","E","M","M","T","R","M","?","E","M","R","B",null],"character_chosen":"IRONCLAD","items_purchased":["Lantern","Infernal Blade","Happy Flower","Inflame","Metamorphosis"],"campfire_rested":6,"item_purchase_floors":[5,5,19,19,38],"current_hp_per_floor":[80,80,80,69,69,37,42,66,66,34,58,63,63,63,80,15,80,80,80,83,86,86,88,88,88,88,88,87,69,97,97,97,70,97,100,100,100,100,86,89,45,20,20,66,72,72,53,56,102,90],"gold":542,"neow_bonus":"REMOVE_CARD","is_prod":false,"is_daily":false,"chose_seed":false,"campfire_upgraded":1,"win_rate":0.0,"timestamp":1545379743,"path_taken":["M","?","?","?","$","E","M","R","T","E","R","M","?","?","R","BOSS","M","$","M","M","?","?","?","?","T","M","E","?","R","M","R","BOSS","M","M","M","$","M","E","M","M","T","R","M","?","E","M","R","BOSS"],"build_version":"2018-12-20","purchased_purges":1,"victory":true,"max_hp_per_floor":[80,80,80,80,80,80,80,80,80,80,80,80,80,80,80,80,80,80,80,83,86,86,89,89,89,89,89,92,97,97,97,97,97,97,100,100,100,100,103,103,106,106,106,106,106,106,106,106,106,106],"card_choices":[{"not_picked":["Sword Boomerang","Flex"],"picked":"Armaments","floor":1},{"not_picked":["Reckless Charge","Perfected Strike"],"picked":"Sword Boomerang","floor":3},{"not_picked":["Body Slam","Anger"],"picked":"Intimidate","floor":6},{"not_picked":["Body Slam","Headbutt"],"picked":"Feel No Pain","floor":7},{"not_picked":["Power Through","Clash"],"picked":"Flex","floor":10},{"not_picked":["Body Slam","Twin Strike"],"picked":"Shrug It Off","floor":12},{"not_picked":["Offering","Dark Embrace"],"picked":"Feed","floor":16},{"not_picked":["Body Slam","Inflame+1"],"picked":"Metallicize+1","floor":18},{"not_picked":["Bloodletting+1","True Grit"],"picked":"Body Slam+1","floor":20},{"not_picked":["Inflame","Twin Strike"],"picked":"Shrug It Off+1","floor":21},{"not_picked":["Shockwave","Offering"],"picked":"Whirlwind","floor":23},{"not_picked":["Pummel","Cleave"],"picked":"Headbutt+1","floor":27},{"not_picked":["Offering","Entrench"],"picked":"Warcry","floor":28},{"not_picked":["Reckless Charge","Perfected Strike+1"],"picked":"Burning Pact","floor":31},{"not_picked":["Demon Form","Berserk"],"picked":"Barricade","floor":33},{"not_picked":["Combust","Perfected Strike+1"],"picked":"Bloodletting","floor":35},{"not_picked":["Clothesline","Body Slam"],"picked":"Clash+1","floor":36},{"not_picked":["True Grit+1","Anger"],"picked":"Body Slam+1","floor":37},{"not_picked":["Rupture+1","True Grit+1"],"picked":"Headbutt+1","floor":39},{"not_picked":["Cleave","Clothesline"],"picked":"Pommel Strike+1","floor":40},{"not_picked":["Pommel Strike+1","True Grit"],"picked":"Iron Wave+1","floor":41},{"not_picked":["Headbutt+1","Shrug It Off"],"picked":"Clash","floor":42},{"not_picked":["Armaments+1","Metallicize"],"picked":"Dual Wield","floor":45},{"not_picked":["Feel No Pain+1","Brutality"],"picked":"Shockwave","floor":47},{"not_picked":["Headbutt","True Grit+1"],"picked":"Clash","floor":48}],"player_experience":4382,"relics_obtained":[{"floor":6,"key":"Torii"},{"floor":9,"key":"Champion Belt"},{"floor":10,"key":"Ornamental Fan"},{"floor":14,"key":"Anchor"},{"floor":26,"key":"Regal Pillow"},{"floor":28,"key":"Bag of Marbles"},{"floor":40,"key":"Bronze Scales"},{"floor":43,"key":"Bag of Preparation"},{"floor":46,"key":"Letter Opener"},{"floor":47,"key":"Old Coin"}],"event_choices":[{"cards_removed":["Defend_R"],"damage_healed":0,"gold_gain":0,"player_choice":"Purged","damage_taken":0,"max_hp_gain":0,"max_hp_loss":0,"event_name":"Purifier","floor":2,"gold_loss":0},{"damage_healed":0,"gold_gain":75,"player_choice":"Gather Gold","damage_taken":11,"max_hp_gain":0,"max_hp_loss":0,"event_name":"World of Goop","floor":4,"gold_loss":0},{"damage_healed":0,"gold_gain":0,"player_choice":"Ignored","damage_taken":0,"max_hp_gain":0,"max_hp_loss":0,"event_name":"Liars Game","floor":13,"gold_loss":0},{"damage_healed":0,"gold_gain":0,"player_choice":"Ignored","damage_taken":0,"max_hp_gain":0,"max_hp_loss":0,"event_name":"N\u0027loth","floor":22,"gold_loss":0},{"cards_removed":["Defend_R"],"damage_healed":0,"gold_gain":0,"player_choice":"Gave Gold","damage_taken":0,"max_hp_gain":0,"max_hp_loss":0,"event_name":"Beggar","floor":24,"gold_loss":75},{"damage_healed":0,"gold_gain":0,"player_choice":"Opened","damage_taken":0,"relics_obtained":["Mummified Hand"],"max_hp_gain":0,"max_hp_loss":0,"event_name":"The Mausoleum","floor":25,"gold_loss":0},{"damage_healed":0,"gold_gain":0,"player_choice":"Shed Blood","damage_taken":23,"max_hp_gain":5,"max_hp_loss":0,"event_name":"Forgotten Altar","floor":29,"gold_loss":0},{"damage_healed":0,"gold_gain":0,"player_choice":"Relic","damage_taken":0,"max_hp_gain":0,"max_hp_loss":0,"event_name":"Wheel of Change","floor":46,"gold_loss":0}],"is_beta":false,"boss_relics":[{"not_picked":["Philosopher\u0027s Stone","Sozu"],"picked":"Astrolabe"},{"not_picked":["Black Blood","Mark of Pain"],"picked":"Empty Cage"}],"items_purged_floors":[38],"is_endless":false,"potions_floor_spawned":[3,10,12,16,21,23,31,36,39,41,47],"ascension_level":0}