{"gold_per_floor":[114,114,114,114,127,158,158,176,200,200,125,148,176,176,176,176],"floor_reached":16,"playtime":588,"items_purged":["Strike_B"],"score":113,"play_id":"d4c1d148-f173-49bf-9554-d38e0bc7f02e","local_time":"20190419112647","is_ascension_mode":true,"campfire_choices":[{"data":"Zap","floor":7,"key":"SMITH"},{"data":"Creative AI","floor":10,"key":"SMITH"},{"floor":15,"key":"REST"}],"neow_cost":"TEN_PERCENT_HP_LOSS","seed_source_timestamp":699814075087086,"circlet_count":0,"master_deck":["Strike_B","Defend_B","Defend_B","Defend_B","Zap+1","Dualcast","BootSequence","Creative AI+1","Conserve Battery","Thunder Strike"],"relics":["Cracked Core","Golden Idol","Ancient Tea Set","Ginger","Bronze Scales","Odd Mushroom"],"potions_floor_usage":[6,13],"damage_taken":[{"damage":4,"enemies":"Small Slimes","floor":1,"turns":4},{"damage":1,"enemies":"2 Louse","floor":5,"turns":3},{"damage":33,"enemies":"Gremlin Nob","floor":6,"turns":4},{"damage":2,"enemies":"Jaw Worm","floor":8,"turns":4},{"damage":3,"enemies":"Blue Slaver","floor":12,"turns":4},{"damage":0,"enemies":"The Mushroom Lair","floor":13,"turns":4},{"damage":26,"enemies":"The Guardian","floor":16,"turns":5}],"seed_played":"2284372372053814003","potions_obtained":[{"floor":1,"key":"Strength Potion"},{"floor":8,"key":"EssenceOfSteel"},{"floor":13,"key":"FearPotion"}],"is_trial":false,"path_per_floor":["M","?","?","?","M","E","R","M","T","R","$","M","?","?","R","B"],"character_chosen":"DEFECT","items_purchased":[],"campfire_rested":1,"item_purchase_floors":[],"current_hp_per_floor":[64,47,40,40,39,6,6,4,4,4,4,1,1,1,21,0],"gold":176,"neow_bonus":"REMOVE_TWO","is_prod":false,"is_daily":false,"chose_seed":false,"campfire_upgraded":2,"win_rate":0,"timestamp":1555669607,"path_taken":["M","?","?","?","M","E","R","M","T","R","$","?","?","?","R","BOSS"],"build_version":"2019-01-23","purchased_purges":1,"victory":false,"max_hp_per_floor":[68,68,68,68,68,68,68,68,68,68,68,68,68,68,68,68],"card_choices":[{"not_picked":["Barrage","Rebound"],"picked":"BootSequence","floor":1},{"not_picked":["Rebound","Beam Cell","Coolheaded"],"picked":"SKIP","floor":5},{"not_picked":["Darkness","Consume"],"picked":"Creative AI","floor":6},{"not_picked":["Rebound","Compile Driver","Scrape"],"picked":"SKIP","floor":8},{"not_picked":["Rebound","Cold Snap"],"picked":"Conserve Battery","floor":12}],"player_experience":175033,"relics_obtained":[{"floor":6,"key":"Ginger"},{"floor":9,"key":"Bronze Scales"},{"floor":13,"key":"Odd Mushroom"}],"event_choices":[{"damage_healed":0,"gold_gain":0,"player_choice":"Take Damage","damage_taken":17,"relics_obtained":["Golden Idol"],"max_hp_gain":0,"max_hp_loss":0,"event_name":"Golden Idol","floor":2,"gold_loss":0},{"damage_healed":0,"gold_gain":0,"player_choice":"Success","damage_taken":7,"relics_obtained":["Ancient Tea Set"],"max_hp_gain":0,"max_hp_loss":0,"event_name":"Scrap Ooze","floor":3,"gold_loss":0},{"damage_healed":0,"gold_gain":0,"player_choice":"Ignored","damage_taken":0,"max_hp_gain":0,"max_hp_loss":0,"event_name":"Liars Game","floor":4,"gold_loss":0},{"damage_healed":0,"gold_gain":0,"player_choice":"Fought Mushrooms","damage_taken":0,"max_hp_gain":0,"max_hp_loss":0,"event_name":"Mushrooms","floor":13,"gold_loss":0},{"damage_healed":0,"gold_gain":0,"cards_transformed":["Strike_B"],"player_choice":"Transformed","damage_taken":0,"max_hp_gain":0,"max_hp_loss":0,"event_name":"Transmorgrifier","floor":14,"gold_loss":0,"cards_obtained":["Thunder Strike"]}],"is_beta":false,"boss_relics":[],"items_purged_floors":[11],"is_endless":false,"potions_floor_spawned":[1,8,13],"killed_by":"The Guardian","ascension_level":3}