{"gold_per_floor":[114,114,114,39,39,66,79,79,130,157,177,212,224,235,235,340,340,265,34,45,64,64,99,99],"floor_reached":24,"playtime":1782,"items_purged":["Strike_G"],"score":257,"play_id":"f688d6b8-21e5-40b7-8074-2d5a2fcb47f7","local_time":"20181231001045","is_ascension_mode":true,"campfire_choices":[{"data":"Backflip","floor":8,"key":"SMITH"},{"data":"1","floor":15,"key":"LIFT"}],"neow_cost":"NONE","seed_source_timestamp":110448564422200,"circlet_count":0,"master_deck":["Defend_G","Defend_G","Defend_G","Defend_G","Strike_G","Strike_G","Strike_G","Survivor","Neutralize","PiercingWail","Footwork+1","Bouncing Flask","Backflip+1","Noxious Fumes","Backflip","Envenom","Dagger Throw","Dash","Unload","Backflip","Footwork","Glass Knife","Well Laid Plans","PiercingWail","RitualDagger","Cloak And Dagger"],"relics":["Ring of the Snake","NeowsBlessing","Gremlin Horn","Mercury Hourglass","Girya","Black Star","Blue Candle","Smiling Mask"],"potions_floor_usage":[10,10,10,13,16,16,21,23],"damage_taken":[{"damage":0,"enemies":"Small Slimes","floor":1,"turns":1},{"damage":1,"enemies":"3 Sentries","floor":6,"turns":2},{"damage":0,"enemies":"Jaw Worm","floor":7,"turns":1},{"damage":2,"enemies":"Gremlin Nob","floor":10,"turns":5},{"damage":0,"enemies":"2 Louse","floor":11,"turns":2},{"damage":3,"enemies":"3 Sentries","floor":12,"turns":8},{"damage":1,"enemies":"Exordium Thugs","floor":13,"turns":5},{"damage":0,"enemies":"Looter","floor":14,"turns":4},{"damage":14,"enemies":"Hexaghost","floor":16,"turns":12},{"damage":13,"enemies":"2 Thieves","floor":18,"turns":5},{"damage":16,"enemies":"Spheric Guardian","floor":20,"turns":7},{"damage":22,"enemies":"3 Cultists","floor":21,"turns":7},{"damage":12,"enemies":"Book of Stabbing","floor":23,"turns":7},{"damage":1,"enemies":"Snake Plant","floor":24,"turns":4}],"seed_played":"8897260853652786275","potions_obtained":[{"floor":7,"key":"EntropicBrew"},{"floor":10,"key":"SkillPotion"},{"floor":12,"key":"Strength Potion"},{"floor":13,"key":"SpeedPotion"},{"floor":21,"key":"Poison Potion"}],"is_trial":false,"path_per_floor":["M","?","?","$","?","E","M","R","T","E","M","E","M","M","R","B",null,"M","$","M","M","?","E","M"],"character_chosen":"THE_SILENT","items_purchased":["Footwork","Glass Knife"],"campfire_rested":0,"item_purchase_floors":[19,19],"current_hp_per_floor":[70,70,63,63,63,62,62,62,62,60,60,57,56,56,56,42,70,57,57,41,19,13,1,0],"gold":99,"neow_bonus":"THREE_ENEMY_KILL","is_prod":false,"is_daily":false,"chose_seed":false,"campfire_upgraded":1,"win_rate":0,"timestamp":1546233045,"path_taken":["M","?","?","?","?","E","M","R","T","E","M","E","M","M","R","BOSS","M","$","M","M","?","E","M"],"build_version":"2018-12-20","purchased_purges":1,"victory":false,"max_hp_per_floor":[70,70,70,70,70,70,70,70,70,70,70,70,70,70,70,70,70,70,70,70,70,70,70,70],"card_choices":[{"not_picked":["Underhanded Strike","Expertise"],"picked":"PiercingWail","floor":1},{"not_picked":["Blade Dance","Quick Slash"],"picked":"Bouncing Flask","floor":6},{"not_picked":["Deadly Poison","Concentrate"],"picked":"Backflip","floor":7},{"not_picked":["Dodge and Roll","Wraith Form v2"],"picked":"Noxious Fumes","floor":10},{"not_picked":["Dagger Spray","Dagger Throw"],"picked":"Backflip","floor":11},{"not_picked":["Endless Agony","Escape Plan"],"picked":"Envenom","floor":12},{"not_picked":["Dagger Spray","Eviscerate"],"picked":"Dagger Throw","floor":13},{"not_picked":["Slice","Setup"],"picked":"Dash","floor":14},{"not_picked":["Die Die Die","Doppelganger"],"picked":"Unload","floor":16},{"not_picked":["Quick Slash+1","Dagger Throw"],"picked":"Backflip","floor":18},{"not_picked":["Dodge and Roll+1","Backflip+1"],"picked":"Well Laid Plans","floor":20},{"not_picked":["Acrobatics","Finisher"],"picked":"PiercingWail","floor":21},{"not_picked":["Flechettes","Quick Slash"],"picked":"Cloak And Dagger","floor":23}],"player_experience":290586,"relics_obtained":[{"floor":6,"key":"Gremlin Horn"},{"floor":10,"key":"Mercury Hourglass"},{"floor":12,"key":"Girya"},{"floor":23,"key":"Blue Candle"},{"floor":23,"key":"Smiling Mask"}],"event_choices":[{"damage_healed":0,"gold_gain":0,"cards_transformed":["Strike_G"],"player_choice":"Change","damage_taken":0,"max_hp_gain":0,"max_hp_loss":0,"event_name":"Living Wall","floor":2,"gold_loss":0,"cards_obtained":["Footwork"]},{"cards_removed":["Defend_G"],"damage_healed":0,"gold_gain":0,"player_choice":"Card Removal","damage_taken":7,"max_hp_gain":0,"max_hp_loss":0,"event_name":"Golden Wing","floor":3,"gold_loss":0},{"damage_healed":0,"gold_gain":0,"player_choice":"Upgraded","damage_taken":0,"max_hp_gain":0,"max_hp_loss":0,"event_name":"Upgrade Shrine","floor":5,"gold_loss":0,"cards_upgraded":["Footwork"]},{"damage_healed":0,"gold_gain":0,"player_choice":"Joined the Cult","damage_taken":6,"max_hp_gain":0,"max_hp_loss":0,"event_name":"Nest","floor":22,"gold_loss":0,"cards_obtained":["RitualDagger"]}],"is_beta":false,"boss_relics":[{"not_picked":["Eternal Feather","Busted Crown"],"picked":"Black Star"}],"items_purged_floors":[4],"is_endless":false,"potions_floor_spawned":[7,10,12,13,21],"killed_by":"Snake Plant","ascension_level":2}