{"gold_per_floor":[112,124,124,141,141,141,170,46,72,402,420,420,438,438,438,536,536,546,546,561,579,589,589],"floor_reached":23,"playtime":1242,"items_purged":[],"score":264,"play_id":"83efc079-8ac8-46b1-9b03-eb16e1b3b24f","local_time":"20190211184052","is_ascension_mode":true,"campfire_choices":[{"floor":6,"key":"REST"},{"floor":12,"key":"REST"},{"floor":15,"key":"REST"}],"neow_cost":"NONE","seed_source_timestamp":9313253514363,"circlet_count":0,"master_deck":["Strike_B","Strike_B","Strike_B","Strike_B","Defend_B","Defend_B","Defend_B","Defend_B","Zap","Dualcast","White Noise","White Noise","Genetic Algorithm","Coolheaded","Doom and Gloom","Core Surge","White Noise","Electrodynamics","Sunder+1","Reprogram","Loop","Coolheaded"],"relics":["Cracked Core","Lantern","Mummified Hand","Tiny Chest","Old Coin","The Courier","Fusion Hammer"],"potions_floor_usage":[13,13,16,20,22],"damage_taken":[{"damage":7,"enemies":"Small Slimes","floor":1,"turns":3},{"damage":13,"enemies":"Jaw Worm","floor":2,"turns":4},{"damage":6,"enemies":"Cultist","floor":4,"turns":3},{"damage":30,"enemies":"Gremlin Nob","floor":7,"turns":4},{"damage":8,"enemies":"Lagavulin","floor":10,"turns":7},{"damage":0,"enemies":"Large Slime","floor":11,"turns":5},{"damage":6,"enemies":"Looter","floor":13,"turns":2},{"damage":17,"enemies":"The Guardian","floor":16,"turns":13},{"damage":11,"enemies":"Shell Parasite","floor":18,"turns":5},{"damage":0,"enemies":"3 Byrds","floor":20,"turns":1},{"damage":30,"enemies":"Snake Plant","floor":21,"turns":3},{"damage":0,"enemies":"Cultist and Chosen","floor":22,"turns":5},{"damage":24,"enemies":"Slavers","floor":23,"turns":1}],"seed_played":"2494249019495785953","potions_obtained":[{"floor":1,"key":"Explosive Potion"},{"floor":10,"key":"Swift Potion"},{"floor":11,"key":"PowerPotion"},{"floor":13,"key":"SkillPotion"},{"floor":16,"key":"Explosive Potion"}],"is_trial":false,"path_per_floor":["M","M","?","M","?","R","E","$","T","E","M","R","M","T","R","B",null,"M","?","M","M","M","E"],"character_chosen":"DEFECT","items_purchased":["Tiny Chest"],"campfire_rested":3,"item_purchase_floors":[8],"current_hp_per_floor":[61,48,48,42,30,52,22,22,22,14,14,36,30,30,52,35,65,54,54,54,24,24,0],"gold":589,"neow_bonus":"RANDOM_COLORLESS","is_prod":false,"is_daily":false,"chose_seed":false,"campfire_upgraded":0,"win_rate":0,"timestamp":1549928452,"path_taken":["M","M","?","M","?","R","E","?","T","E","M","R","M","?","R","BOSS","M","?","M","?","M","E"],"build_version":"2019-01-23","purchased_purges":0,"victory":false,"max_hp_per_floor":[75,75,75,75,75,75,75,75,75,75,75,75,75,75,75,75,75,75,75,75,75,75,75],"card_choices":[{"not_picked":["Redo","Consume"],"picked":"White Noise","floor":1},{"not_picked":["Melter","Gash"],"picked":"White Noise","floor":2},{"not_picked":["Rip and Tear","Sweeping Beam"],"picked":"Genetic Algorithm","floor":4},{"not_picked":["Loop","Undo"],"picked":"Coolheaded","floor":7},{"not_picked":["Coolheaded","Scrape"],"picked":"Doom and Gloom","floor":10},{"not_picked":["Coolheaded","Barrage"],"picked":"Core Surge","floor":11},{"not_picked":["Hologram","Stack"],"picked":"White Noise","floor":13},{"not_picked":["Thunder Strike","Seek"],"picked":"Electrodynamics","floor":16},{"not_picked":["Undo+1","Steam Power"],"picked":"Sunder+1","floor":18},{"not_picked":["Barrage+1","Double Energy"],"picked":"Reprogram","floor":20},{"not_picked":["Double Energy+1","Aggregate"],"picked":"Loop","floor":21},{"not_picked":["Sweeping Beam","Sunder"],"picked":"Coolheaded","floor":22}],"player_experience":456219,"relics_obtained":[{"floor":7,"key":"Mummified Hand"},{"floor":10,"key":"Old Coin"},{"floor":14,"key":"The Courier"}],"event_choices":[{"damage_healed":0,"gold_gain":0,"player_choice":"Ignored","damage_taken":0,"max_hp_gain":0,"max_hp_loss":0,"event_name":"Golden Wing","floor":3,"gold_loss":0},{"damage_healed":0,"gold_gain":0,"player_choice":"Success","damage_taken":12,"relics_obtained":["Lantern"],"max_hp_gain":0,"max_hp_loss":0,"event_name":"Scrap Ooze","floor":5,"gold_loss":0},{"cards_removed":["Purity"],"damage_healed":0,"gold_gain":0,"player_choice":"Purged","damage_taken":0,"max_hp_gain":0,"max_hp_loss":0,"event_name":"Purifier","floor":19,"gold_loss":0}],"is_beta":false,"boss_relics":[{"not_picked":["Eternal Feather","Velvet Choker"],"picked":"Fusion Hammer"}],"items_purged_floors":[],"is_endless":false,"potions_floor_spawned":[1,10,11,13,16],"killed_by":"Slavers","ascension_level":6}