{"gold_per_floor":[111,125,125,143,157,157,191,191,245,276,31,57,57,67,67,167,167,183,203,128,138,138,138,148,98,98,113,212,238,238,238,238,333,333,353,119,134,20,30,30,63,63,89,89,143,154,183,183,183,203],"floor_reached":51,"playtime":2715,"items_purged":["Strike_R","Strike_R","Strike_R","Reckless Charge+1"],"score":908,"play_id":"9c70e5a3-b9ac-4faf-b85e-2af38d370abb","local_time":"20190414170112","is_ascension_mode":true,"campfire_choices":[{"data":"Rampage","floor":6,"key":"SMITH"},{"data":"Carnage","floor":8,"key":"SMITH"},{"data":"Juggernaut","floor":13,"key":"SMITH"},{"data":"Bludgeon","floor":15,"key":"SMITH"},{"data":"Demon Form","floor":23,"key":"SMITH"},{"data":"Defend_R","floor":30,"key":"SMITH"},{"data":"Defend_R","floor":32,"key":"SMITH"},{"data":"Bash","floor":40,"key":"SMITH"},{"data":"Defend_R","floor":42,"key":"SMITH"},{"data":"Defend_R","floor":44,"key":"SMITH"},{"data":"Sever Soul","floor":49,"key":"SMITH"}],"neow_cost":"NONE","seed_source_timestamp":285734711942850,"circlet_count":0,"master_deck":["Defend_R+1","Defend_R+1","Defend_R+1","Defend_R+1","Bash+1","Carnage+1","Rampage+1","Juggernaut+1","Bludgeon+1","Pummel","Demon Form+1","Reckless Charge+1","Infernal Blade+1","Berserk","Bludgeon+1","Corruption","Dual Wield+1","Sever Soul+1","Magnetism","Magnetism","Deep Breath+1"],"relics":["Burning Blood","Sundial","Lantern","Anchor","Dead Branch","Membership Card","Ornamental Fan","Coffee Dripper","Toxic Egg 2","PreservedInsect","Snecko Eye","DollysMirror","Juzu Bracelet","Art of War","Red Skull","Blood Vial","Smiling Mask"],"potions_floor_usage":[10,12,16,24,33,50,50,50],"damage_taken":[{"damage":14,"enemies":"Jaw Worm","floor":1,"turns":7},{"damage":1,"enemies":"Cultist","floor":2,"turns":3},{"damage":2,"enemies":"2 Louse","floor":4,"turns":3},{"damage":9,"enemies":"Blue Slaver","floor":5,"turns":4},{"damage":35,"enemies":"3 Sentries","floor":7,"turns":8},{"damage":0,"enemies":"Gremlin Nob","floor":10,"turns":2},{"damage":33,"enemies":"Lagavulin","floor":12,"turns":5},{"damage":6,"enemies":"Exordium Thugs","floor":14,"turns":4},{"damage":39,"enemies":"Slime Boss","floor":16,"turns":10},{"damage":0,"enemies":"Spheric Guardian","floor":18,"turns":1},{"damage":4,"enemies":"2 Thieves","floor":19,"turns":4},{"damage":12,"enemies":"3 Cultists","floor":21,"turns":5},{"damage":9,"enemies":"Centurion and Healer","floor":24,"turns":4},{"damage":5,"enemies":"Snecko","floor":27,"turns":3},{"damage":20,"enemies":"Gremlin Leader","floor":29,"turns":4},{"damage":60,"enemies":"Champ","floor":33,"turns":7},{"damage":0,"enemies":"Orb Walker","floor":35,"turns":1},{"damage":14,"enemies":"3 Darklings","floor":37,"turns":4},{"damage":0,"enemies":"Sphere and 2 Shapes","floor":39,"turns":2},{"damage":0,"enemies":"Giant Head","floor":41,"turns":2},{"damage":0,"enemies":"Maw","floor":46,"turns":3},{"damage":0,"enemies":"Reptomancer","floor":47,"turns":3},{"damage":32,"enemies":"Awakened One","floor":50,"turns":5}],"seed_played":"-259892104411608474","potions_obtained":[{"floor":2,"key":"Dexterity Potion"},{"floor":5,"key":"BloodPotion"},{"floor":7,"key":"Strength Potion"},{"floor":16,"key":"AttackPotion"},{"floor":19,"key":"PowerPotion"},{"floor":24,"key":"AttackPotion"},{"floor":33,"key":"SpeedPotion"},{"floor":35,"key":"Poison Potion"},{"floor":46,"key":"SneckoOil"},{"floor":47,"key":"SkillPotion"}],"is_trial":false,"path_per_floor":["M","M","?","M","M","R","E","R","T","E","$","E","R","M","R","B",null,"M","M","?","M","?","R","M","$","T","M","?","E","R","?","R","B",null,"M","$","M","$","M","R","E","R","T","R","T","M","E","?","R","B",null],"character_chosen":"IRONCLAD","items_purchased":["Membership Card","DollysMirror","Juzu Bracelet","Corruption"],"campfire_rested":0,"item_purchase_floors":[11,36,36,38],"current_hp_per_floor":[80,85,85,88,85,85,56,56,56,62,62,35,35,35,35,10,88,88,88,88,82,82,82,79,79,79,80,80,66,66,66,66,12,88,88,88,80,80,86,86,88,88,88,88,88,88,88,78,78,54],"gold":203,"neow_bonus":"TEN_PERCENT_HP_BONUS","is_prod":false,"is_daily":false,"chose_seed":false,"campfire_upgraded":11,"win_rate":0,"timestamp":1555257672,"path_taken":["M","M","?","?","M","R","E","R","T","E","$","E","R","M","R","BOSS","M","M","?","M","?","R","?","$","T","?","?","E","R","?","R","BOSS","M","$","M","$","M","R","E","R","T","R","?","M","E","?","R","BOSS"],"build_version":"2019-01-23","purchased_purges":4,"victory":true,"max_hp_per_floor":[88,88,88,88,88,88,88,88,88,88,88,88,88,88,88,88,88,88,88,88,88,88,88,88,88,88,88,88,88,88,88,88,88,88,88,88,88,88,88,88,88,88,88,88,88,88,88,88,88,88],"card_choices":[{"not_picked":["Havoc","True Grit"],"picked":"Clash","floor":1},{"not_picked":["Entrench","Body Slam"],"picked":"Carnage","floor":2},{"not_picked":["True Grit","Thunderclap","Flex"],"picked":"SKIP","floor":4},{"not_picked":["Hemokinesis","Evolve"],"picked":"Rampage","floor":5},{"not_picked":["Perfected Strike","Twin Strike"],"picked":"Juggernaut","floor":7},{"not_picked":["Wild Strike","Uppercut"],"picked":"Bludgeon","floor":10},{"not_picked":["Perfected Strike","Second Wind"],"picked":"Pummel","floor":12},{"not_picked":["True Grit","Heavy Blade","Dual Wield"],"picked":"SKIP","floor":14},{"not_picked":["Reaper","Limit Break"],"picked":"Demon Form","floor":16},{"not_picked":["Wild Strike+1","True Grit+1","Perfected Strike"],"picked":"SKIP","floor":18},{"not_picked":["Wild Strike","Exhume","Heavy Blade"],"picked":"SKIP","floor":19},{"not_picked":["Headbutt+1","Inflame","Clothesline+1"],"picked":"SKIP","floor":21},{"not_picked":["Combust","Twin Strike"],"picked":"Reckless Charge+1","floor":24},{"not_picked":["Hemokinesis","Shrug It Off+1"],"picked":"Reckless Charge+1","floor":27},{"not_picked":["Flame Barrier+1","Cleave"],"picked":"Infernal Blade+1","floor":29},{"not_picked":["Limit Break+1","Fiend Fire"],"picked":"Berserk","floor":33},{"not_picked":["Body Slam+1","Clash","Iron Wave+1"],"picked":"SKIP","floor":35},{"not_picked":["Entrench+1","Thunderclap+1","Heavy Blade+1"],"picked":"SKIP","floor":37},{"not_picked":["Seeing Red+1","Clash","Disarm+1"],"picked":"SKIP","floor":39},{"not_picked":["Infernal Blade+1","Pommel Strike","Anger"],"picked":"SKIP","floor":41},{"not_picked":["Battle Trance+1","Infernal Blade+1"],"picked":"Dual Wield+1","floor":46},{"not_picked":["Flex+1","Sentinel+1"],"picked":"Sever Soul","floor":47},{"not_picked":["Transmutation+1","Dark Shackles+1"],"picked":"Magnetism","floor":48},{"not_picked":["Blind+1","Jack Of All Trades+1"],"picked":"Magnetism","floor":48},{"not_picked":["Impatience+1","Secret Weapon+1"],"picked":"Deep Breath+1","floor":48}],"player_experience":157329,"relics_obtained":[{"floor":7,"key":"Lantern"},{"floor":9,"key":"Anchor"},{"floor":10,"key":"Dead Branch"},{"floor":12,"key":"Ornamental Fan"},{"floor":26,"key":"Toxic Egg 2"},{"floor":29,"key":"PreservedInsect"},{"floor":41,"key":"Art of War"},{"floor":43,"key":"Red Skull"},{"floor":45,"key":"Blood Vial"},{"floor":47,"key":"Smiling Mask"}],"event_choices":[{"cards_removed":["Clash"],"damage_healed":0,"gold_gain":0,"player_choice":"Gave Card","damage_taken":0,"relics_obtained":["Sundial"],"max_hp_gain":0,"max_hp_loss":0,"event_name":"WeMeetAgain","floor":3,"gold_loss":0},{"cards_removed":["Strike_R"],"damage_healed":0,"gold_gain":0,"player_choice":"Gave Gold","damage_taken":0,"max_hp_gain":0,"max_hp_loss":0,"event_name":"Beggar","floor":20,"gold_loss":75},{"damage_healed":0,"gold_gain":0,"player_choice":"Ignored","damage_taken":0,"max_hp_gain":0,"max_hp_loss":0,"event_name":"N\u0027loth","floor":22,"gold_loss":0},{"damage_healed":0,"gold_gain":99,"player_choice":"Stole From Cult","damage_taken":0,"max_hp_gain":0,"max_hp_loss":0,"event_name":"Nest","floor":28,"gold_loss":0},{"cards_removed":["Strike_R"],"damage_healed":0,"gold_gain":0,"player_choice":"Offered Basic","damage_taken":0,"max_hp_gain":0,"max_hp_loss":0,"event_name":"Bonfire Elementals","floor":31,"gold_loss":0},{"damage_healed":0,"gold_gain":0,"player_choice":"Memory 3","damage_taken":10,"max_hp_gain":0,"max_hp_loss":0,"event_name":"SensoryStone","floor":48,"gold_loss":0}],"is_beta":false,"boss_relics":[{"not_picked":["Astrolabe","Eternal Feather"],"picked":"Coffee Dripper"},{"not_picked":["Tiny House","Cursed Key"],"picked":"Snecko Eye"}],"items_purged_floors":[11,25,36,38],"is_endless":false,"potions_floor_spawned":[2,5,7,16,19,24,33,35,46,47],"ascension_level":3}