{"gold_per_floor":[116,126,126,142,153,153,187,187,187,212,0,11,29,54,54,159,159,172,262,281,293,293],"floor_reached":22,"playtime":1189,"items_purged":[],"score":322,"play_id":"ed192fd7-62c8-4b16-8906-6f1f90abaee4","local_time":"20190915144755","is_ascension_mode":true,"campfire_choices":[{"data":"Bash","floor":6,"key":"SMITH"},{"floor":15,"key":"REST"}],"neow_cost":"NONE","seed_source_timestamp":246319069177200,"circlet_count":0,"master_deck":["AscendersBane","Strike_R","Strike_R","Strike_R","Strike_R","Strike_R","Defend_R","Defend_R","Defend_R","Defend_R","Bash+1","Limit Break","Rage+1","Iron Wave","Clash","Battle Trance","Dropkick","Regret","Flex","Armaments","Metallicize","Battle Trance","Juggernaut","Shrug It Off","Madness","PanicButton","Sentinel+1","Wild Strike+1"],"relics":["Burning Blood","Singing Bowl","Shovel","Dead Branch","Mummified Hand","Membership Card","Champion Belt","Sozu"],"potions_floor_usage":[5,12,16,18,20],"damage_taken":[{"damage":7,"enemies":"Small Slimes","floor":1,"turns":4},{"damage":5,"enemies":"Cultist","floor":2,"turns":4},{"damage":8,"enemies":"Jaw Worm","floor":4,"turns":4},{"damage":12,"enemies":"Exordium Wildlife","floor":5,"turns":4},{"damage":15,"enemies":"Lagavulin","floor":7,"turns":5},{"damage":52,"enemies":"Gremlin Nob","floor":10,"turns":5},{"damage":3,"enemies":"Large Slime","floor":12,"turns":5},{"damage":0,"enemies":"Looter","floor":13,"turns":2},{"damage":29,"enemies":"3 Sentries","floor":14,"turns":9},{"damage":27,"enemies":"Hexaghost","floor":16,"turns":12},{"damage":5,"enemies":"Shell Parasite","floor":18,"turns":7},{"damage":12,"enemies":"Chosen","floor":20,"turns":5},{"damage":11,"enemies":"Snecko","floor":21,"turns":5},{"damage":24,"enemies":"Shelled Parasite and Fungi","floor":22,"turns":5}],"seed_played":"-1062872659446911361","potions_obtained":[{"floor":4,"key":"SkillPotion"},{"floor":7,"key":"Regen Potion"},{"floor":12,"key":"Swift Potion"},{"floor":13,"key":"Ancient Potion"},{"floor":16,"key":"EssenceOfSteel"}],"is_trial":false,"path_per_floor":["M","M","?","M","M","R","E","?","T","E","$","M","M","E","R","B",null,"M","?","M","M","M"],"character_chosen":"IRONCLAD","items_purchased":["Membership Card","Armaments"],"campfire_rested":1,"item_purchase_floors":[11,11],"current_hp_per_floor":[71,72,72,70,64,64,55,55,55,9,9,26,34,11,35,14,65,66,34,28,23,0],"gold":293,"neow_bonus":"ONE_RANDOM_RARE_CARD","is_prod":false,"is_daily":false,"chose_seed":false,"campfire_upgraded":1,"win_rate":0,"timestamp":1568573275,"path_taken":["M","M","?","M","M","R","E","?","T","E","$","M","M","E","R","BOSS","M","?","?","M","M"],"build_version":"2019-07-17","purchased_purges":0,"victory":false,"max_hp_per_floor":[80,80,80,80,80,80,80,80,80,80,80,80,82,82,82,82,82,82,82,82,82,82],"card_choices":[{"not_picked":["Flex","Headbutt"],"picked":"Rage","floor":1},{"not_picked":["Wild Strike","Body Slam"],"picked":"Iron Wave","floor":2},{"not_picked":["Wild Strike","Thunderclap"],"picked":"Clash","floor":4},{"not_picked":["Twin Strike","Exhume"],"picked":"Battle Trance","floor":5},{"not_picked":["Barricade","Hemokinesis"],"picked":"Dropkick","floor":7},{"not_picked":["Shockwave","Clash"],"picked":"Flex","floor":10},{"not_picked":["Warcry","Evolve"],"picked":"Metallicize","floor":12},{"not_picked":["Sword Boomerang","Iron Wave","Searing Blow"],"picked":"Singing Bowl","floor":13},{"not_picked":["Spot Weakness","True Grit"],"picked":"Battle Trance","floor":14},{"not_picked":["Dark Embrace","Brutality"],"picked":"Juggernaut","floor":16},{"not_picked":["Pummel","Headbutt"],"picked":"Shrug It Off","floor":18},{"not_picked":["Twin Strike","Hemokinesis"],"picked":"Sentinel+1","floor":20},{"not_picked":["Body Slam","Headbutt"],"picked":"Wild Strike+1","floor":21}],"player_experience":625576,"relics_obtained":[{"floor":7,"key":"Singing Bowl"},{"floor":9,"key":"Dead Branch"},{"floor":10,"key":"Mummified Hand"},{"floor":14,"key":"Champion Belt"}],"event_choices":[{"damage_healed":0,"gold_gain":0,"player_choice":"Grow","damage_taken":0,"max_hp_gain":0,"max_hp_loss":0,"event_name":"Living Wall","floor":3,"gold_loss":0,"cards_upgraded":["Rage"]},{"damage_healed":0,"gold_gain":0,"player_choice":"Box","damage_taken":0,"relics_obtained":["Shovel"],"max_hp_gain":0,"max_hp_loss":0,"event_name":"Big Fish","floor":8,"gold_loss":0,"cards_obtained":["Regret"]},{"damage_healed":0,"gold_gain":90,"player_choice":"CARD GOLD CARD ","damage_taken":32,"max_hp_gain":0,"max_hp_loss":0,"event_name":"Knowing Skull","floor":19,"potions_obtained":[],"gold_loss":0,"cards_obtained":["Madness","PanicButton"]}],"is_beta":false,"boss_relics":[{"not_picked":["Runic Cube","Runic Pyramid"],"picked":"Sozu"}],"items_purged_floors":[],"is_endless":false,"potions_floor_spawned":[4,7,12,13,16,20],"killed_by":"Shelled Parasite and Fungi","ascension_level":11}