{"gold_per_floor":[14,114,133,41,54,82,82,32,78,78,78,78,98,118,118,244,244,258,274,64,64,64],"floor_reached":22,"playtime":493,"items_purged":[],"score":184,"play_id":"81ca7965-7fcd-4415-8d75-001e97bb5b9e","local_time":"20181228204032","is_ascension_mode":false,"campfire_choices":[{"floor":7,"key":"REST"},{"floor":15,"key":"REST"}],"neow_cost":"NO_GOLD","seed_source_timestamp":705090336175711,"circlet_count":0,"master_deck":["Bash","Seeing Red+1","Pommel Strike","Sword Boomerang","Heavy Blade","Whirlwind","Flame Barrier","Demon Form","Entrench","Rampage","Hemokinesis","Dropkick","Wild Strike","Warcry","Flex","Perfected Strike","Flex","RitualDagger"],"relics":["Burning Blood","Regal Pillow","Vajra","War Paint","Golden Idol","Pandora\u0027s Box","Happy Flower"],"potions_floor_usage":[6,6,16,16],"damage_taken":[{"damage":11,"enemies":"Jaw Worm","floor":1,"turns":3},{"damage":0,"enemies":"Cultist","floor":3,"turns":3},{"damage":6,"enemies":"2 Louse","floor":5,"turns":2},{"damage":36,"enemies":"Lagavulin","floor":6,"turns":4},{"damage":50,"enemies":"Gremlin Gang","floor":13,"turns":4},{"damage":12,"enemies":"Blue Slaver","floor":14,"turns":3},{"damage":46,"enemies":"The Guardian","floor":16,"turns":9},{"damage":18,"enemies":"2 Thieves","floor":18,"turns":4},{"damage":46,"enemies":"Shell Parasite","floor":19,"turns":5},{"damage":23,"enemies":"Centurion and Healer","floor":22,"turns":3}],"seed_played":"-363966996889756625","potions_obtained":[{"floor":1,"key":"SkillPotion"},{"floor":5,"key":"Strength Potion"},{"floor":14,"key":"Energy Potion"}],"is_trial":false,"path_per_floor":["M","?","M","?","M","E","R","$","T","$","?","?","M","M","R","B",null,"M","M","$","?","M"],"character_chosen":"IRONCLAD","items_purchased":["Strength Potion","Happy Flower","Flex"],"campfire_rested":2,"item_purchase_floors":[8,20,20],"current_hp_per_floor":[75,75,80,80,80,50,80,80,80,80,60,60,16,10,49,9,80,68,28,28,22,0],"gold":64,"neow_bonus":"REMOVE_TWO","is_prod":false,"is_daily":false,"chose_seed":false,"campfire_upgraded":0,"win_rate":0,"timestamp":1546047632,"path_taken":["M","?","?","?","?","E","R","$","T","$","?","?","M","M","R","BOSS","M","M","?","?","M"],"build_version":"2018-12-20","purchased_purges":0,"victory":false,"max_hp_per_floor":[80,80,80,80,80,80,80,80,80,80,80,80,80,80,80,80,80,80,80,80,80,80],"card_choices":[{"not_picked":["Blood for Blood","Armaments"],"picked":"Seeing Red","floor":1},{"not_picked":["Sword Boomerang","Combust"],"picked":"Pommel Strike","floor":3},{"not_picked":["Carnage","Dropkick"],"picked":"Sword Boomerang","floor":5},{"not_picked":["Sword Boomerang","Thunderclap"],"picked":"Heavy Blade","floor":6},{"not_picked":["Wild Strike","Body Slam"],"picked":"Whirlwind","floor":13},{"not_picked":["Iron Wave","Carnage"],"picked":"Flame Barrier","floor":14},{"not_picked":["Juggernaut","Berserk"],"picked":"Demon Form","floor":16},{"not_picked":["Shockwave","Disarm"],"picked":"Flex","floor":18},{"not_picked":["Headbutt","True Grit"],"picked":"Perfected Strike","floor":19}],"player_experience":254500,"relics_obtained":[{"floor":6,"key":"Vajra"},{"floor":9,"key":"War Paint"}],"event_choices":[{"damage_healed":0,"gold_gain":100,"player_choice":"Pray","damage_taken":0,"max_hp_gain":0,"max_hp_loss":0,"event_name":"Golden Shrine","floor":2,"gold_loss":0},{"damage_healed":0,"gold_gain":0,"player_choice":"Paid Gold","damage_taken":0,"relics_obtained":["Regal Pillow"],"max_hp_gain":0,"max_hp_loss":0,"event_name":"WeMeetAgain","floor":4,"gold_loss":92},{"damage_healed":0,"gold_gain":0,"player_choice":"Take Damage","damage_taken":20,"relics_obtained":["Golden Idol"],"max_hp_gain":0,"max_hp_loss":0,"event_name":"Golden Idol","floor":11,"gold_loss":0},{"cards_removed":["Defend_R"],"damage_healed":0,"gold_gain":0,"player_choice":"Offered Basic","damage_taken":0,"max_hp_gain":0,"max_hp_loss":0,"event_name":"Bonfire Elementals","floor":12,"gold_loss":0},{"damage_healed":0,"gold_gain":0,"player_choice":"Joined the Cult","damage_taken":6,"max_hp_gain":0,"max_hp_loss":0,"event_name":"Nest","floor":21,"gold_loss":0,"cards_obtained":["RitualDagger"]}],"is_beta":false,"boss_relics":[{"not_picked":["White Beast Statue","Coffee Dripper"],"picked":"Pandora\u0027s Box"}],"items_purged_floors":[],"is_endless":false,"potions_floor_spawned":[1,5,14],"killed_by":"Centurion and Healer","ascension_level":0}