{"gold_per_floor":[118,193,211,211,224,249,305,9,9,9,9,37,37,50,50,148,148,164,175,175,9,9],"floor_reached":22,"playtime":1346,"items_purged":[],"score":259,"play_id":"16a4d833-da09-4784-8f48-f803992adfdb","local_time":"20190101172706","is_ascension_mode":true,"campfire_choices":[{"data":"Clothesline","floor":11,"key":"SMITH"},{"floor":13,"key":"REST"},{"floor":15,"key":"REST"}],"neow_cost":"NONE","seed_source_timestamp":259471060040221,"circlet_count":0,"master_deck":["Strike_R","Strike_R","Strike_R","Strike_R","Defend_R","Defend_R","Defend_R","Defend_R","Bash","Warcry","Clothesline+1","Thunderclap","Battle Trance","Carnage","Heavy Blade","Double Tap","Warcry","True Grit","Bloodletting","Magnetism"],"relics":["Burning Blood","Du-Vu Doll","Mango","Nunchaku","Pen Nib","Black Star"],"potions_floor_usage":[3,6,6,12,16,18],"damage_taken":[{"damage":10,"enemies":"2 Louse","floor":1,"turns":3},{"damage":7,"enemies":"Small Slimes","floor":3,"turns":3},{"damage":7,"enemies":"Jaw Worm","floor":5,"turns":4},{"damage":49,"enemies":"3 Sentries","floor":6,"turns":8},{"damage":22,"enemies":"Gremlin Nob","floor":12,"turns":4},{"damage":25,"enemies":"Red Slaver","floor":14,"turns":5},{"damage":60,"enemies":"The Guardian","floor":16,"turns":9},{"damage":22,"enemies":"Shell Parasite","floor":18,"turns":7},{"damage":36,"enemies":"3 Byrds","floor":19,"turns":6},{"damage":35,"enemies":"Centurion and Healer","floor":22,"turns":2}],"seed_played":"8249612193632114583","potions_obtained":[{"floor":0,"key":"Regen Potion"},{"floor":0,"key":"FearPotion"},{"floor":0,"key":"Strength Potion"},{"floor":6,"key":"Fire Potion"},{"floor":14,"key":"Strength Potion"},{"floor":16,"key":"EssenceOfSteel"},{"floor":19,"key":"Explosive Potion"}],"is_trial":false,"path_per_floor":["M","?","M","?","M","E","?","$","T","?","R","E","R","M","R","B",null,"M","M","?","$","M"],"character_chosen":"IRONCLAD","items_purchased":["Mango","Magnetism"],"campfire_rested":2,"item_purchase_floors":[8,21],"current_hp_per_floor":[68,57,56,80,79,51,51,65,65,65,65,49,77,58,86,32,79,63,33,33,33,0],"gold":9,"neow_bonus":"THREE_SMALL_POTIONS","is_prod":false,"is_daily":false,"chose_seed":false,"campfire_upgraded":1,"win_rate":0,"timestamp":1546381626,"path_taken":["M","?","M","?","M","E","?","?","T","?","R","E","R","?","R","BOSS","M","M","?","?","M"],"build_version":"2018-12-20","purchased_purges":0,"victory":false,"max_hp_per_floor":[80,80,80,80,80,80,80,94,94,94,94,94,94,94,94,94,94,94,94,94,94,94],"card_choices":[{"not_picked":["Dual Wield","Clash"],"picked":"Warcry","floor":1},{"not_picked":["Cleave","Perfected Strike"],"picked":"Clothesline","floor":3},{"not_picked":["Wild Strike","Searing Blow"],"picked":"Thunderclap","floor":5},{"not_picked":["Searing Blow","Wild Strike"],"picked":"Battle Trance","floor":6},{"not_picked":["Anger","Bloodletting"],"picked":"Carnage","floor":12},{"not_picked":["Perfected Strike","Wild Strike"],"picked":"Heavy Blade","floor":14},{"not_picked":["Immolate","Barricade"],"picked":"Double Tap","floor":16},{"not_picked":["Whirlwind","Wild Strike"],"picked":"Warcry","floor":18},{"not_picked":["Hemokinesis","Second Wind"],"picked":"True Grit","floor":19}],"player_experience":317022,"relics_obtained":[{"floor":6,"key":"Du-Vu Doll"},{"floor":9,"key":"Nunchaku"},{"floor":12,"key":"Pen Nib"}],"event_choices":[{"damage_healed":0,"gold_gain":75,"player_choice":"Gather Gold","damage_taken":11,"max_hp_gain":0,"max_hp_loss":0,"event_name":"World of Goop","floor":2,"gold_loss":0},{"damage_healed":26,"gold_gain":0,"player_choice":"Banana","damage_taken":0,"max_hp_gain":0,"max_hp_loss":0,"event_name":"Big Fish","floor":4,"gold_loss":0},{"damage_healed":0,"gold_gain":56,"player_choice":"Gained Gold","damage_taken":0,"max_hp_gain":0,"max_hp_loss":0,"event_name":"Golden Wing","floor":7,"gold_loss":0},{"damage_healed":0,"gold_gain":0,"player_choice":"Ignored","damage_taken":0,"max_hp_gain":0,"max_hp_loss":0,"event_name":"Liars Game","floor":10,"gold_loss":0},{"damage_healed":0,"gold_gain":0,"cards_transformed":["Strike_R"],"player_choice":"Transformed","damage_taken":0,"max_hp_gain":0,"max_hp_loss":0,"event_name":"Transmorgrifier","floor":20,"gold_loss":0,"cards_obtained":["Bloodletting"]}],"is_beta":false,"boss_relics":[{"not_picked":["Empty Cage","Snecko Eye"],"picked":"Black Star"}],"items_purged_floors":[],"is_endless":false,"potions_floor_spawned":[6,14,16,19],"killed_by":"Centurion and Healer","ascension_level":7}