{"gold_per_floor":[115,115,115,130,100,100,138,162,187,187,211,211,255,276,276,396,459,472,54,79,92,13,13,56,56,138,169,182,182,220,238,238,362,362,382,400,9,27,47,90,90,130,156,156,174,238,238,252,252,252,252,252,27,66,66],"floor_reached":55,"playtime":3860,"items_purged":["Injury","Strike_G","Parasite"],"score":911,"play_id":"960eaafd-6304-4fd0-884a-cb0f4cc1c706","local_time":"20190112211134","is_ascension_mode":true,"campfire_choices":[{"data":"Dodge and Roll","floor":6,"key":"SMITH"},{"floor":10,"key":"REST"},{"data":"Envenom","floor":12,"key":"SMITH"},{"floor":15,"key":"REST"},{"floor":23,"key":"REST"},{"floor":25,"key":"REST"},{"floor":29,"key":"REST"},{"floor":32,"key":"REST"},{"floor":41,"key":"REST"},{"floor":44,"key":"RECALL"},{"floor":47,"key":"REST"},{"data":"Apotheosis","floor":49,"key":"SMITH"},{"data":"Envenom","floor":52,"key":"SMITH"}],"neow_cost":"NONE","seed_source_timestamp":352987687246689,"circlet_count":0,"master_deck":["Defend_G","Defend_G","Defend_G+1","Defend_G","Strike_G","Strike_G","Strike_G","Survivor","Neutralize","Quick Slash","Dodge and Roll+1","Backflip","Envenom+1","Dagger Throw","Adrenaline+1","Dagger Throw","Malaise","Predator","Cloak And Dagger","Apotheosis+1","Leg Sweep","Infinite Blades","Backstab","Deadly Poison+1","Footwork","Footwork","Deadly Poison","Flying Knee","Dodge and Roll+1","A Thousand Cuts","Cloak And Dagger","Die Die Die","Choke+1","Dash","Well Laid Plans","Distraction+1","Backstab","Cloak And Dagger+1","Envenom+1","Caltrops+1","Predator","Backstab","Cloak And Dagger+1","Metamorphosis","Backstab"],"relics":["Empty Cage","Golden Idol","Smiling Mask","Orichalcum","Tiny House","StoneCalendar","Mummified Hand","Vajra","Bag of Marbles","Cursed Key","Kunai","Bottled Flame","Mercury Hourglass","War Paint","Prayer Wheel","Happy Flower"],"potions_floor_usage":[7,13,16,24,33,33,33,42,54,55,55],"damage_taken":[{"damage":0,"enemies":"Jaw Worm","floor":1,"turns":5},{"damage":1,"enemies":"2 Louse","floor":4,"turns":5},{"damage":27,"enemies":"3 Sentries","floor":7,"turns":12},{"damage":0,"enemies":"Small Slimes","floor":8,"turns":5},{"damage":0,"enemies":"3 Louse","floor":11,"turns":5},{"damage":44,"enemies":"Lagavulin","floor":13,"turns":9},{"damage":2,"enemies":"Looter","floor":14,"turns":4},{"damage":38,"enemies":"Hexaghost","floor":16,"turns":13},{"damage":1,"enemies":"Chosen","floor":18,"turns":6},{"damage":15,"enemies":"2 Thieves","floor":20,"turns":5},{"damage":27,"enemies":"Sentry and Sphere","floor":21,"turns":6},{"damage":29,"enemies":"Slavers","floor":24,"turns":7},{"damage":2,"enemies":"Book of Stabbing","floor":27,"turns":6},{"damage":1,"enemies":"Shelled Parasite and Fungi","floor":28,"turns":7},{"damage":29,"enemies":"Slavers","floor":30,"turns":7},{"damage":13,"enemies":"Cultist and Chosen","floor":31,"turns":7},{"damage":6,"enemies":"Champ","floor":33,"turns":8},{"damage":0,"enemies":"Orb Walker","floor":35,"turns":4},{"damage":0,"enemies":"3 Shapes","floor":36,"turns":2},{"damage":29,"enemies":"Spire Growth","floor":38,"turns":6},{"damage":19,"enemies":"4 Shapes","floor":39,"turns":3},{"damage":7,"enemies":"Reptomancer","floor":40,"turns":7},{"damage":0,"enemies":"Giant Head","floor":42,"turns":7},{"damage":5,"enemies":"Jaw Worm Horde","floor":45,"turns":4},{"damage":22,"enemies":"2 Orb Walkers","floor":46,"turns":5},{"damage":2,"enemies":"Spire Growth","floor":48,"turns":3},{"damage":54,"enemies":"Awakened One","floor":50,"turns":12},{"damage":49,"enemies":"Shield and Spear","floor":54,"turns":6},{"damage":65,"enemies":"The Heart","floor":55,"turns":2}],"seed_played":"-3142917905813399455","potions_obtained":[{"floor":1,"key":"SkillPotion"},{"floor":5,"key":"SpeedPotion"},{"floor":5,"key":"EssenceOfSteel"},{"floor":7,"key":"Regen Potion"},{"floor":16,"key":"Weak Potion"},{"floor":17,"key":"SmokeBomb"},{"floor":20,"key":"Dexterity Potion"},{"floor":21,"key":"Explosive Potion"},{"floor":27,"key":"Strength Potion"},{"floor":33,"key":"LiquidBronze"},{"floor":36,"key":"Strength Potion"},{"floor":39,"key":"SteroidPotion"},{"floor":40,"key":"Regen Potion"},{"floor":46,"key":"GhostInAJar"}],"is_trial":false,"path_per_floor":["M","?","?","M","?","R","E","M","T","R","M","R","E","M","R","B",null,"M","$","M","M","$","R","E","R","T","E","M","R","E","M","R","B",null,"M","M","$","M","M","E","R","E","T","R","M","?","R","M","R","B",null,"R","$","E","B"],"character_chosen":"THE_SILENT","items_purchased":["Apotheosis","Leg Sweep","Infinite Blades","Backstab","Footwork","Well Laid Plans","Kunai","Metamorphosis"],"campfire_rested":8,"item_purchase_floors":[19,19,19,19,22,37,37,53],"current_hp_per_floor":[70,75,75,74,74,74,47,47,47,69,69,69,40,38,60,22,80,79,79,64,37,37,61,32,56,56,54,53,77,48,35,59,53,80,80,80,80,51,32,25,49,64,64,64,59,37,61,59,59,5,80,80,77,28,0],"gold":66,"neow_bonus":"BOSS_RELIC","is_prod":false,"is_daily":false,"chose_seed":false,"campfire_upgraded":4,"win_rate":0,"timestamp":1547345494,"path_taken":["M","?","?","M","?","R","E","M","T","R","M","R","E","M","R","BOSS","M","$","M","M","?","R","E","R","T","E","M","R","E","M","R","BOSS","M","M","$","M","M","E","R","E","T","R","M","?","R","M","R","BOSS","R","$","E","BOSS"],"build_version":"2019-01-10","purchased_purges":3,"victory":false,"max_hp_per_floor":[70,75,75,75,75,75,75,75,75,75,75,75,75,75,75,75,80,80,80,80,80,80,80,80,80,80,80,80,80,80,80,80,80,80,80,80,80,80,80,80,80,80,80,80,80,80,80,80,80,80,80,80,77,77,77],"card_choices":[{"not_picked":["Bane","Setup"],"picked":"Quick Slash","floor":1},{"not_picked":["Deflect","Flying Knee"],"picked":"Dodge and Roll","floor":4},{"not_picked":["Outmaneuver","Dodge and Roll"],"picked":"Backflip","floor":7},{"not_picked":["Concentrate","Calculated Gamble"],"picked":"Envenom","floor":8},{"not_picked":["Flying Knee","Slice"],"picked":"Dagger Throw","floor":11},{"not_picked":["Glass Knife","Deadly Poison"],"picked":"Adrenaline","floor":13},{"not_picked":["Deadly Poison","Dagger Spray"],"picked":"Dagger Throw","floor":14},{"not_picked":["Night Terror","Tools of the Trade"],"picked":"Malaise","floor":16},{"not_picked":["All Out Attack","Blade Dance"],"picked":"Predator","floor":17},{"not_picked":["Concentrate","Acrobatics"],"picked":"Cloak And Dagger","floor":18},{"not_picked":["Flying Knee","Acrobatics"],"picked":"Deadly Poison+1","floor":20},{"not_picked":["Finisher","Outmaneuver"],"picked":"Footwork","floor":21},{"not_picked":["Setup","Eviscerate"],"picked":"Deadly Poison","floor":24},{"not_picked":["Concentrate","Slice"],"picked":"Flying Knee","floor":27},{"not_picked":["Prepared","Accuracy"],"picked":"Dodge and Roll","floor":28},{"not_picked":["Bouncing Flask+1","Caltrops"],"picked":"A Thousand Cuts","floor":30},{"not_picked":["Dodge and Roll","Poisoned Stab"],"picked":"Cloak And Dagger","floor":31},{"not_picked":["Phantasmal Killer","Tools of the Trade"],"picked":"Die Die Die","floor":33},{"not_picked":["Riddle With Holes","Backflip+1"],"picked":"Choke+1","floor":35},{"not_picked":["Sucker Punch","Heel Hook"],"picked":"Dash","floor":36},{"not_picked":["Underhanded Strike+1","Dodge and Roll+1"],"picked":"Distraction+1","floor":38},{"not_picked":["Poisoned Stab","Predator"],"picked":"Backstab","floor":39},{"not_picked":["Acrobatics+1","Dagger Spray+1"],"picked":"Cloak And Dagger+1","floor":40},{"not_picked":["Poisoned Stab+1","Blade Dance+1"],"picked":"Envenom","floor":42},{"not_picked":["Finisher","Acrobatics+1"],"picked":"Caltrops+1","floor":45},{"not_picked":["Poisoned Stab+1","Tactician"],"picked":"Predator","floor":46},{"not_picked":["Dagger Throw","Quick Slash+1"],"picked":"Backstab","floor":48},{"not_picked":["Bane","PiercingWail"],"picked":"Cloak And Dagger+1","floor":48},{"not_picked":["Dagger Throw+1","Concentrate+1"],"picked":"Backstab","floor":54}],"player_experience":379983,"relics_obtained":[{"floor":7,"key":"Smiling Mask"},{"floor":13,"key":"Orichalcum"},{"floor":24,"key":"StoneCalendar"},{"floor":26,"key":"Mummified Hand"},{"floor":27,"key":"Vajra"},{"floor":30,"key":"Bag of Marbles"},{"floor":40,"key":"Bottled Flame"},{"floor":42,"key":"Mercury Hourglass"},{"floor":43,"key":"War Paint"},{"floor":46,"key":"Prayer Wheel"},{"floor":54,"key":"Happy Flower"}],"event_choices":[{"damage_healed":0,"gold_gain":0,"player_choice":"Donut","damage_taken":0,"max_hp_gain":5,"max_hp_loss":0,"event_name":"Big Fish","floor":2,"gold_loss":0},{"damage_healed":0,"gold_gain":0,"player_choice":"Take Wound","damage_taken":0,"relics_obtained":["Golden Idol"],"max_hp_gain":0,"max_hp_loss":0,"event_name":"Golden Idol","floor":3,"gold_loss":0,"cards_obtained":["Injury"]},{"damage_healed":0,"gold_gain":0,"player_choice":"Bought 2 Potions","damage_taken":0,"max_hp_gain":0,"max_hp_loss":0,"event_name":"The Woman in Blue","floor":5,"gold_loss":0},{"damage_healed":0,"gold_gain":0,"player_choice":"Fight","damage_taken":0,"max_hp_gain":0,"max_hp_loss":0,"event_name":"Mysterious Sphere","floor":46,"gold_loss":0}],"is_beta":false,"boss_relics":[{"not_picked":["Philosopher\u0027s Stone","Velvet Choker"],"picked":"Tiny House"},{"not_picked":["Black Star","Sozu"],"picked":"Cursed Key"}],"items_purged_floors":[19,37,53],"is_endless":false,"potions_floor_spawned":[1,7,16,20,21,27,33,36,39,40,46,48],"killed_by":"The Heart","ascension_level":1}