{"gold_per_floor":[14,24,39,59,59,59,90,90,113,123,148,148],"floor_reached":12,"playtime":416,"items_purged":[],"score":116,"play_id":"225f77b7-414f-43cb-a55a-45ff35050ea0","local_time":"20190910171520","is_ascension_mode":true,"campfire_choices":[{"data":"Loop","floor":6,"key":"SMITH"},{"floor":8,"key":"REST"}],"neow_cost":"NO_GOLD","seed_source_timestamp":346170544051400,"circlet_count":0,"master_deck":["Strike_B","Strike_B","Strike_B","Strike_B","Defend_B","Defend_B","Defend_B","Defend_B","Zap","Dualcast","Steam","Ball Lightning","Go for the Eyes","Loop+1","Regret","Defragment","Stack","Steam"],"relics":["Cracked Core","Smiling Mask","Art of War","Happy Flower","Odd Mushroom"],"potions_floor_usage":[7,12],"damage_taken":[{"damage":0,"enemies":"2 Louse","floor":1,"turns":2},{"damage":3,"enemies":"Small Slimes","floor":2,"turns":3},{"damage":1,"enemies":"Jaw Worm","floor":3,"turns":3},{"damage":8,"enemies":"Looter","floor":4,"turns":2},{"damage":51,"enemies":"Gremlin Nob","floor":7,"turns":5},{"damage":16,"enemies":"Gremlin Gang","floor":10,"turns":4},{"damage":12,"enemies":"The Mushroom Lair","floor":11,"turns":4},{"damage":29,"enemies":"Lagavulin","floor":12,"turns":5}],"seed_played":"5029948549530561992","potions_obtained":[{"floor":2,"key":"GamblersBrew"},{"floor":4,"key":"Dexterity Potion"},{"floor":11,"key":"EssenceOfSteel"}],"is_trial":false,"path_per_floor":["M","M","M","M","?","R","E","R","T","M","?","E"],"character_chosen":"DEFECT","items_purchased":[],"campfire_rested":1,"item_purchase_floors":[],"current_hp_per_floor":[82,79,78,70,70,70,19,45,45,29,17,0],"gold":148,"neow_bonus":"TWENTY_PERCENT_HP_BONUS","is_prod":false,"is_daily":false,"chose_seed":false,"campfire_upgraded":1,"win_rate":0,"timestamp":1568150120,"path_taken":["M","M","M","M","?","R","E","R","T","M","?","E"],"build_version":"2019-07-17","purchased_purges":0,"victory":false,"max_hp_per_floor":[89,89,89,89,89,89,89,89,89,89,89,89],"card_choices":[{"not_picked":["Barrage","Redo"],"picked":"Steam","floor":1},{"not_picked":["Leap","Hologram"],"picked":"Ball Lightning","floor":2},{"not_picked":["Beam Cell","Stack"],"picked":"Go for the Eyes","floor":3},{"not_picked":["Stack","Rebound"],"picked":"Loop","floor":4},{"not_picked":["All For One","Gash"],"picked":"Defragment","floor":7},{"not_picked":["Recycle","Reprogram"],"picked":"Stack","floor":10},{"not_picked":["Streamline","Beam Cell"],"picked":"Steam","floor":11}],"player_experience":547575,"relics_obtained":[{"floor":7,"key":"Art of War"},{"floor":9,"key":"Happy Flower"},{"floor":11,"key":"Odd Mushroom"}],"event_choices":[{"damage_healed":0,"gold_gain":0,"player_choice":"Box","damage_taken":0,"relics_obtained":["Smiling Mask"],"max_hp_gain":0,"max_hp_loss":0,"event_name":"Big Fish","floor":5,"gold_loss":0,"cards_obtained":["Regret"]},{"damage_healed":0,"gold_gain":0,"player_choice":"Fought Mushrooms","damage_taken":0,"max_hp_gain":0,"max_hp_loss":0,"event_name":"Mushrooms","floor":11,"gold_loss":0}],"is_beta":false,"boss_relics":[],"items_purged_floors":[],"is_endless":false,"potions_floor_spawned":[2,4,11],"killed_by":"Lagavulin","ascension_level":9}