{"gold_per_floor":[20,39,39,49,49,76,76,104,104,104],"floor_reached":10,"playtime":785,"items_purged":[],"score":114,"play_id":"79927e72-a302-40e0-a11b-2c53c3d8aca8","local_time":"20190913155630","is_ascension_mode":true,"campfire_choices":[{"floor":7,"key":"REST"}],"neow_cost":"NO_GOLD","seed_source_timestamp":78035806574600,"circlet_count":0,"master_deck":["AscendersBane","Strike_R","Strike_R","Strike_R","Strike_R","Defend_R","Defend_R","Defend_R","Defend_R","Bash","Sadistic Nature+1","Thinking Ahead","Anger","Thunderclap","Infernal Blade","Pommel Strike","Bloodletting"],"relics":["Burning Blood","Bird Faced Urn","Singing Bowl"],"potions_floor_usage":[10,10],"damage_taken":[{"damage":6,"enemies":"Cultist","floor":1,"turns":3},{"damage":9,"enemies":"2 Louse","floor":2,"turns":3},{"damage":9,"enemies":"Jaw Worm","floor":4,"turns":3},{"damage":55,"enemies":"Lagavulin","floor":6,"turns":7},{"damage":42,"enemies":"Gremlin Nob","floor":8,"turns":4},{"damage":18,"enemies":"3 Sentries","floor":10,"turns":2}],"seed_played":"1405174198948220490","potions_obtained":[{"floor":2,"key":"SneckoOil"},{"floor":8,"key":"LiquidBronze"}],"is_trial":false,"path_per_floor":["M","M","?","M","?","E","R","E","T","E"],"character_chosen":"IRONCLAD","items_purchased":[],"campfire_rested":1,"item_purchase_floors":[],"current_hp_per_floor":[72,69,69,66,66,17,41,9,9,0],"gold":104,"neow_bonus":"RANDOM_COLORLESS_2","is_prod":false,"is_daily":false,"chose_seed":false,"campfire_upgraded":0,"win_rate":0,"timestamp":1568404590,"path_taken":["M","M","?","M","?","E","R","E","T","E"],"build_version":"2019-07-17","purchased_purges":0,"victory":false,"max_hp_per_floor":[80,80,80,80,80,80,80,82,82,82],"card_choices":[{"not_picked":["Sentinel","Havoc"],"picked":"Anger","floor":1},{"not_picked":["Armaments","Iron Wave"],"picked":"Thunderclap","floor":2},{"not_picked":["Metallicize","Sword Boomerang"],"picked":"Infernal Blade","floor":4},{"not_picked":["Armaments","Second Wind"],"picked":"Bloodletting","floor":6},{"not_picked":["Anger","Warcry","Pommel Strike"],"picked":"Singing Bowl","floor":8}],"player_experience":585932,"relics_obtained":[{"floor":6,"key":"Bird Faced Urn"},{"floor":8,"key":"Singing Bowl"}],"event_choices":[{"damage_healed":0,"gold_gain":0,"player_choice":"Grow","damage_taken":0,"max_hp_gain":0,"max_hp_loss":0,"event_name":"Living Wall","floor":3,"gold_loss":0,"cards_upgraded":["Sadistic Nature"]},{"damage_healed":0,"gold_gain":0,"cards_transformed":["Strike_R"],"player_choice":"Transformed","damage_taken":0,"max_hp_gain":0,"max_hp_loss":0,"event_name":"Transmorgrifier","floor":5,"gold_loss":0,"cards_obtained":["Pommel Strike"]}],"is_beta":false,"boss_relics":[],"items_purged_floors":[],"is_endless":false,"potions_floor_spawned":[2,8],"killed_by":"3 Sentries","ascension_level":10}