{"gold_per_floor":[212,231,244,74,94,127,127,127,127,160,160,173,16,48,48,143,143,160,175,175,190,100,114,40,40,40,40],"floor_reached":27,"playtime":1082,"items_purged":["Defend_R"],"score":396,"play_id":"a54b5495-2a21-4b53-bbe1-2927e7a9adc8","local_time":"20190910104424","is_ascension_mode":true,"campfire_choices":[{"floor":7,"key":"REST"},{"floor":11,"key":"DIG"},{"floor":15,"key":"REST"},{"floor":25,"key":"REST"}],"neow_cost":"NONE","seed_source_timestamp":322047508882200,"circlet_count":0,"master_deck":["Strike_R","Strike_R","Strike_R","Strike_R","Strike_R","Defend_R","Bash","Twin Strike","Clash","Clothesline","Discovery","Clash","Thunderclap","Dropkick","Flex","Infernal Blade","Seeing Red","Perfected Strike+1","Dropkick","Dark Embrace+1","Thunderclap","Clothesline+1","True Grit","Infernal Blade","Feed"],"relics":["Burning Blood","Frozen Egg 2","Shovel","Happy Flower","Potion Belt","Lizard Tail","Blue Candle","Matryoshka"],"potions_floor_usage":[5,10,14],"damage_taken":[{"damage":0,"enemies":"2 Louse","floor":1,"turns":2},{"damage":6,"enemies":"Cultist","floor":2,"turns":3},{"damage":7,"enemies":"Jaw Worm","floor":3,"turns":2},{"damage":4,"enemies":"Gremlin Gang","floor":5,"turns":3},{"damage":36,"enemies":"Lagavulin","floor":6,"turns":6},{"damage":28,"enemies":"3 Sentries","floor":10,"turns":5},{"damage":15,"enemies":"3 Louse","floor":12,"turns":3},{"damage":18,"enemies":"Gremlin Nob","floor":14,"turns":3},{"damage":0,"enemies":"Slime Boss","floor":16,"turns":3},{"damage":25,"enemies":"2 Thieves","floor":18,"turns":3},{"damage":37,"enemies":"Shell Parasite","floor":19,"turns":4},{"damage":34,"enemies":"Centurion and Healer","floor":21,"turns":5},{"damage":37,"enemies":"Snake Plant","floor":23,"turns":3},{"damage":39,"enemies":"Shelled Parasite and Fungi","floor":27,"turns":3}],"seed_played":"-4762683992037820895","potions_obtained":[{"floor":1,"key":"Fire Potion"},{"floor":2,"key":"Weak Potion"},{"floor":6,"key":"SkillPotion"},{"floor":12,"key":"GamblersBrew"},{"floor":16,"key":"Strength Potion"},{"floor":21,"key":"SteroidPotion"},{"floor":23,"key":"Poison Potion"}],"is_trial":false,"path_per_floor":["M","M","M","$","M","E","R","?","T","E","R","M","$","E","R","B",null,"M","M","?","M","?","M","$","R","T","M"],"character_chosen":"IRONCLAD","items_purchased":["Discovery","Infernal Blade","Seeing Red","Perfected Strike","Feed"],"campfire_rested":3,"item_purchase_floors":[4,13,13,13,24],"current_hp_per_floor":[78,78,77,77,79,49,73,73,73,51,51,42,42,30,54,60,75,56,25,25,43,43,12,12,36,36,0],"gold":40,"neow_bonus":"HUNDRED_GOLD","is_prod":false,"is_daily":false,"chose_seed":false,"campfire_upgraded":0,"win_rate":0,"timestamp":1568126664,"path_taken":["M","M","M","$","M","E","R","?","T","E","R","M","$","E","R","BOSS","M","?","?","M","?","M","$","R","T","M"],"build_version":"2019-07-17","purchased_purges":1,"victory":false,"max_hp_per_floor":[80,80,80,80,80,80,80,80,80,80,80,80,80,80,80,80,80,80,80,80,80,80,80,80,80,80,80],"card_choices":[{"not_picked":["Whirlwind","Disarm"],"picked":"Twin Strike","floor":1},{"not_picked":["Iron Wave","Wild Strike"],"picked":"Clash","floor":2},{"not_picked":["Blood for Blood","Armaments"],"picked":"Clothesline","floor":3},{"not_picked":["Heavy Blade","Bloodletting"],"picked":"Clash","floor":5},{"not_picked":["Metallicize","Second Wind"],"picked":"Thunderclap","floor":6},{"not_picked":["Ghostly Armor","Thunderclap"],"picked":"Dropkick","floor":10},{"not_picked":["Pommel Strike","Juggernaut+1"],"picked":"Flex","floor":12},{"not_picked":["Pommel Strike","Reckless Charge"],"picked":"Dropkick","floor":14},{"not_picked":["Impervious","Limit Break"],"picked":"Dark Embrace+1","floor":16},{"not_picked":["Metallicize+1","Anger"],"picked":"Thunderclap","floor":18},{"not_picked":["Blood for Blood","Shockwave"],"picked":"Clothesline+1","floor":19},{"not_picked":["Burning Pact","Combust+1"],"picked":"True Grit","floor":21},{"not_picked":["Warcry","Heavy Blade"],"picked":"Infernal Blade","floor":23}],"player_experience":525271,"relics_obtained":[{"floor":6,"key":"Frozen Egg 2"},{"floor":10,"key":"Shovel"},{"floor":11,"key":"Happy Flower"},{"floor":14,"key":"Potion Belt"},{"floor":26,"key":"Matryoshka"}],"event_choices":[{"cards_removed":["Defend_R"],"damage_healed":0,"gold_gain":0,"player_choice":"Offered Basic","damage_taken":0,"max_hp_gain":0,"max_hp_loss":0,"event_name":"Bonfire Elementals","floor":8,"gold_loss":0},{"damage_healed":0,"gold_gain":0,"player_choice":"Opened","damage_taken":0,"relics_obtained":["Blue Candle"],"max_hp_gain":0,"max_hp_loss":0,"event_name":"The Mausoleum","floor":20,"gold_loss":0},{"cards_removed":["Defend_R"],"damage_healed":0,"gold_gain":0,"player_choice":"Upgrade and Remove","damage_taken":0,"max_hp_gain":0,"max_hp_loss":0,"event_name":"Designer","floor":22,"gold_loss":90,"cards_upgraded":["Perfected Strike"]}],"is_beta":false,"boss_relics":[{"not_picked":["Mark of Pain","Fusion Hammer"],"picked":"Lizard Tail"}],"items_purged_floors":[4],"is_endless":false,"potions_floor_spawned":[1,2,6,12,16,21,23],"killed_by":"Shelled Parasite and Fungi","ascension_level":8}