{"gold_per_floor":[110,121,131,131,131,160,160,160,184,196,215,250,250,265,265,362,362,379,379,379,379,389,400,400,419,419,419],"floor_reached":27,"playtime":881,"items_purged":[],"score":360,"play_id":"f489051e-e1ce-4ff5-96c9-b053f7ae5895","local_time":"20190921204401","is_ascension_mode":true,"campfire_choices":[{"floor":7,"key":"REST"},{"floor":13,"key":"REST"},{"floor":15,"key":"REST"},{"floor":24,"key":"REST"}],"neow_cost":"NONE","seed_source_timestamp":354825324398900,"circlet_count":0,"master_deck":["AscendersBane","Bash","Clash","Cleave","Shrug It Off","Twin Strike","Thunderclap","Intimidate","Corruption","Feel No Pain","Immolate","Armaments","Seeing Red","Infernal Blade","Dark Embrace","Dual Wield","Limit Break","Bludgeon","Pommel Strike","J.A.X.","Clash","Anger","Sword Boomerang"],"relics":["Burning Blood","Sundial","Vajra","Smiling Mask","Orichalcum","Pandora\u0027s Box","Nilry\u0027s Codex","Pocketwatch"],"potions_floor_usage":[6,6],"damage_taken":[{"damage":8,"enemies":"2 Louse","floor":1,"turns":5},{"damage":8,"enemies":"Jaw Worm","floor":2,"turns":4},{"damage":1,"enemies":"Cultist","floor":3,"turns":3},{"damage":50,"enemies":"Lagavulin","floor":6,"turns":9},{"damage":11,"enemies":"Looter","floor":10,"turns":2},{"damage":19,"enemies":"Exordium Wildlife","floor":11,"turns":3},{"damage":27,"enemies":"Gremlin Nob","floor":12,"turns":4},{"damage":11,"enemies":"Exordium Thugs","floor":14,"turns":3},{"damage":71,"enemies":"The Guardian","floor":16,"turns":9},{"damage":7,"enemies":"Chosen","floor":18,"turns":3},{"damage":9,"enemies":"Spheric Guardian","floor":22,"turns":3},{"damage":7,"enemies":"3 Cultists","floor":23,"turns":4},{"damage":33,"enemies":"Shelled Parasite and Fungi","floor":25,"turns":4},{"damage":51,"enemies":"Slavers","floor":27,"turns":3}],"seed_played":"61449697640716887","potions_obtained":[{"floor":2,"key":"BloodPotion"},{"floor":3,"key":"Dexterity Potion"},{"floor":23,"key":"SpeedPotion"}],"is_trial":false,"path_per_floor":["M","M","M","?","T","E","R","?","T","M","M","E","R","M","R","B",null,"M","?","?","?","M","M","R","M","T","E"],"character_chosen":"IRONCLAD","items_purchased":[],"campfire_rested":4,"item_purchase_floors":[],"current_hp_per_floor":[78,76,81,69,69,47,73,73,73,68,55,34,60,55,81,16,70,69,69,69,53,50,49,75,48,48,0],"gold":419,"neow_bonus":"TEN_PERCENT_HP_BONUS","is_prod":false,"is_daily":false,"chose_seed":false,"campfire_upgraded":0,"win_rate":0,"timestamp":1569113041,"path_taken":["M","M","M","?","?","E","R","?","T","M","M","E","R","M","R","BOSS","M","?","?","?","M","?","R","M","T","E"],"build_version":"2019-07-17","purchased_purges":0,"victory":false,"max_hp_per_floor":[88,88,88,88,88,88,88,88,88,88,88,88,88,88,88,88,88,88,88,88,88,88,88,88,88,88,88],"card_choices":[{"not_picked":["Warcry","Clothesline"],"picked":"Clash","floor":1},{"not_picked":["True Grit","Anger"],"picked":"Cleave","floor":2},{"not_picked":["Armaments","Sword Boomerang"],"picked":"Shrug It Off","floor":3},{"not_picked":["Juggernaut","Fire Breathing"],"picked":"Twin Strike","floor":6},{"not_picked":["Second Wind","Searing Blow"],"picked":"Thunderclap","floor":10},{"not_picked":["Fire Breathing","Heavy Blade"],"picked":"Intimidate","floor":11},{"not_picked":["Twin Strike","Warcry"],"picked":"Corruption","floor":12},{"not_picked":["Heavy Blade","Corruption"],"picked":"Feel No Pain","floor":14},{"not_picked":["Brutality","Impervious"],"picked":"Immolate","floor":16},{"not_picked":["Rampage","True Grit"],"picked":"Pommel Strike","floor":18},{"not_picked":["Havoc","Battle Trance"],"picked":"Clash","floor":22},{"not_picked":["Entrench","Headbutt"],"picked":"Anger","floor":23},{"not_picked":["Wild Strike","Armaments"],"picked":"Sword Boomerang","floor":25}],"player_experience":700332,"relics_obtained":[{"floor":6,"key":"Vajra"},{"floor":9,"key":"Smiling Mask"},{"floor":12,"key":"Orichalcum"},{"floor":21,"key":"Nilry\u0027s Codex"},{"floor":26,"key":"Pocketwatch"}],"event_choices":[{"damage_healed":0,"gold_gain":0,"player_choice":"Success","damage_taken":12,"relics_obtained":["Sundial"],"max_hp_gain":0,"max_hp_loss":0,"event_name":"Scrap Ooze","floor":4,"gold_loss":0},{"cards_removed":["Defend_R"],"damage_healed":0,"gold_gain":0,"player_choice":"Offered Basic","damage_taken":0,"max_hp_gain":0,"max_hp_loss":0,"event_name":"Bonfire Elementals","floor":8,"gold_loss":0},{"damage_healed":0,"gold_gain":0,"player_choice":"Obtain J.A.X.","damage_taken":0,"max_hp_gain":0,"max_hp_loss":0,"event_name":"Drug Dealer","floor":19,"gold_loss":0,"cards_obtained":["J.A.X."]},{"cards_removed":["Brutality"],"damage_healed":0,"gold_gain":0,"player_choice":"Elegance","damage_taken":0,"max_hp_gain":0,"max_hp_loss":0,"event_name":"Back to Basics","floor":20,"gold_loss":0},{"damage_healed":0,"gold_gain":0,"player_choice":"Obtained Book","damage_taken":16,"max_hp_gain":0,"max_hp_loss":0,"event_name":"Cursed Tome","floor":21,"gold_loss":0}],"is_beta":false,"boss_relics":[{"not_picked":["Astrolabe","Lizard Tail"],"picked":"Pandora\u0027s Box"}],"items_purged_floors":[],"is_endless":false,"potions_floor_spawned":[2,3,23],"killed_by":"Slavers","ascension_level":12}