{"gold_per_floor":[218,232,244,261,436,471,471,506,577,577,51,64,38,73,73,178,178,195,105,124,124,141,141],"floor_reached":23,"playtime":1188,"items_purged":[],"score":306,"play_id":"4c470d57-66a4-41f6-80b4-45628f79ca89","local_time":"20190915142704","is_ascension_mode":true,"campfire_choices":[{"floor":7,"key":"REST"},{"data":"Zap","floor":10,"key":"SMITH"},{"floor":15,"key":"REST"}],"neow_cost":"NONE","seed_source_timestamp":245069018659600,"circlet_count":0,"master_deck":["Strike_B","Strike_B","Strike_B","Strike_B","Defend_B","Defend_B","Defend_B","Defend_B","Zap+1","Dualcast+1","Gash","Conserve Battery","Glacier","Self Repair","Seek","Reboot","Go for the Eyes","FTL","Loop","The Bomb","Sweeping Beam","Ball Lightning","White Noise","All For One","Capacitor+1","Cold Snap","J.A.X.","Gash"],"relics":["Cracked Core","DataDisk","FossilizedHelix","Pantograph","Boot","Bag of Marbles","Black Star"],"potions_floor_usage":[6,6,8,18,23,23],"damage_taken":[{"damage":8,"enemies":"Jaw Worm","floor":1,"turns":4},{"damage":6,"enemies":"Cultist","floor":2,"turns":4},{"damage":3,"enemies":"2 Louse","floor":3,"turns":3},{"damage":0,"enemies":"Looter","floor":4,"turns":4},{"damage":28,"enemies":"Gremlin Nob","floor":6,"turns":5},{"damage":17,"enemies":"Lagavulin","floor":8,"turns":9},{"damage":0,"enemies":"3 Louse","floor":12,"turns":3},{"damage":19,"enemies":"3 Sentries","floor":14,"turns":4},{"damage":35,"enemies":"Hexaghost","floor":16,"turns":10},{"damage":11,"enemies":"Spheric Guardian","floor":18,"turns":4},{"damage":0,"enemies":"3 Byrds","floor":20,"turns":3},{"damage":19,"enemies":"3 Cultists","floor":22,"turns":4},{"damage":56,"enemies":"Gremlin Leader","floor":23,"turns":5}],"seed_played":"3671658707707353397","potions_obtained":[{"floor":2,"key":"Poison Potion"},{"floor":3,"key":"SpeedPotion"},{"floor":6,"key":"Regen Potion"},{"floor":16,"key":"PowerPotion"},{"floor":18,"key":"Poison Potion"},{"floor":20,"key":"FocusPotion"}],"is_trial":false,"path_per_floor":["M","M","M","M","?","E","R","E","T","R","$","M","$","E","R","B",null,"M","?","M","?","M","E"],"character_chosen":"DEFECT","items_purchased":["Boot","Go for the Eyes","FTL","Loop","The Bomb","Ball Lightning"],"campfire_rested":2,"item_purchase_floors":[11,11,11,11,11,13],"current_hp_per_floor":[60,54,51,51,51,30,52,57,57,57,57,64,64,52,74,47,68,64,64,64,64,52,0],"gold":141,"neow_bonus":"HUNDRED_GOLD","is_prod":false,"is_daily":false,"chose_seed":false,"campfire_upgraded":1,"win_rate":0,"timestamp":1568572024,"path_taken":["M","M","M","M","?","E","R","E","T","R","$","M","$","E","R","BOSS","M","?","?","?","M","E"],"build_version":"2019-07-17","purchased_purges":0,"victory":false,"max_hp_per_floor":[75,75,75,75,75,75,75,75,75,75,75,75,75,75,75,75,75,75,75,75,75,75,75],"card_choices":[{"not_picked":["Rebound","Lockon"],"picked":"Gash","floor":1},{"not_picked":["Hologram","Stack"],"picked":"Conserve Battery","floor":2},{"not_picked":["Fusion","Sweeping Beam"],"picked":"Glacier","floor":3},{"not_picked":["Compile Driver","Streamline"],"picked":"Self Repair","floor":4},{"not_picked":["Rip and Tear","Darkness"],"picked":"Seek","floor":6},{"not_picked":["Chaos","Beam Cell"],"picked":"Reboot","floor":8},{"not_picked":["Darkness","Chaos"],"picked":"Sweeping Beam","floor":12},{"not_picked":["Melter","Darkness"],"picked":"White Noise","floor":14},{"not_picked":["Amplify","Machine Learning"],"picked":"All For One","floor":16},{"not_picked":["Recycle","Undo+1"],"picked":"Capacitor+1","floor":18},{"not_picked":["Leap","Barrage"],"picked":"Cold Snap","floor":20},{"not_picked":["Streamline","Barrage"],"picked":"Gash","floor":22}],"player_experience":624388,"relics_obtained":[{"floor":6,"key":"DataDisk"},{"floor":8,"key":"FossilizedHelix"},{"floor":9,"key":"Pantograph"},{"floor":14,"key":"Bag of Marbles"}],"event_choices":[{"damage_healed":0,"gold_gain":175,"player_choice":"AGREE","damage_taken":0,"max_hp_gain":0,"max_hp_loss":0,"event_name":"Liars Game","floor":5,"gold_loss":0,"cards_obtained":["Doubt"]},{"cards_removed":["Doubt"],"damage_healed":0,"gold_gain":0,"player_choice":"Upgrade and Remove","damage_taken":0,"max_hp_gain":0,"max_hp_loss":0,"event_name":"Designer","floor":19,"gold_loss":90,"cards_upgraded":["Dualcast"]},{"damage_healed":0,"gold_gain":0,"player_choice":"Obtain J.A.X.","damage_taken":0,"max_hp_gain":0,"max_hp_loss":0,"event_name":"Drug Dealer","floor":21,"gold_loss":0,"cards_obtained":["J.A.X."]}],"is_beta":false,"boss_relics":[{"not_picked":["FrozenCore","Lizard Tail"],"picked":"Black Star"}],"items_purged_floors":[],"is_endless":false,"potions_floor_spawned":[2,3,6,16,18,20],"killed_by":"Gremlin Leader","ascension_level":9}