{"gold_per_floor":[118,133,133,148,148,148,173,173,173,173,192,219,231,156,156,259,259,274,274,288,304,204,204,219,245,291,291,216,236,236],"floor_reached":30,"playtime":1378,"items_purged":["Strike_G","Strike_G"],"score":350,"play_id":"2bde901b-df2a-4092-939a-dce6a50b7f03","local_time":"20190512223722","is_ascension_mode":true,"campfire_choices":[{"data":"Noxious Fumes","floor":6,"key":"SMITH"},{"data":"Survivor","floor":10,"key":"SMITH"},{"data":"Flechettes","floor":15,"key":"SMITH"},{"floor":23,"key":"REST"}],"neow_cost":"NONE","seed_source_timestamp":357615709450643,"circlet_count":0,"master_deck":["Defend_G","Defend_G","Defend_G","Defend_G","Survivor+1","Neutralize+1","Dodge and Roll+1","Blade Dance+1","Dash+1","Noxious Fumes+1","Cloak And Dagger","Bane","Riddle With Holes","Envenom","Bane+1","Necronomicurse","Riddle With Holes+1","Predator","Dodge and Roll","Bite","Bite","Bite","Bite","Bite","Bouncing Flask"],"relics":["Astrolabe","Question Card","Oddly Smooth Stone","PreservedInsect","Boot","Philosopher\u0027s Stone","Necronomicon","Sundial","Snake Skull"],"potions_floor_usage":[12,16,20,25,29],"damage_taken":[{"damage":0,"enemies":"2 Louse","floor":1,"turns":3},{"damage":0,"enemies":"Cultist","floor":2,"turns":4},{"damage":0,"enemies":"Jaw Worm","floor":4,"turns":4},{"damage":14,"enemies":"Lagavulin","floor":7,"turns":7},{"damage":0,"enemies":"Blue Slaver","floor":11,"turns":4},{"damage":12,"enemies":"Gremlin Nob","floor":12,"turns":3},{"damage":0,"enemies":"Exordium Wildlife","floor":13,"turns":3},{"damage":3,"enemies":"Slime Boss","floor":16,"turns":7},{"damage":6,"enemies":"Shell Parasite","floor":18,"turns":6},{"damage":18,"enemies":"2 Thieves","floor":20,"turns":4},{"damage":18,"enemies":"Centurion and Healer","floor":21,"turns":4},{"damage":0,"enemies":"Cultist and Chosen","floor":24,"turns":4},{"damage":9,"enemies":"Book of Stabbing","floor":25,"turns":3},{"damage":1,"enemies":"Snake Plant","floor":29,"turns":3},{"damage":30,"enemies":"Gremlin Leader","floor":30,"turns":4}],"seed_played":"3991161114682024660","potions_obtained":[{"floor":4,"key":"Energy Potion"},{"floor":11,"key":"Swift Potion"},{"floor":12,"key":"FearPotion"},{"floor":13,"key":"Weak Potion"},{"floor":18,"key":"SteroidPotion"},{"floor":21,"key":"Energy Potion"},{"floor":25,"key":"Poison Potion"}],"is_trial":false,"path_per_floor":["M","M","?","M","?","R","E","T","T","R","M","E","M","$","R","B",null,"M","?","M","M","$","R","M","E","T","?","?","M","E"],"character_chosen":"THE_SILENT","items_purchased":[],"campfire_rested":1,"item_purchase_floors":[],"current_hp_per_floor":[70,70,70,70,63,63,49,49,49,49,49,37,37,37,37,34,61,55,39,21,3,3,24,24,15,15,15,15,18,0],"gold":236,"neow_bonus":"BOSS_RELIC","is_prod":false,"is_daily":false,"chose_seed":false,"campfire_upgraded":3,"win_rate":0,"timestamp":1557697042,"path_taken":["M","M","?","?","?","R","E","?","T","R","M","E","M","?","R","BOSS","M","?","M","M","$","R","M","E","T","?","?","M","E"],"build_version":"2019-01-23","purchased_purges":2,"victory":false,"max_hp_per_floor":[70,70,70,70,70,70,70,70,70,70,70,70,70,70,70,70,70,70,70,70,70,70,70,70,70,70,49,49,49,49],"card_choices":[{"not_picked":["Deflect","Catalyst","Concentrate"],"picked":"SKIP","floor":1},{"not_picked":["Deflect","Terror"],"picked":"Noxious Fumes","floor":2},{"not_picked":["Footwork","Reflex"],"picked":"Flechettes","floor":4},{"not_picked":["Bane","Dodge and Roll"],"picked":"Cloak And Dagger","floor":7},{"not_picked":["Poisoned Stab","Slice","Deflect"],"picked":"Bane","floor":11},{"not_picked":["Underhanded Strike","Sucker Punch","Backstab","Flying Knee"],"picked":"SKIP","floor":12},{"not_picked":["Backflip","Dash","Bullet Time"],"picked":"Riddle With Holes","floor":13},{"not_picked":["Die Die Die","Night Terror","Unload"],"picked":"Envenom","floor":16},{"not_picked":["Bouncing Flask","Flying Knee","Masterful Stab"],"picked":"Bane+1","floor":18},{"not_picked":["Tactician","Endless Agony+1","Quick Slash","Sucker Punch+1"],"picked":"SKIP","floor":20},{"not_picked":["Bane","Choke","Slice"],"picked":"Riddle With Holes+1","floor":21},{"not_picked":["Flechettes+1","Dagger Spray","Blade Dance"],"picked":"Predator","floor":24},{"not_picked":["Calculated Gamble","Bane","Noxious Fumes"],"picked":"Dodge and Roll","floor":25},{"not_picked":["Outmaneuver+1","Predator+1","Underhanded Strike"],"picked":"Bouncing Flask","floor":29}],"player_experience":240765,"relics_obtained":[{"floor":7,"key":"Question Card"},{"floor":8,"key":"Oddly Smooth Stone"},{"floor":9,"key":"PreservedInsect"},{"floor":12,"key":"Boot"},{"floor":19,"key":"Necronomicon"},{"floor":25,"key":"Sundial"},{"floor":26,"key":"Snake Skull"}],"event_choices":[{"damage_healed":0,"gold_gain":0,"player_choice":"Upgraded","damage_taken":0,"max_hp_gain":0,"max_hp_loss":0,"event_name":"Upgrade Shrine","floor":3,"gold_loss":0,"cards_upgraded":["Neutralize"]},{"cards_removed":["Strike_G"],"damage_healed":0,"gold_gain":0,"player_choice":"Card Removal","damage_taken":7,"max_hp_gain":0,"max_hp_loss":0,"event_name":"Golden Wing","floor":5,"gold_loss":0},{"damage_healed":0,"gold_gain":0,"player_choice":"Obtained Book","damage_taken":16,"max_hp_gain":0,"max_hp_loss":0,"event_name":"Cursed Tome","floor":19,"gold_loss":0},{"damage_healed":0,"gold_gain":0,"player_choice":"Became a vampire","damage_taken":0,"max_hp_gain":0,"max_hp_loss":21,"event_name":"Vampires","floor":27,"gold_loss":0,"cards_obtained":["Bite","Bite","Bite","Bite","Bite"]},{"cards_removed":["Flechettes"],"damage_healed":0,"gold_gain":0,"player_choice":"Gave Gold","damage_taken":0,"max_hp_gain":0,"max_hp_loss":0,"event_name":"Beggar","floor":28,"gold_loss":75}],"is_beta":false,"boss_relics":[{"not_picked":["Ectoplasm","Black Star"],"picked":"Philosopher\u0027s Stone"}],"items_purged_floors":[14,22],"is_endless":false,"potions_floor_spawned":[4,11,12,13,18,21,25],"killed_by":"Gremlin Leader","ascension_level":5}