{"gold_per_floor":[117,135,135,147,165,192,192,267,267,267,277,295,267,267],"floor_reached":14,"playtime":850,"items_purged":[],"score":103,"play_id":"946eafb7-cc8d-4f25-98cd-db8bdcbbc3c5","local_time":"20181230220827","is_ascension_mode":true,"campfire_choices":[{"data":"Dash","floor":10,"key":"SMITH"}],"neow_cost":"NONE","seed_source_timestamp":104045650032444,"circlet_count":0,"master_deck":["Defend_G","Defend_G+1","Defend_G","Defend_G","Defend_G","Strike_G","Strike_G","Strike_G","Strike_G","Strike_G","Survivor","Neutralize+1","Finisher","Cloak And Dagger","Catalyst","Deflect","Dash+1","Well Laid Plans","Caltrops","Tactician","Cloak And Dagger","Prepared","PiercingWail","Blur","Cloak And Dagger"],"relics":["Orrery","Juzu Bracelet"],"potions_floor_usage":[6,6,14],"damage_taken":[{"damage":0,"enemies":"Small Slimes","floor":1,"turns":3},{"damage":6,"enemies":"Jaw Worm","floor":2,"turns":4},{"damage":0,"enemies":"Cultist","floor":4,"turns":4},{"damage":3,"enemies":"Looter","floor":5,"turns":4},{"damage":4,"enemies":"3 Sentries","floor":6,"turns":8},{"damage":5,"enemies":"Red Slaver","floor":11,"turns":3},{"damage":3,"enemies":"2 Fungi Beasts","floor":12,"turns":4},{"damage":0,"enemies":"Exordium Thugs","floor":13,"turns":5},{"damage":55,"enemies":"Lagavulin","floor":14,"turns":12}],"seed_played":"-3687869662505068973","potions_obtained":[{"floor":1,"key":"Poison Potion"},{"floor":4,"key":"Block Potion"},{"floor":11,"key":"SpeedPotion"}],"is_trial":false,"path_per_floor":["M","M","?","M","M","E","?","?","T","R","M","M","M","E"],"character_chosen":"THE_SILENT","items_purchased":[],"campfire_rested":0,"item_purchase_floors":[],"current_hp_per_floor":[70,64,50,50,47,43,66,55,55,55,50,47,47,0],"gold":267,"neow_bonus":"BOSS_RELIC","is_prod":false,"is_daily":false,"chose_seed":false,"campfire_upgraded":1,"win_rate":0,"timestamp":1546225707,"path_taken":["M","M","?","M","M","E","?","?","T","R","M","M","M","E"],"build_version":"2018-12-20","purchased_purges":0,"victory":false,"max_hp_per_floor":[70,70,70,70,70,70,70,70,70,70,70,70,70,70],"card_choices":[{"not_picked":["Deflect","Poisoned Stab"],"picked":"Finisher","floor":0},{"not_picked":["Terror","Bane"],"picked":"Cloak And Dagger","floor":0},{"not_picked":["Bane","Setup"],"picked":"Catalyst","floor":0},{"not_picked":["Deadly Poison","Slice"],"picked":"Deflect","floor":0},{"not_picked":["Predator","Dodge and Roll"],"picked":"Dash","floor":0},{"not_picked":["Backflip","Finisher"],"picked":"Well Laid Plans","floor":1},{"not_picked":["Distraction","Acrobatics"],"picked":"Caltrops","floor":2},{"not_picked":["Flying Knee","Outmaneuver"],"picked":"Tactician","floor":4},{"not_picked":["PiercingWail","Underhanded Strike"],"picked":"Cloak And Dagger","floor":5},{"not_picked":["Concentrate","Masterful Stab"],"picked":"Prepared","floor":6},{"not_picked":["Well Laid Plans","Outmaneuver"],"picked":"PiercingWail","floor":11},{"not_picked":["Tactician","Storm of Steel"],"picked":"Blur","floor":12},{"not_picked":["Backflip","Setup"],"picked":"Cloak And Dagger","floor":13}],"player_experience":289736,"relics_obtained":[{"floor":6,"key":"Juzu Bracelet"}],"event_choices":[{"damage_healed":0,"gold_gain":0,"player_choice":"Entered Light","damage_taken":14,"max_hp_gain":0,"max_hp_loss":0,"event_name":"Shining Light","floor":3,"gold_loss":0,"cards_upgraded":["Neutralize","Defend_G"]},{"damage_healed":23,"gold_gain":0,"player_choice":"Banana","damage_taken":0,"max_hp_gain":0,"max_hp_loss":0,"event_name":"Big Fish","floor":7,"gold_loss":0},{"damage_healed":0,"gold_gain":75,"player_choice":"Gather Gold","damage_taken":11,"max_hp_gain":0,"max_hp_loss":0,"event_name":"World of Goop","floor":8,"gold_loss":0}],"is_beta":false,"boss_relics":[],"items_purged_floors":[],"is_endless":false,"potions_floor_spawned":[1,4,11],"killed_by":"Lagavulin","ascension_level":2}