{"gold_per_floor":[110,127,147,117,117,142,92,267,267,286,311,18,38,38],"floor_reached":14,"playtime":1303,"items_purged":[],"score":110,"play_id":"e566710a-e213-4b38-94a8-b7fb3c14b72d","local_time":"20181228141704","is_ascension_mode":true,"campfire_choices":[],"neow_cost":"NONE","seed_source_timestamp":681272767058968,"circlet_count":0,"master_deck":["Defend_G","Defend_G","Defend_G","Defend_G","Strike_G+1","Strike_G+1","Strike_G","Strike_G","Survivor","Neutralize","Expertise","Footwork","Dash","Prepared","Dagger Throw","Noxious Fumes","Doubt","Predator","Envenom","Dash"],"relics":["Ring of the Snake","Thread and Needle","Toxic Egg 2","Incense Burner"],"potions_floor_usage":[3,11],"damage_taken":[{"damage":1,"enemies":"Small Slimes","floor":1,"turns":4},{"damage":0,"enemies":"2 Louse","floor":2,"turns":3},{"damage":0,"enemies":"Jaw Worm","floor":3,"turns":6},{"damage":0,"enemies":"Looter","floor":4,"turns":4},{"damage":10,"enemies":"3 Sentries","floor":6,"turns":10},{"damage":7,"enemies":"Exordium Thugs","floor":10,"turns":6},{"damage":25,"enemies":"Lagavulin","floor":11,"turns":6},{"damage":0,"enemies":"Red Slaver","floor":13,"turns":7},{"damage":14,"enemies":"3 Sentries","floor":14,"turns":4}],"seed_played":"-7810840147827468717","potions_obtained":[{"floor":1,"key":"Explosive Potion"},{"floor":10,"key":"Explosive Potion"},{"floor":11,"key":"FearPotion"}],"is_trial":false,"path_per_floor":["M","M","M","M","?","E","?","?","T","M","E","$","M","E"],"character_chosen":"THE_SILENT","items_purchased":["Incense Burner"],"campfire_rested":0,"item_purchase_floors":[12],"current_hp_per_floor":[69,69,69,69,55,45,45,45,45,38,13,13,13,0],"gold":38,"neow_bonus":"TRANSFORM_CARD","is_prod":false,"is_daily":false,"chose_seed":false,"campfire_upgraded":0,"win_rate":0,"timestamp":1546024624,"path_taken":["M","M","M","M","?","E","?","?","T","?","E","$","M","E"],"build_version":"2018-12-20","purchased_purges":0,"victory":false,"max_hp_per_floor":[70,70,70,70,70,70,70,70,70,70,70,70,70,70],"card_choices":[{"not_picked":["Crippling Poison","Dagger Spray"],"picked":"Footwork","floor":1},{"not_picked":["Bane","Underhanded Strike"],"picked":"Dash","floor":2},{"not_picked":["Backstab","Crippling Poison"],"picked":"Prepared","floor":3},{"not_picked":["Outmaneuver","Deflect"],"picked":"Dagger Throw","floor":4},{"not_picked":["Crippling Poison","Choke"],"picked":"Noxious Fumes","floor":6},{"not_picked":["Cloak And Dagger","Deadly Poison"],"picked":"Predator","floor":10},{"not_picked":["Dagger Spray","Slice"],"picked":"Envenom","floor":11},{"not_picked":["Backstab","Well Laid Plans"],"picked":"Dash","floor":13}],"player_experience":240817,"relics_obtained":[{"floor":6,"key":"Thread and Needle"},{"floor":11,"key":"Toxic Egg 2"}],"event_choices":[{"damage_healed":0,"gold_gain":0,"player_choice":"Entered Light","damage_taken":14,"max_hp_gain":0,"max_hp_loss":0,"event_name":"Shining Light","floor":5,"gold_loss":0,"cards_upgraded":["Strike_G","Strike_G"]},{"cards_removed":["Defend_G"],"damage_healed":0,"gold_gain":0,"player_choice":"Card Removal","damage_taken":0,"max_hp_gain":0,"max_hp_loss":0,"event_name":"The Cleric","floor":7,"gold_loss":50},{"damage_healed":0,"gold_gain":175,"player_choice":"AGREE","damage_taken":0,"max_hp_gain":0,"max_hp_loss":0,"event_name":"Liars Game","floor":8,"gold_loss":0,"cards_obtained":["Doubt"]}],"is_beta":false,"boss_relics":[],"items_purged_floors":[],"is_endless":false,"potions_floor_spawned":[1,10,11],"killed_by":"3 Sentries","ascension_level":2}