{"gold_per_floor":[111,131,150,165,4,4,31,31,56,56,76,76,87,118,130,239,251,276,308,340,364,389,401,431,443,533,545,557,166,181,211,211,313,313,325,344,358,358],"floor_reached":38,"playtime":3021,"items_purged":["Strike_G"],"score":656,"play_id":"7dc3a2b8-1c4b-4240-93f1-bfd1b29509bc","local_time":"20190929163443","is_ascension_mode":true,"campfire_choices":[{"data":"Accuracy","floor":6.0,"key":"SMITH"},{"floor":8.0,"key":"REST"},{"data":"Cloak And Dagger","floor":10.0,"key":"SMITH"},{"data":"Cloak And Dagger","floor":15.0,"key":"SMITH"},{"data":"Blade Dance","floor":23,"key":"SMITH"},{"data":"Cloak And Dagger","floor":25,"key":"SMITH"},{"data":"Adrenaline","floor":28,"key":"SMITH"},{"data":"Accuracy","floor":32,"key":"SMITH"}],"neow_cost":"NONE","seed_source_timestamp":0,"circlet_count":0,"master_deck":["AscendersBane","Strike_G","Strike_G","Strike_G","Defend_G","Defend_G","Defend_G","Defend_G","Defend_G","Survivor+1","Neutralize","Adrenaline+1","Dagger Throw","Blade Dance+1","Backflip","Cloak And Dagger+1","Accuracy+1","Bandage Up+1","Cloak And Dagger+1","Deflect","Malaise","Poisoned Stab+1","Infinite Blades","Backflip+1","Cloak And Dagger+1","Accuracy+1","Accuracy+1","Blade Dance+1","Outmaneuver+1","After Image","Acrobatics+1","Parasite"],"special_seed":0,"relics":["Ring of the Snake","Potion Belt","War Paint","MawBank","Snecko Eye","Ornamental Fan","Letter Opener","DollysMirror","PreservedInsect","White Beast Statue"],"potions_floor_usage":[20,20,33,38,38,38],"damage_taken":[{"damage":0.0,"enemies":"Small Slimes","floor":1.0,"turns":3.0},{"damage":1.0,"enemies":"Cultist","floor":2.0,"turns":5.0},{"damage":0.0,"enemies":"Jaw Worm","floor":3.0,"turns":3.0},{"damage":1.0,"enemies":"Exordium Wildlife","floor":4.0,"turns":4.0},{"damage":24.0,"enemies":"3 Sentries","floor":7.0,"turns":9.0},{"damage":2.0,"enemies":"Blue Slaver","floor":11.0,"turns":4.0},{"damage":5.0,"enemies":"Exordium Thugs","floor":13.0,"turns":5.0},{"damage":9.0,"enemies":"Gremlin Nob","floor":14.0,"turns":3.0},{"damage":9.0,"enemies":"The Guardian","floor":16.0,"turns":17.0},{"damage":29,"enemies":"Shell Parasite","floor":18,"turns":9},{"damage":18,"enemies":"3 Byrds","floor":19,"turns":6},{"damage":1,"enemies":"Snake Plant","floor":20,"turns":4},{"damage":0,"enemies":"Centurion and Healer","floor":21,"turns":5},{"damage":0,"enemies":"Snecko","floor":22,"turns":6},{"damage":6,"enemies":"Snake Plant","floor":24,"turns":6},{"damage":3,"enemies":"Centurion and Healer","floor":30,"turns":7},{"damage":0,"enemies":"Gremlin Leader","floor":31,"turns":4},{"damage":29,"enemies":"Champ","floor":33,"turns":8},{"damage":31,"enemies":"3 Darklings","floor":35,"turns":7},{"damage":0,"enemies":"Orb Walker","floor":36,"turns":3},{"damage":27,"enemies":"Writhing Mass","floor":37,"turns":13},{"damage":26,"enemies":"Sphere and 2 Shapes","floor":38,"turns":3}],"seed_played":"2557488368309922581","potions_obtained":[{"floor":4.0,"key":"Fire Potion"},{"floor":7.0,"key":"GamblersBrew"},{"floor":11.0,"key":"FearPotion"},{"floor":13.0,"key":"EssenceOfSteel"},{"floor":18,"key":"Energy Potion"},{"floor":22,"key":"Explosive Potion"},{"floor":31,"key":"Poison Potion"},{"floor":35,"key":"LiquidBronze"},{"floor":36,"key":"Swift Potion"}],"is_trial":false,"path_per_floor":["M","M","M","M","$","R","E","R","T","R","M","?","M","E","R","B",null,"M","M","M","M","M","R","M","R","T","T","R","$","M","E","R","B",null,"M","M","M","M"],"character_chosen":"THE_SILENT","items_purchased":["Accuracy","Bandage Up","Accuracy","DollysMirror","Weak Potion"],"campfire_rested":1,"item_purchase_floors":[5,5,29,29,29],"current_hp_per_floor":[63,62,62,61,61,61,41,62,62,62,66,66,65,61,61,58,67,42,30,35,41,47,47,47,47,47,47,47,47,50,56,56,33,61,36,42,21,0],"gold":358,"neow_bonus":"ONE_RANDOM_RARE_CARD","is_prod":false,"is_daily":false,"chose_seed":false,"campfire_upgraded":7,"win_rate":0,"timestamp":1569767683,"path_taken":["M","M","M","M","$","R","E","R","T","R","M","?","M","E","R","BOSS","M","M","?","M","M","R","M","R","T","?","R","?","M","E","R","BOSS","M","M","M","M"],"build_version":"2019-07-17","purchased_purges":1,"victory":false,"max_hp_per_floor":[70,70,70,70,70,70,70,70,70,70,70,70,70,70,70,70,70,70,70,70,70,70,70,70,70,70,70,70,70,70,70,70,70,70,70,70,70,70],"card_choices":[{"not_picked":["Quick Slash","Choke"],"picked":"Dagger Throw","floor":1.0},{"not_picked":["Flying Knee","Slice"],"picked":"Blade Dance","floor":2.0},{"not_picked":["Escape Plan","Bouncing Flask"],"picked":"Backflip","floor":3.0},{"not_picked":["Eviscerate","Infinite Blades"],"picked":"Cloak And Dagger","floor":4.0},{"not_picked":["Dodge and Roll","Flechettes"],"picked":"Cloak And Dagger","floor":7.0},{"not_picked":["Dash","Backflip","Quick Slash"],"picked":"SKIP","floor":11.0},{"not_picked":["Endless Agony","Dagger Throw","Sucker Punch"],"picked":"SKIP","floor":13.0},{"not_picked":["Dagger Throw","Doppelganger"],"picked":"Deflect","floor":14.0},{"not_picked":["Bullet Time","Grand Finale"],"picked":"Malaise","floor":16.0},{"not_picked":["Deadly Poison","Bane+1"],"picked":"Poisoned Stab+1","floor":18},{"not_picked":["PiercingWail","Acrobatics","Setup"],"picked":"SKIP","floor":19},{"not_picked":["Acrobatics","Bane"],"picked":"Infinite Blades","floor":20},{"not_picked":["Acrobatics","Reflex+1"],"picked":"Backflip+1","floor":21},{"not_picked":["Reflex+1","Poisoned Stab","Slice"],"picked":"SKIP","floor":22},{"not_picked":["Bullet Time","Prepared"],"picked":"Cloak And Dagger","floor":24},{"not_picked":["Finisher","Dagger Throw+1"],"picked":"Blade Dance+1","floor":30},{"not_picked":["PiercingWail","Setup"],"picked":"Outmaneuver+1","floor":31},{"not_picked":["Grand Finale","Venomology"],"picked":"After Image","floor":33},{"not_picked":["Deadly Poison+1","Bane+1"],"picked":"Acrobatics+1","floor":35},{"not_picked":["Heel Hook+1","Deflect+1","Finisher+1"],"picked":"SKIP","floor":36},{"not_picked":["Distraction+1","Backflip","Reflex"],"picked":"SKIP","floor":37}],"player_experience":292599,"relics_obtained":[{"floor":7.0,"key":"Potion Belt"},{"floor":9.0,"key":"War Paint"},{"floor":14.0,"key":"MawBank"},{"floor":26,"key":"Ornamental Fan"},{"floor":27,"key":"Letter Opener"},{"floor":31,"key":"PreservedInsect"}],"event_choices":[{"cards_removed":["Strike_G"],"damage_healed":0.0,"max_hp_gain":0.0,"max_hp_loss":0.0,"gold_gain":0.0,"event_name":"Bonfire Elementals","player_choice":"Offered Basic","floor":12.0,"gold_loss":0.0,"damage_taken":0.0}],"is_beta":false,"boss_relics":[{"not_picked":["Runic Dome","Lizard Tail"],"picked":"Snecko Eye"},{"not_picked":["Orrery","Pandora\u0027s Box"],"picked":"White Beast Statue"}],"items_purged_floors":[29],"is_endless":false,"potions_floor_spawned":[4,7,11,13,18,22,31,35,36,37],"killed_by":"Sphere and 2 Shapes","ascension_level":10}