{"gold_per_floor":[10,30,48,13,13,38,53,53],"floor_reached":8,"playtime":752,"items_purged":[],"score":93,"play_id":"3586b342-1060-46f8-af1a-a942d96426db","local_time":"20190917181439","is_ascension_mode":true,"campfire_choices":[],"neow_cost":"NO_GOLD","seed_source_timestamp":392386935600,"circlet_count":0,"master_deck":["AscendersBane","Strike_R","Strike_R","Strike_R","Strike_R","Strike_R","Defend_R","Defend_R","Defend_R","Defend_R","Bash","Juggernaut","Battle Trance","Infernal Blade","Headbutt","Bash","Rage","Shrug It Off","Metallicize"],"relics":["Burning Blood","Self Forming Clay"],"potions_floor_usage":[6,8],"damage_taken":[{"damage":16,"enemies":"Small Slimes","floor":1,"turns":4},{"damage":10,"enemies":"2 Louse","floor":2,"turns":3},{"damage":6,"enemies":"Cultist","floor":3,"turns":3},{"damage":42,"enemies":"Lagavulin","floor":6,"turns":6},{"damage":0,"enemies":"3 Louse","floor":7,"turns":5},{"damage":50,"enemies":"Gremlin Nob","floor":8,"turns":5}],"seed_played":"-8675488886433746679","potions_obtained":[{"floor":3,"key":"Ancient Potion"},{"floor":7,"key":"SteroidPotion"}],"is_trial":false,"path_per_floor":["M","M","M","?","?","E","M","E"],"character_chosen":"IRONCLAD","items_purchased":[],"campfire_rested":0,"item_purchase_floors":[],"current_hp_per_floor":[62,58,58,78,78,42,48,0],"gold":53,"neow_bonus":"THREE_RARE_CARDS","is_prod":false,"is_daily":false,"chose_seed":false,"campfire_upgraded":0,"win_rate":0,"timestamp":1568758479,"path_taken":["M","M","M","?","?","E","M","E"],"build_version":"2019-07-17","purchased_purges":0,"victory":false,"max_hp_per_floor":[80,80,80,80,80,80,80,80],"card_choices":[{"not_picked":["Dark Embrace","Brutality"],"picked":"Juggernaut","floor":0},{"not_picked":["Sword Boomerang","Blood for Blood"],"picked":"Battle Trance","floor":1},{"not_picked":["Flex","Hemokinesis"],"picked":"Infernal Blade","floor":2},{"not_picked":["Pommel Strike","Heavy Blade"],"picked":"Headbutt","floor":3},{"not_picked":["Warcry","Iron Wave"],"picked":"Shrug It Off","floor":6},{"not_picked":["Spot Weakness","Heavy Blade"],"picked":"Metallicize","floor":7}],"player_experience":662258,"relics_obtained":[{"floor":6,"key":"Self Forming Clay"}],"event_choices":[{"damage_healed":20,"gold_gain":0,"player_choice":"Healed","damage_taken":0,"max_hp_gain":0,"max_hp_loss":0,"event_name":"The Cleric","floor":4,"gold_loss":35},{"damage_healed":0,"gold_gain":0,"player_choice":"2 cards matched","damage_taken":0,"max_hp_gain":0,"max_hp_loss":0,"event_name":"Match and Keep!","floor":5,"gold_loss":0,"cards_obtained":["Bash","Rage"]}],"is_beta":false,"boss_relics":[],"items_purged_floors":[],"is_endless":false,"potions_floor_spawned":[3,7],"killed_by":"Gremlin Nob","ascension_level":12}