{"gold_per_floor":[118,46,11,28,28,28,5,34,57,57,86,86,1,27,27,127,127,146,166,166],"floor_reached":20,"playtime":1254,"items_purged":[],"score":244,"play_id":"4e2669d9-4127-4c2e-aff0-f0cb51f0e0e3","local_time":"20190210222230","is_ascension_mode":true,"campfire_choices":[{"data":"Zap","floor":6,"key":"SMITH"},{"floor":10,"key":"REST"},{"floor":12,"key":"REST"},{"data":"Defragment","floor":15,"key":"SMITH"}],"neow_cost":"NONE","seed_source_timestamp":1228677331390157,"circlet_count":0,"master_deck":["Strike_B","Strike_B","Strike_B","Defend_B","Defend_B","Defend_B","Defend_B","Zap+1","Dualcast","Go for the Eyes","Conserve Battery","Go for the Eyes","Leap","Redo","Defragment+1","Cold Snap","Storm","Coolheaded","Amplify","Reboot","Redo+1","BootSequence+1"],"relics":["Lizard Tail","Bottled Lightning","Darkstone Periapt","Smiling Mask","Nuclear Battery"],"potions_floor_usage":[14,16],"damage_taken":[{"damage":10,"enemies":"Cultist","floor":1,"turns":5},{"damage":0,"enemies":"2 Louse","floor":4,"turns":3},{"damage":38,"enemies":"Lagavulin","floor":8,"turns":10},{"damage":56,"enemies":"3 Sentries","floor":11,"turns":10},{"damage":6,"enemies":"Lagavulin","floor":14,"turns":6},{"damage":32,"enemies":"The Guardian","floor":16,"turns":17},{"damage":4,"enemies":"Shell Parasite","floor":18,"turns":10},{"damage":29,"enemies":"3 Byrds","floor":19,"turns":5},{"damage":31,"enemies":"Snake Plant","floor":20,"turns":5}],"seed_played":"-8547207064202994120","potions_obtained":[{"floor":8,"key":"Ancient Potion"},{"floor":14,"key":"Poison Potion"},{"floor":16,"key":"Ancient Potion"},{"floor":18,"key":"FearPotion"}],"is_trial":false,"path_per_floor":["M","$","?","M","?","R","$","E","T","R","E","R","$","E","R","B",null,"M","M","M"],"character_chosen":"DEFECT","items_purchased":["Conserve Battery","Go for the Eyes","Redo","Storm","Coolheaded"],"campfire_rested":2,"item_purchase_floors":[2,2,7,13,13],"current_hp_per_floor":[58,58,75,75,68,68,68,30,30,52,37,59,59,53,53,21,62,58,29,0],"gold":166,"neow_bonus":"BOSS_RELIC","is_prod":false,"is_daily":false,"chose_seed":false,"campfire_upgraded":2,"win_rate":0,"timestamp":1549855350,"path_taken":["M","?","?","M","?","R","$","E","T","R","E","R","?","E","R","BOSS","M","M","M"],"build_version":"2019-01-23","purchased_purges":0,"victory":false,"max_hp_per_floor":[75,75,75,75,75,75,75,75,75,75,75,75,75,75,75,75,75,75,75,75],"card_choices":[{"not_picked":["Chaos","Tempest"],"picked":"Go for the Eyes","floor":1},{"not_picked":["Barrage","Heatsinks"],"picked":"Leap","floor":4},{"not_picked":["Static Discharge","Self Repair"],"picked":"Defragment","floor":8},{"not_picked":["Coolheaded","Steam"],"picked":"Cold Snap","floor":11},{"not_picked":["Streamline","Beam Cell"],"picked":"Amplify","floor":14},{"not_picked":["Amplify","Fission"],"picked":"Reboot","floor":16},{"not_picked":["Darkness","Recycle"],"picked":"Redo+1","floor":18},{"not_picked":["Recycle","Scrape"],"picked":"BootSequence+1","floor":19}],"player_experience":445286,"relics_obtained":[{"floor":8,"key":"Bottled Lightning"},{"floor":11,"key":"Darkstone Periapt"},{"floor":14,"key":"Smiling Mask"}],"event_choices":[{"damage_healed":18,"gold_gain":0,"player_choice":"Healed","damage_taken":0,"max_hp_gain":0,"max_hp_loss":0,"event_name":"The Cleric","floor":3,"gold_loss":35},{"cards_removed":["Strike_B"],"damage_healed":0,"gold_gain":0,"player_choice":"Card Removal","damage_taken":7,"max_hp_gain":0,"max_hp_loss":0,"event_name":"Golden Wing","floor":5,"gold_loss":0}],"is_beta":false,"boss_relics":[{"not_picked":["Empty Cage","Ectoplasm"],"picked":"Nuclear Battery"}],"items_purged_floors":[],"is_endless":false,"potions_floor_spawned":[8,14,16,18],"killed_by":"Snake Plant","ascension_level":6}