{"gold_per_floor":[117,67,83,83,83,83,109,109,109,143,143,159,159,171,171,275,275,287,305,80,95,20,20,35,60,60,60,74,85,85,98,98,98],"floor_reached":33,"playtime":1488,"items_purged":["Perfected Strike+1"],"score":416,"play_id":"6b93237e-fb7c-4b67-9710-b8af167e5fad","local_time":"20190509224606","is_ascension_mode":true,"campfire_choices":[{"data":"Fiend Fire","floor":6,"key":"SMITH"},{"data":"Intimidate","floor":8,"key":"SMITH"},{"floor":11,"key":"REST"},{"data":"Immolate","floor":13,"key":"SMITH"},{"data":"Pommel Strike","floor":15,"key":"SMITH"},{"data":"Double Tap","floor":23,"key":"SMITH"},{"floor":27,"key":"REST"},{"data":"True Grit","floor":30,"key":"SMITH"},{"data":"Inflame","floor":32,"key":"SMITH"}],"neow_cost":"NONE","seed_source_timestamp":5354891146153,"circlet_count":0,"master_deck":["AscendersBane","Defend_R","Defend_R","Defend_R","Defend_R","Bash","Fiend Fire+1","Intimidate+1","Pommel Strike+1","Anger","Immolate+1","Double Tap+1","Pommel Strike+1","Spot Weakness+1","Shrug It Off+1","Inflame+1","Pummel+1","True Grit+1","Intimidate+1","Ghostly Armor+1"],"relics":["Burning Blood","Self Forming Clay","Regal Pillow","Letter Opener","Astrolabe","Oddly Smooth Stone","Calipers","Thread and Needle"],"potions_floor_usage":[31,33,33],"damage_taken":[{"damage":2,"enemies":"2 Louse","floor":1,"turns":3},{"damage":2,"enemies":"Small Slimes","floor":3,"turns":4},{"damage":45,"enemies":"3 Sentries","floor":7,"turns":16},{"damage":32,"enemies":"Lagavulin","floor":10,"turns":6},{"damage":0,"enemies":"Cultist","floor":12,"turns":3},{"damage":5,"enemies":"Red Slaver","floor":14,"turns":4},{"damage":38,"enemies":"The Guardian","floor":16,"turns":12},{"damage":6,"enemies":"3 Byrds","floor":18,"turns":3},{"damage":10,"enemies":"2 Thieves","floor":19,"turns":3},{"damage":24,"enemies":"Snake Plant","floor":21,"turns":2},{"damage":0,"enemies":"3 Cultists","floor":24,"turns":1},{"damage":48,"enemies":"Book of Stabbing","floor":25,"turns":5},{"damage":12,"enemies":"Centurion and Healer","floor":28,"turns":5},{"damage":12,"enemies":"Snake Plant","floor":29,"turns":4},{"damage":0,"enemies":"3 Cultists","floor":31,"turns":2},{"damage":63,"enemies":"Collector","floor":33,"turns":5}],"seed_played":"-6679746546636077841","potions_obtained":[{"floor":7,"key":"SpeedPotion"},{"floor":14,"key":"PowerPotion"},{"floor":16,"key":"Dexterity Potion"},{"floor":29,"key":"SteroidPotion"},{"floor":31,"key":"Fruit Juice"}],"is_trial":false,"path_per_floor":["M","?","M","?","?","R","E","R","T","E","R","M","R","M","R","B",null,"M","M","$","M","?","R","M","E","T","R","M","M","R","M","R","B"],"character_chosen":"IRONCLAD","items_purchased":["Oddly Smooth Stone"],"campfire_rested":2,"item_purchase_floors":[20],"current_hp_per_floor":[76,76,80,80,85,85,46,46,46,20,60,66,66,67,67,35,73,73,69,69,51,51,51,57,15,15,55,49,43,43,54,54,0],"gold":98,"neow_bonus":"ONE_RANDOM_RARE_CARD","is_prod":false,"is_daily":false,"chose_seed":false,"campfire_upgraded":7,"win_rate":0,"timestamp":1557434766,"path_taken":["M","?","M","?","?","R","E","R","T","E","R","M","R","M","R","BOSS","M","M","$","M","?","R","M","E","T","R","M","M","R","M","R","BOSS"],"build_version":"2019-01-23","purchased_purges":1,"victory":false,"max_hp_per_floor":[80,80,80,80,85,85,85,85,85,85,85,85,85,85,85,85,85,85,85,85,85,85,85,85,85,85,85,85,85,85,90,90,90],"card_choices":[{"not_picked":["Clothesline","Bloodletting","Heavy Blade"],"picked":"SKIP","floor":1},{"not_picked":["Sentinel","Sword Boomerang"],"picked":"Intimidate","floor":3},{"not_picked":["Reckless Charge","Combust"],"picked":"Pommel Strike","floor":7},{"not_picked":["Headbutt","True Grit"],"picked":"Anger","floor":10},{"not_picked":["Twin Strike","Infernal Blade"],"picked":"Immolate","floor":12},{"not_picked":["Burning Pact","Headbutt"],"picked":"Pommel Strike","floor":14},{"not_picked":["Immolate","Demon Form"],"picked":"Double Tap","floor":16},{"not_picked":["Battle Trance","Perfected Strike"],"picked":"Shrug It Off+1","floor":18},{"not_picked":["Warcry+1","Clash"],"picked":"Inflame","floor":19},{"not_picked":["Armaments+1","Intimidate","Iron Wave"],"picked":"SKIP","floor":21},{"not_picked":["Spot Weakness","Thunderclap"],"picked":"Pummel+1","floor":24},{"not_picked":["Blood for Blood","Combust"],"picked":"True Grit","floor":25},{"not_picked":["Pommel Strike+1","Clash"],"picked":"Intimidate+1","floor":28},{"not_picked":["Anger","Entrench","Rampage+1"],"picked":"SKIP","floor":29},{"not_picked":["Feel No Pain","Thunderclap"],"picked":"Ghostly Armor+1","floor":31}],"player_experience":267856,"relics_obtained":[{"floor":7,"key":"Self Forming Clay"},{"floor":9,"key":"Regal Pillow"},{"floor":10,"key":"Letter Opener"},{"floor":25,"key":"Calipers"},{"floor":26,"key":"Thread and Needle"}],"event_choices":[{"cards_removed":["Strike_R"],"damage_healed":0,"gold_gain":0,"player_choice":"Card Removal","damage_taken":0,"max_hp_gain":0,"max_hp_loss":0,"event_name":"The Cleric","floor":2,"gold_loss":50},{"cards_removed":["Strike_R"],"damage_healed":0,"gold_gain":0,"player_choice":"Forget","damage_taken":0,"max_hp_gain":0,"max_hp_loss":0,"event_name":"Living Wall","floor":4,"gold_loss":0},{"damage_healed":0,"gold_gain":0,"player_choice":"Donut","damage_taken":0,"max_hp_gain":5,"max_hp_loss":0,"event_name":"Big Fish","floor":5,"gold_loss":0},{"cards_removed":["Pommel Strike"],"damage_healed":0,"gold_gain":0,"player_choice":"Gave Gold","damage_taken":0,"max_hp_gain":0,"max_hp_loss":0,"event_name":"Beggar","floor":22,"gold_loss":75}],"is_beta":false,"boss_relics":[{"not_picked":["Calling Bell","Black Blood"],"picked":"Astrolabe"}],"items_purged_floors":[20],"is_endless":false,"potions_floor_spawned":[7,14,16,18,24,29,31],"killed_by":"Collector","ascension_level":10}