{"gold_per_floor":[113,127,144,144,159,159,189,189,263,278,305,305,330,344,344,344],"floor_reached":16,"playtime":808,"items_purged":[],"score":183,"play_id":"ede2d5b6-9968-4106-aeca-e60416559608","local_time":"20190929224059","is_ascension_mode":true,"campfire_choices":[{"data":"Armaments","floor":6,"key":"SMITH"},{"floor":8,"key":"REST"},{"floor":12,"key":"REST"},{"floor":15,"key":"REST"}],"neow_cost":"NONE","seed_source_timestamp":42141970806772,"circlet_count":0,"master_deck":["AscendersBane","Strike_R","Strike_R","Strike_R","Strike_R","Strike_R","Defend_R","Defend_R","Defend_R","Defend_R","Bash","Headbutt","Pommel Strike","Armaments+1","Warcry","Inflame","Cleave","Reaper"],"relics":["Burning Blood","Turnip","Singing Bowl","Art of War","Boot"],"potions_floor_usage":[7,7],"damage_taken":[{"damage":7,"enemies":"Jaw Worm","floor":1,"turns":4},{"damage":0,"enemies":"Small Slimes","floor":2,"turns":3},{"damage":14,"enemies":"Cultist","floor":3,"turns":5},{"damage":53,"enemies":"Exordium Thugs","floor":5,"turns":8},{"damage":8,"enemies":"Gremlin Nob","floor":7,"turns":3},{"damage":10,"enemies":"3 Louse","floor":10,"turns":4},{"damage":40,"enemies":"3 Sentries","floor":11,"turns":9},{"damage":34,"enemies":"Lagavulin","floor":13,"turns":8},{"damage":13,"enemies":"Blue Slaver","floor":14,"turns":6},{"damage":45,"enemies":"Hexaghost","floor":16,"turns":9}],"seed_played":"8362145809579205865","potions_obtained":[{"floor":2,"key":"FearPotion"},{"floor":5,"key":"Strength Potion"},{"floor":7,"key":"Swift Potion"},{"floor":13,"key":"Energy Potion"},{"floor":14,"key":"SmokeBomb"}],"is_trial":false,"path_per_floor":["M","M","M","?","M","R","E","R","T","M","E","R","E","M","R","B"],"character_chosen":"IRONCLAD","items_purchased":[],"campfire_rested":3,"item_purchase_floors":[],"current_hp_per_floor":[79,85,77,77,30,30,28,54,54,50,16,42,16,16,43,7],"gold":344,"neow_bonus":"TEN_PERCENT_HP_BONUS","is_prod":false,"is_daily":false,"chose_seed":false,"campfire_upgraded":1,"win_rate":0,"timestamp":1569789659,"path_taken":["M","M","M","?","M","R","E","R","T","M","E","R","E","M","R","BOSS"],"build_version":"2019-07-17","purchased_purges":0,"victory":false,"max_hp_per_floor":[88,88,88,88,88,88,88,88,88,88,88,88,90,92,92,92],"card_choices":[{"not_picked":["True Grit","Feel No Pain"],"picked":"Headbutt","floor":1},{"not_picked":["Twin Strike","Entrench"],"picked":"Pommel Strike","floor":2},{"not_picked":["Hemokinesis","Carnage"],"picked":"Armaments","floor":3},{"not_picked":["Searing Blow","Headbutt"],"picked":"Warcry","floor":5},{"not_picked":["Body Slam","Power Through"],"picked":"Inflame","floor":7},{"not_picked":["Whirlwind","Bloodletting"],"picked":"Cleave","floor":10},{"not_picked":["Sword Boomerang","Shrug It Off"],"picked":"Reaper","floor":11},{"not_picked":["Combust","Second Wind","Power Through"],"picked":"Singing Bowl","floor":13},{"not_picked":["Dropkick","Warcry","Intimidate"],"picked":"Singing Bowl","floor":14}],"player_experience":309760,"relics_obtained":[{"floor":7,"key":"Turnip"},{"floor":9,"key":"Singing Bowl"},{"floor":11,"key":"Art of War"},{"floor":13,"key":"Boot"}],"event_choices":[{"damage_healed":0,"gold_gain":0,"player_choice":"Ignored","damage_taken":0,"max_hp_gain":0,"max_hp_loss":0,"event_name":"Golden Idol","floor":4,"gold_loss":0}],"is_beta":false,"boss_relics":[],"items_purged_floors":[],"is_endless":false,"potions_floor_spawned":[2,5,7,13,14],"killed_by":"Hexaghost","ascension_level":10}