{"gold_per_floor":[119,119,119,129,147,147,175,187,214,139,314,314,214,164,164,265,265,281,299,299,315,315,315,315,334,334,346,357,357,282,292,292,396,396,414,425,525,525,535,535],"floor_reached":40,"playtime":2055,"items_purged":["Defend_R","Strike_R"],"score":529,"play_id":"cab32ce9-00fd-4572-bea2-4390624e865d","local_time":"20190904155012","is_ascension_mode":true,"campfire_choices":[{"data":"Havoc","floor":6,"key":"SMITH"},{"data":"Combust","floor":15,"key":"SMITH"},{"data":"Bludgeon","floor":23,"key":"SMITH"},{"data":"Havoc","floor":32,"key":"SMITH"}],"neow_cost":"NONE","seed_source_timestamp":1734973779620272,"circlet_count":0,"master_deck":["Strike_R","Strike_R","Strike_R","Defend_R","Defend_R+1","Defend_R+1","Bash","Bludgeon+1","Inflame","Havoc+1","Shockwave","Combust+1","Warcry","Bludgeon","Pommel Strike+1","Warcry","Armaments","Sentinel+1","Havoc+1","Bludgeon","Combust+1","Havoc","Clothesline+1","Fire Breathing"],"relics":["Burning Blood","Juzu Bracelet","Blood Vial","Philosopher\u0027s Stone","Mummified Hand","Dream Catcher","Eternal Feather","Ginger"],"potions_floor_usage":[7,16,16,33,33,36,39,40,40],"damage_taken":[{"damage":0,"enemies":"Small Slimes","floor":1,"turns":2},{"damage":0,"enemies":"2 Louse","floor":4,"turns":3},{"damage":4,"enemies":"Jaw Worm","floor":5,"turns":2},{"damage":29,"enemies":"3 Sentries","floor":7,"turns":9},{"damage":14,"enemies":"3 Louse","floor":8,"turns":4},{"damage":10,"enemies":"Hexaghost","floor":16,"turns":9},{"damage":14,"enemies":"Spheric Guardian","floor":18,"turns":3},{"damage":23,"enemies":"2 Thieves","floor":19,"turns":3},{"damage":22,"enemies":"Centurion and Healer","floor":21,"turns":6},{"damage":20,"enemies":"Snake Plant","floor":25,"turns":3},{"damage":5,"enemies":"Snecko","floor":27,"turns":3},{"damage":14,"enemies":"Chosen and Byrds","floor":28,"turns":4},{"damage":3,"enemies":"Cultist and Chosen","floor":31,"turns":4},{"damage":98,"enemies":"Champ","floor":33,"turns":8},{"damage":11,"enemies":"Orb Walker","floor":35,"turns":3},{"damage":22,"enemies":"3 Darklings","floor":36,"turns":4},{"damage":39,"enemies":"Mind Bloom Boss Battle","floor":37,"turns":5},{"damage":34,"enemies":"Jaw Worm Horde","floor":39,"turns":3},{"damage":44,"enemies":"Nemesis","floor":40,"turns":3}],"seed_played":"4901985610080710938","potions_obtained":[{"floor":1,"key":"Fire Potion"},{"floor":5,"key":"Dexterity Potion"},{"floor":8,"key":"EssenceOfSteel"},{"floor":25,"key":"AttackPotion"},{"floor":27,"key":"BloodPotion"},{"floor":31,"key":"BloodPotion"},{"floor":35,"key":"AttackPotion"},{"floor":37,"key":"Poison Potion"},{"floor":39,"key":"SkillPotion"}],"is_trial":false,"path_per_floor":["M","?","?","M","M","R","E","M","T","$","?","?","$","?","R","B",null,"M","M","?","M","?","R","?","M","T","M","M","?","?","M","R","B",null,"M","M","?","?","M","E"],"character_chosen":"IRONCLAD","items_purchased":[],"campfire_rested":0,"item_purchase_floors":[],"current_hp_per_floor":[78,62,67,73,75,75,52,44,44,44,44,44,44,44,44,42,74,68,53,37,23,23,23,100,86,86,89,83,83,83,88,88,23,81,78,64,33,33,32,0],"gold":535,"neow_bonus":"ONE_RANDOM_RARE_CARD","is_prod":false,"is_daily":false,"chose_seed":false,"campfire_upgraded":4,"win_rate":0,"timestamp":1567608612,"path_taken":["M","?","?","M","M","R","E","M","T","$","?","?","?","?","R","BOSS","M","M","?","M","?","R","?","M","T","M","M","?","?","M","R","BOSS","M","M","?","?","M","E"],"build_version":"2019-07-17","purchased_purges":2,"victory":false,"max_hp_per_floor":[80,80,85,85,85,85,85,85,85,85,85,85,85,85,85,85,85,85,85,90,90,90,90,100,100,100,100,100,100,100,100,100,100,100,100,100,100,100,100,100],"card_choices":[{"not_picked":["Pommel Strike","Whirlwind"],"picked":"Inflame","floor":1},{"not_picked":["Entrench","Warcry"],"picked":"Havoc","floor":4},{"not_picked":["Flex","Sever Soul"],"picked":"Shockwave","floor":5},{"not_picked":["Clash","Wild Strike"],"picked":"Combust","floor":7},{"not_picked":["Body Slam","Fire Breathing"],"picked":"Warcry","floor":8},{"not_picked":["Double Tap","Reaper"],"picked":"Bludgeon","floor":16},{"not_picked":["Clash","Wild Strike+1"],"picked":"Pommel Strike+1","floor":18},{"not_picked":["True Grit","Power Through+1","Sword Boomerang"],"picked":"SKIP","floor":19},{"not_picked":["Rage","Iron Wave"],"picked":"Warcry","floor":21},{"not_picked":["Anger+1","Hemokinesis"],"picked":"Armaments","floor":25},{"not_picked":["Flex","Thunderclap","Anger"],"picked":"SKIP","floor":27},{"not_picked":["Cleave+1","Body Slam"],"picked":"Sentinel+1","floor":28},{"not_picked":["Burning Pact","Bludgeon"],"picked":"Havoc","floor":31},{"not_picked":["Limit Break","Reaper"],"picked":"Bludgeon","floor":33},{"not_picked":["Blood for Blood+1","Warcry+1"],"picked":"Combust+1","floor":35},{"not_picked":["Reckless Charge+1","Armaments+1"],"picked":"Havoc","floor":36},{"not_picked":["Body Slam","True Grit+1"],"picked":"Clothesline+1","floor":37},{"not_picked":["Twin Strike+1","Uppercut"],"picked":"Fire Breathing","floor":39}],"player_experience":331695,"relics_obtained":[{"floor":7,"key":"Juzu Bracelet"},{"floor":9,"key":"Blood Vial"},{"floor":26,"key":"Mummified Hand"},{"floor":37,"key":"Ginger"}],"event_choices":[{"damage_healed":0,"gold_gain":0,"player_choice":"Entered Light","damage_taken":16,"max_hp_gain":0,"max_hp_loss":0,"event_name":"Shining Light","floor":2,"gold_loss":0,"cards_upgraded":["Defend_R","Defend_R"]},{"damage_healed":0,"gold_gain":0,"player_choice":"Donut","damage_taken":0,"max_hp_gain":5,"max_hp_loss":0,"event_name":"Big Fish","floor":3,"gold_loss":0},{"damage_healed":0,"gold_gain":175,"player_choice":"AGREE","damage_taken":0,"max_hp_gain":0,"max_hp_loss":0,"event_name":"Liars Game","floor":11,"gold_loss":0,"cards_obtained":["Doubt"]},{"cards_removed":["Doubt"],"damage_healed":0,"gold_gain":0,"player_choice":"Forget","damage_taken":0,"max_hp_gain":0,"max_hp_loss":0,"event_name":"Living Wall","floor":12,"gold_loss":0},{"cards_removed":["Strike_R"],"damage_healed":0,"gold_gain":0,"player_choice":"Card Removal","damage_taken":0,"max_hp_gain":0,"max_hp_loss":0,"event_name":"The Cleric","floor":14,"gold_loss":50},{"damage_healed":0,"gold_gain":0,"player_choice":"Shed Blood","damage_taken":21,"max_hp_gain":5,"max_hp_loss":0,"event_name":"Forgotten Altar","floor":20,"gold_loss":0},{"damage_healed":0,"gold_gain":0,"player_choice":"Read","damage_taken":0,"max_hp_gain":0,"max_hp_loss":0,"event_name":"The Library","floor":22,"gold_loss":0,"cards_obtained":["Barricade"]},{"cards_removed":["Barricade"],"damage_healed":67,"gold_gain":0,"player_choice":"Offered Rare","damage_taken":0,"max_hp_gain":10,"max_hp_loss":0,"event_name":"Bonfire Elementals","floor":24,"gold_loss":0},{"damage_healed":0,"gold_gain":0,"player_choice":"Opened","damage_taken":0,"relics_obtained":["Dream Catcher"],"max_hp_gain":0,"max_hp_loss":0,"event_name":"The Mausoleum","floor":29,"gold_loss":0,"cards_obtained":["Writhe"]},{"cards_removed":["Writhe"],"damage_healed":0,"gold_gain":0,"player_choice":"Gave Gold","damage_taken":0,"max_hp_gain":0,"max_hp_loss":0,"event_name":"Beggar","floor":30,"gold_loss":75},{"damage_healed":0,"gold_gain":0,"player_choice":"Fight","damage_taken":0,"max_hp_gain":0,"max_hp_loss":0,"event_name":"MindBloom","floor":37,"gold_loss":0},{"damage_healed":0,"gold_gain":0,"player_choice":"Ignored","damage_taken":0,"max_hp_gain":0,"max_hp_loss":0,"event_name":"Tomb of Lord Red Mask","floor":38,"gold_loss":0}],"is_beta":false,"boss_relics":[{"not_picked":["Snecko Eye","Tiny House"],"picked":"Philosopher\u0027s Stone"},{"not_picked":["Orrery","Mark of Pain"],"picked":"Eternal Feather"}],"items_purged_floors":[10,13],"is_endless":false,"potions_floor_spawned":[1,5,8,25,27,31,35,37,39],"killed_by":"Nemesis","ascension_level":6}