{"gold_per_floor":[114,64,64,79,4,4,29,49,49,68,68,113,140,170,182,291,303,334,346,56,56,56,56,66,100,100,65,91,91,122,138,138,240,240,254,254,264,282,301,301,330,350,375,30,42,77,77,105,105,105],"floor_reached":50,"playtime":2374,"items_purged":["Defend_B","Regret"],"score":1019,"play_id":"97f5cfd6-4bfc-4e45-99a4-af557afa46bd","local_time":"20190929213049","is_ascension_mode":true,"campfire_choices":[{"floor":6,"key":"REST"},{"floor":15,"key":"REST"},{"data":"Creative AI","floor":23,"key":"SMITH"},{"floor":29,"key":"REST"},{"floor":32,"key":"REST"},{"floor":40,"key":"REST"},{"floor":49,"key":"REST"}],"neow_cost":"NONE","seed_source_timestamp":1047346648638200,"circlet_count":0,"master_deck":["AscendersBane","Strike_B+1","Strike_B","Strike_B","Defend_B","Defend_B","Defend_B","Zap+1","Dualcast","Rip and Tear","Capacitor","Ball Lightning","White Noise","Leap","Rebound","Hologram","Leap","Creative AI+1","Beam Cell","Ghostly","Ghostly","Ghostly","Ghostly","Ghostly","Panache","Steam","Self Repair","Writhe","Ghostly","Beam Cell","Lockon","Buffer","Tempest","Madness","Tempest","Ball Lightning+1","Gash+1","Madness","Madness","Ball Lightning+1"],"relics":["Cracked Core","Meat on the Bone","Pear","MawBank","Boot","Busted Crown","Cables","Incense Burner","Ornamental Fan","Vajra","Nunchaku","Philosopher\u0027s Stone","Pantograph","Bronze Scales","Mercury Hourglass","Molten Egg 2","Sundial"],"potions_floor_usage":[12,12,18,18,28,46,50],"damage_taken":[{"damage":1,"enemies":"Cultist","floor":1,"turns":4},{"damage":2,"enemies":"Jaw Worm","floor":4,"turns":3},{"damage":30,"enemies":"3 Sentries","floor":7,"turns":8},{"damage":0,"enemies":"Small Slimes","floor":8,"turns":3},{"damage":20,"enemies":"Exordium Wildlife","floor":10,"turns":3},{"damage":3,"enemies":"Gremlin Nob","floor":12,"turns":4},{"damage":11,"enemies":"Looter","floor":13,"turns":2},{"damage":18,"enemies":"3 Louse","floor":14,"turns":4},{"damage":57,"enemies":"Hexaghost","floor":16,"turns":9},{"damage":7,"enemies":"2 Thieves","floor":18,"turns":3},{"damage":4,"enemies":"Shell Parasite","floor":24,"turns":6},{"damage":15,"enemies":"Gremlin Leader","floor":25,"turns":7},{"damage":27,"enemies":"Book of Stabbing","floor":28,"turns":5},{"damage":27,"enemies":"Slavers","floor":30,"turns":5},{"damage":4,"enemies":"Cultist and Chosen","floor":31,"turns":6},{"damage":2,"enemies":"Automaton","floor":33,"turns":8},{"damage":35,"enemies":"3 Shapes","floor":35,"turns":6},{"damage":23,"enemies":"Orb Walker","floor":37,"turns":4},{"damage":27,"enemies":"4 Shapes","floor":38,"turns":7},{"damage":3,"enemies":"Jaw Worm Horde","floor":39,"turns":6},{"damage":1,"enemies":"Giant Head","floor":41,"turns":9},{"damage":26,"enemies":"Spire Growth","floor":42,"turns":6},{"damage":1,"enemies":"Writhing Mass","floor":45,"turns":6},{"damage":2,"enemies":"Reptomancer","floor":46,"turns":6},{"damage":29,"enemies":"Giant Head","floor":48,"turns":9},{"damage":46,"enemies":"Awakened One","floor":50,"turns":4}],"seed_played":"3212368022926906555","potions_obtained":[{"floor":1,"key":"Weak Potion"},{"floor":8,"key":"FearPotion"},{"floor":13,"key":"SteroidPotion"},{"floor":14,"key":"Explosive Potion"},{"floor":16,"key":"AttackPotion"},{"floor":25,"key":"EssenceOfSteel"},{"floor":28,"key":"FairyPotion"},{"floor":30,"key":"Weak Potion"},{"floor":39,"key":"Explosive Potion"}],"is_trial":false,"path_per_floor":["M","?","?","M","$","R","E","M","T","M","?","E","M","M","R","B",null,"M","?","$","?","?","R","M","E","T","$","E","R","E","M","R","B",null,"M","?","M","M","M","R","E","M","T","$","M","E","?","E","R","B"],"character_chosen":"DEFECT","items_purchased":["Panache","Steam","Self Repair","Lockon","Mercury Hourglass"],"campfire_rested":6,"item_purchase_floors":[20,20,20,27,44],"current_hp_per_floor":[74,74,58,56,56,80,50,50,60,52,52,49,50,44,71,26,76,69,46,46,46,46,46,46,38,38,38,23,36,28,31,44,42,45,29,29,18,23,32,45,46,32,32,32,38,36,30,20,33,0],"gold":105,"neow_bonus":"TEN_PERCENT_HP_BONUS","is_prod":false,"is_daily":false,"chose_seed":false,"campfire_upgraded":1,"win_rate":0,"timestamp":1569807049,"path_taken":["M","?","?","M","$","R","E","M","T","M","?","E","?","M","R","BOSS","M","?","$","?","?","R","M","E","T","$","E","R","E","?","R","BOSS","M","?","M","M","M","R","E","M","T","$","M","E","?","E","R","BOSS"],"build_version":"2019-07-17","purchased_purges":2,"victory":false,"max_hp_per_floor":[82,82,82,82,82,82,82,82,92,92,92,92,92,92,92,92,92,92,46,46,46,46,46,46,46,46,46,46,46,46,46,46,46,46,46,46,46,46,46,46,46,46,46,46,46,46,46,46,46,46],"card_choices":[{"not_picked":["Rebound","Consume"],"picked":"Rip and Tear","floor":1},{"not_picked":["Conserve Battery","Rebound"],"picked":"Capacitor","floor":4},{"not_picked":["Beam Cell","Streamline"],"picked":"Ball Lightning","floor":7},{"not_picked":["Turbo","Doom and Gloom"],"picked":"White Noise","floor":8},{"not_picked":["Streamline","Rip and Tear"],"picked":"Leap","floor":10},{"not_picked":["Barrage","Coolheaded"],"picked":"Rebound","floor":12},{"not_picked":["Streamline","Skim"],"picked":"Hologram","floor":13},{"not_picked":["Blizzard","Rebound"],"picked":"Leap","floor":14},{"not_picked":["Thunder Strike","Meteor Strike"],"picked":"Creative AI","floor":16},{"not_picked":[],"picked":"Beam Cell","floor":18},{"not_picked":["Streamline"],"picked":"SKIP","floor":24},{"not_picked":[],"picked":"Beam Cell","floor":25},{"not_picked":["Sunder"],"picked":"SKIP","floor":28},{"not_picked":["Sunder"],"picked":"SKIP","floor":30},{"not_picked":["Sweeping Beam"],"picked":"SKIP","floor":31},{"not_picked":[],"picked":"Buffer","floor":33},{"not_picked":[],"picked":"Tempest","floor":35},{"not_picked":[],"picked":"Madness","floor":36},{"not_picked":["Turbo"],"picked":"SKIP","floor":37},{"not_picked":["Static Discharge"],"picked":"SKIP","floor":38},{"not_picked":[],"picked":"Tempest","floor":39},{"not_picked":["Turbo"],"picked":"SKIP","floor":41},{"not_picked":["Recycle+1"],"picked":"SKIP","floor":42},{"not_picked":[],"picked":"Ball Lightning+1","floor":45},{"not_picked":[],"picked":"Gash","floor":46},{"not_picked":[],"picked":"Ball Lightning+1","floor":48}],"player_experience":732405,"relics_obtained":[{"floor":7,"key":"Meat on the Bone"},{"floor":9,"key":"Pear"},{"floor":12,"key":"Boot"},{"floor":25,"key":"Incense Burner"},{"floor":26,"key":"Ornamental Fan"},{"floor":28,"key":"Vajra"},{"floor":30,"key":"Nunchaku"},{"floor":41,"key":"Pantograph"},{"floor":43,"key":"Bronze Scales"},{"floor":46,"key":"Molten Egg 2"},{"floor":48,"key":"Sundial"}],"event_choices":[{"cards_removed":["Strike_B"],"damage_healed":0,"gold_gain":0,"player_choice":"Card Removal","damage_taken":0,"max_hp_gain":0,"max_hp_loss":0,"event_name":"The Cleric","floor":2,"gold_loss":50},{"damage_healed":0,"gold_gain":0,"player_choice":"Entered Light","damage_taken":16,"max_hp_gain":0,"max_hp_loss":0,"event_name":"Shining Light","floor":3,"gold_loss":0,"cards_upgraded":["Strike_B","Zap"]},{"damage_healed":0,"gold_gain":0,"player_choice":"Box","damage_taken":0,"relics_obtained":["MawBank"],"max_hp_gain":0,"max_hp_loss":0,"event_name":"Big Fish","floor":11,"gold_loss":0,"cards_obtained":["Regret"]},{"damage_healed":0,"gold_gain":0,"player_choice":"Became a Ghost","damage_taken":0,"max_hp_gain":0,"max_hp_loss":46,"event_name":"Ghosts","floor":19,"gold_loss":0,"cards_obtained":["Ghostly","Ghostly","Ghostly","Ghostly","Ghostly"]},{"damage_healed":0,"gold_gain":0,"player_choice":"Opened","damage_taken":0,"relics_obtained":["Cables"],"max_hp_gain":0,"max_hp_loss":0,"event_name":"The Mausoleum","floor":21,"gold_loss":0,"cards_obtained":["Writhe"]},{"damage_healed":0,"gold_gain":0,"player_choice":"Copied","damage_taken":0,"max_hp_gain":0,"max_hp_loss":0,"event_name":"Duplicator","floor":22,"gold_loss":0,"cards_obtained":["Ghostly"]},{"damage_healed":0,"gold_gain":0,"player_choice":"Memory 1","damage_taken":0,"max_hp_gain":0,"max_hp_loss":0,"event_name":"SensoryStone","floor":36,"gold_loss":0},{"damage_healed":0,"gold_gain":0,"player_choice":"Embrace Madness","damage_taken":6,"max_hp_gain":0,"max_hp_loss":0,"event_name":"Winding Halls","floor":47,"gold_loss":0,"cards_obtained":["Madness","Madness"]}],"is_beta":false,"boss_relics":[{"not_picked":["Cursed Key","Tiny House"],"picked":"Busted Crown"},{"not_picked":["Sozu","Snecko Eye"],"picked":"Philosopher\u0027s Stone"}],"items_purged_floors":[5,44],"is_endless":false,"potions_floor_spawned":[1,8,13,14,16,25,28,30,33,35,39,42],"killed_by":"Awakened One","ascension_level":11}