{"gold_per_floor":[113,113,125,136,136,164,164,176,176,210,59,59,84,104,104,104],"floor_reached":16,"playtime":1337,"items_purged":["Strike_R"],"score":157,"play_id":"14c352bd-3ecc-4efa-87e7-b2a81873d9c5","local_time":"20181224140115","is_ascension_mode":true,"campfire_choices":[{"data":"Armaments","floor":7,"key":"SMITH"},{"data":"Havoc","floor":15,"key":"SMITH"}],"neow_cost":"NONE","seed_source_timestamp":334676868087057,"circlet_count":0,"master_deck":["Strike_R","Strike_R","Strike_R","Strike_R","Defend_R+1","Defend_R+1","Defend_R","Defend_R","Bash","Thunderclap","Havoc+1","Dropkick","Armaments+1","Bludgeon","Rampage","Flex","Clash"],"relics":["Burning Blood","Dodecahedron","Letter Opener","Gremlin Horn","Pear","Boot"],"potions_floor_usage":[6,10,14,16],"damage_taken":[{"damage":9,"enemies":"Small Slimes","floor":1,"turns":4},{"damage":0,"enemies":"2 Louse","floor":3,"turns":2},{"damage":1,"enemies":"Cultist","floor":4,"turns":3},{"damage":54,"enemies":"Lagavulin","floor":6,"turns":8},{"damage":8,"enemies":"Blue Slaver","floor":8,"turns":4},{"damage":29,"enemies":"Gremlin Nob","floor":10,"turns":4},{"damage":14,"enemies":"3 Sentries","floor":13,"turns":6},{"damage":0,"enemies":"Looter","floor":14,"turns":1},{"damage":27,"enemies":"Hexaghost","floor":16,"turns":5}],"seed_played":"-6124231161975740044","potions_obtained":[{"floor":3,"key":"SneckoOil"},{"floor":8,"key":"BloodPotion"},{"floor":10,"key":"SteroidPotion"},{"floor":13,"key":"Explosive Potion"}],"is_trial":false,"path_per_floor":["M","?","M","M","?","E","R","M","T","E","$","?","E","M","R","B"],"character_chosen":"IRONCLAD","items_purchased":["Rampage"],"campfire_rested":0,"item_purchase_floors":[11],"current_hp_per_floor":[85,67,73,78,78,30,30,28,28,23,23,28,20,26,26,0],"gold":104,"neow_bonus":"TEN_PERCENT_HP_BONUS","is_prod":false,"is_daily":false,"chose_seed":false,"campfire_upgraded":2,"win_rate":0,"timestamp":1545678075,"path_taken":["M","?","M","M","?","E","R","?","T","E","$","?","E","M","R","BOSS"],"build_version":"2018-12-20","purchased_purges":1,"victory":false,"max_hp_per_floor":[88,88,88,88,88,88,88,88,88,98,98,103,103,103,103,103],"card_choices":[{"not_picked":["Clash","Spot Weakness"],"picked":"Thunderclap","floor":1},{"not_picked":["Thunderclap","Pommel Strike"],"picked":"Havoc","floor":3},{"not_picked":["True Grit","Ghostly Armor"],"picked":"Dropkick","floor":4},{"not_picked":["Havoc","Sever Soul"],"picked":"Armaments","floor":6},{"not_picked":["Clothesline","Sever Soul","Reckless Charge"],"picked":"SKIP","floor":8},{"not_picked":["Clash","Sword Boomerang"],"picked":"Bludgeon","floor":10},{"not_picked":["Clash","True Grit"],"picked":"Flex","floor":13},{"not_picked":["Entrench","Carnage"],"picked":"Clash","floor":14}],"player_experience":110562,"relics_obtained":[{"floor":5,"key":"Dodecahedron"},{"floor":6,"key":"Letter Opener"},{"floor":9,"key":"Gremlin Horn"},{"floor":10,"key":"Pear"},{"floor":13,"key":"Boot"}],"event_choices":[{"damage_healed":0,"gold_gain":0,"player_choice":"Entered Light","damage_taken":18,"max_hp_gain":0,"max_hp_loss":0,"event_name":"Shining Light","floor":2,"gold_loss":0,"cards_upgraded":["Defend_R","Defend_R"]},{"damage_healed":0,"gold_gain":0,"player_choice":"Relic","damage_taken":0,"max_hp_gain":0,"max_hp_loss":0,"event_name":"Wheel of Change","floor":5,"gold_loss":0},{"damage_healed":0,"gold_gain":0,"player_choice":"Donut","damage_taken":0,"max_hp_gain":5,"max_hp_loss":0,"event_name":"Big Fish","floor":12,"gold_loss":0}],"is_beta":false,"boss_relics":[],"items_purged_floors":[11],"is_endless":false,"potions_floor_spawned":[3,8,10,13],"killed_by":"Hexaghost","ascension_level":2}