{"gold_per_floor":[210,227,244,257,222,249,282,305,317,121,146,221,221,234,234,234],"floor_reached":16,"playtime":657,"items_purged":[],"score":151,"play_id":"013fe6bb-0bf9-4286-825b-70d597818033","local_time":"20190116215523","is_ascension_mode":true,"campfire_choices":[{"floor":15,"key":"REST"}],"neow_cost":"NONE","seed_source_timestamp":182705071184894,"circlet_count":0,"master_deck":["Strike_R","Strike_R","Strike_R","Strike_R","Strike_R","Defend_R","Defend_R","Defend_R","Defend_R","Bash+1","Shrug It Off","Cleave","Pommel Strike+1","Offering","Pummel+1","Thunderclap","Shrug It Off","Dropkick+1","Battle Trance"],"relics":["Burning Blood","MawBank","Odd Mushroom","Lee\u0027s Waffle","Whetstone"],"potions_floor_usage":[6,7,16],"damage_taken":[{"damage":5,"enemies":"2 Louse","floor":1,"turns":4},{"damage":12,"enemies":"Small Slimes","floor":2,"turns":3},{"damage":8,"enemies":"Jaw Worm","floor":3,"turns":4},{"damage":10,"enemies":"Red Slaver","floor":4,"turns":4},{"damage":22,"enemies":"Gremlin Nob","floor":6,"turns":3},{"damage":32,"enemies":"The Mushroom Lair","floor":7,"turns":3},{"damage":13,"enemies":"Exordium Wildlife","floor":8,"turns":4},{"damage":38,"enemies":"Lagavulin","floor":11,"turns":5},{"damage":6,"enemies":"Looter","floor":14,"turns":1},{"damage":57,"enemies":"Hexaghost","floor":16,"turns":10}],"seed_played":"-5529147738437969451","potions_obtained":[{"floor":3,"key":"SpeedPotion"},{"floor":4,"key":"Swift Potion"},{"floor":6,"key":"Swift Potion"},{"floor":11,"key":"SkillPotion"},{"floor":14,"key":"Ancient Potion"}],"is_trial":false,"path_per_floor":["M","M","M","M","?","E","?","M","T","$","E","?","?","M","R","B"],"character_chosen":"IRONCLAD","items_purchased":["Lee\u0027s Waffle"],"campfire_rested":1,"item_purchase_floors":[10],"current_hp_per_floor":[73,67,65,61,80,64,38,31,31,87,55,44,27,27,53,0],"gold":234,"neow_bonus":"HUNDRED_GOLD","is_prod":false,"is_daily":false,"chose_seed":false,"campfire_upgraded":0,"win_rate":0,"timestamp":1547693723,"path_taken":["M","M","M","M","?","E","?","M","T","$","E","?","?","?","R","BOSS"],"build_version":"2019-01-10","purchased_purges":0,"victory":false,"max_hp_per_floor":[80,80,80,80,80,80,80,80,80,87,87,87,87,87,87,87],"card_choices":[{"not_picked":["Thunderclap","Headbutt"],"picked":"Shrug It Off","floor":1},{"not_picked":["Combust","Twin Strike"],"picked":"Cleave","floor":2},{"not_picked":["Bloodletting","Spot Weakness"],"picked":"Pommel Strike","floor":3},{"not_picked":["Shockwave","Thunderclap"],"picked":"Offering","floor":4},{"not_picked":["Rage","Havoc"],"picked":"Pummel","floor":6},{"not_picked":["Twin Strike","Entrench"],"picked":"Thunderclap","floor":7},{"not_picked":["Headbutt","Armaments"],"picked":"Shrug It Off","floor":8},{"not_picked":["Rage","Iron Wave"],"picked":"Dropkick","floor":11},{"not_picked":["Corruption","Warcry"],"picked":"Battle Trance","floor":14}],"player_experience":419445,"relics_obtained":[{"floor":6,"key":"MawBank"},{"floor":7,"key":"Odd Mushroom"},{"floor":11,"key":"Whetstone"}],"event_choices":[{"damage_healed":20,"gold_gain":0,"player_choice":"Healed","damage_taken":0,"max_hp_gain":0,"max_hp_loss":0,"event_name":"The Cleric","floor":5,"gold_loss":35},{"damage_healed":0,"gold_gain":0,"player_choice":"Fought Mushrooms","damage_taken":0,"max_hp_gain":0,"max_hp_loss":0,"event_name":"Mushrooms","floor":7,"gold_loss":0},{"damage_healed":0,"gold_gain":75,"player_choice":"Gather Gold","damage_taken":11,"max_hp_gain":0,"max_hp_loss":0,"event_name":"World of Goop","floor":12,"gold_loss":0},{"damage_healed":0,"gold_gain":0,"player_choice":"Entered Light","damage_taken":17,"max_hp_gain":0,"max_hp_loss":0,"event_name":"Shining Light","floor":13,"gold_loss":0,"cards_upgraded":["Dropkick","Bash"]}],"is_beta":false,"boss_relics":[],"items_purged_floors":[],"is_endless":false,"potions_floor_spawned":[3,4,6,11,14],"killed_by":"Hexaghost","ascension_level":7}