{"gold_per_floor":[110,110,60,60,76,107,122,151,203,215,215,244,244,271,271,271],"floor_reached":16,"playtime":537,"items_purged":[],"score":146,"play_id":"384323f9-3d39-4eeb-848a-f84951d7372f","local_time":"20190117004822","is_ascension_mode":true,"campfire_choices":[{"floor":13,"key":"REST"},{"data":"Immolate","floor":15,"key":"SMITH"}],"neow_cost":"NONE","seed_source_timestamp":193227902089779,"circlet_count":0,"master_deck":["Strike_R+1","Strike_R","Strike_R","Strike_R","Defend_R","Defend_R","Defend_R","Defend_R+1","Bash","Battle Trance","Heavy Blade","Immolate+1","Spot Weakness","Twin Strike","Flex","Power Through"],"relics":["Burning Blood","Sundial","Ancient Tea Set","Bronze Scales","Molten Egg 2","Odd Mushroom","Bag of Marbles"],"potions_floor_usage":[6,6,6,8,12],"damage_taken":[{"damage":8,"enemies":"Small Slimes","floor":1,"turns":4},{"damage":15,"enemies":"Cultist","floor":5,"turns":5},{"damage":34,"enemies":"3 Sentries","floor":6,"turns":13},{"damage":0,"enemies":"2 Louse","floor":7,"turns":2},{"damage":30,"enemies":"Gremlin Nob","floor":8,"turns":4},{"damage":0,"enemies":"Lots of Slimes","floor":10,"turns":1},{"damage":8,"enemies":"The Mushroom Lair","floor":12,"turns":2},{"damage":40,"enemies":"Slime Boss","floor":16,"turns":6}],"seed_played":"-5944424981381361821","potions_obtained":[{"floor":0,"key":"SmokeBomb"},{"floor":0,"key":"EssenceOfSteel"},{"floor":0,"key":"LiquidBronze"},{"floor":1,"key":"Regen Potion"},{"floor":6,"key":"SkillPotion"},{"floor":8,"key":"Dexterity Potion"}],"is_trial":false,"path_per_floor":["M","?","?","?","M","E","M","E","T","M","?","?","R","T","R","B"],"character_chosen":"IRONCLAD","items_purchased":[],"campfire_rested":1,"item_purchase_floors":[],"current_hp_per_floor":[70,75,75,58,49,36,42,18,18,24,17,15,40,40,40,0],"gold":271,"neow_bonus":"THREE_SMALL_POTIONS","is_prod":false,"is_daily":false,"chose_seed":false,"campfire_upgraded":1,"win_rate":0,"timestamp":1547704102,"path_taken":["M","?","?","?","M","E","M","E","T","M","?","?","R","?","R","BOSS"],"build_version":"2019-01-10","purchased_purges":0,"victory":false,"max_hp_per_floor":[80,85,85,85,85,85,85,85,85,85,85,85,85,85,85,85],"card_choices":[{"not_picked":["Clash","Sentinel"],"picked":"Battle Trance","floor":1},{"not_picked":["Twin Strike","Reckless Charge"],"picked":"Heavy Blade","floor":5},{"not_picked":["Thunderclap","Armaments"],"picked":"Immolate","floor":6},{"not_picked":["Thunderclap","Blood for Blood"],"picked":"Spot Weakness","floor":7},{"not_picked":["Warcry","Spot Weakness"],"picked":"Twin Strike","floor":8},{"not_picked":["Wild Strike","Sword Boomerang"],"picked":"Flex","floor":10},{"not_picked":["Entrench","Twin Strike+1"],"picked":"Power Through","floor":12}],"player_experience":420515,"relics_obtained":[{"floor":6,"key":"Sundial"},{"floor":8,"key":"Ancient Tea Set"},{"floor":9,"key":"Bronze Scales"},{"floor":12,"key":"Odd Mushroom"},{"floor":14,"key":"Bag of Marbles"}],"event_choices":[{"damage_healed":0,"gold_gain":0,"player_choice":"Donut","damage_taken":0,"max_hp_gain":5,"max_hp_loss":0,"event_name":"Big Fish","floor":2,"gold_loss":0},{"cards_removed":["Strike_R"],"damage_healed":0,"gold_gain":0,"player_choice":"Card Removal","damage_taken":0,"max_hp_gain":0,"max_hp_loss":0,"event_name":"The Cleric","floor":3,"gold_loss":50},{"damage_healed":0,"gold_gain":0,"player_choice":"Entered Light","damage_taken":17,"max_hp_gain":0,"max_hp_loss":0,"event_name":"Shining Light","floor":4,"gold_loss":0,"cards_upgraded":["Defend_R","Strike_R"]},{"damage_healed":0,"gold_gain":0,"player_choice":"Success","damage_taken":7,"relics_obtained":["Molten Egg 2"],"max_hp_gain":0,"max_hp_loss":0,"event_name":"Scrap Ooze","floor":11,"gold_loss":0},{"damage_healed":0,"gold_gain":0,"player_choice":"Fought Mushrooms","damage_taken":0,"max_hp_gain":0,"max_hp_loss":0,"event_name":"Mushrooms","floor":12,"gold_loss":0}],"is_beta":false,"boss_relics":[],"items_purged_floors":[],"is_endless":false,"potions_floor_spawned":[1,6,8],"killed_by":"Slime Boss","ascension_level":7}