{"gold_per_floor":[112,112,287,301,139,139,165,65,138,138,165,184,184,197,197,197],"floor_reached":16,"playtime":778,"items_purged":["Doubt","Defend_R"],"score":108,"play_id":"430339f9-4daa-4f12-9438-e5b0531087d3","local_time":"20181224000235","is_ascension_mode":true,"campfire_choices":[{"data":"Purity","floor":6,"key":"SMITH"},{"data":"Infernal Blade","floor":10,"key":"SMITH"},{"data":"Double Tap","floor":15,"key":"SMITH"}],"neow_cost":"PERCENT_DAMAGE","seed_source_timestamp":284906582601365,"circlet_count":0,"master_deck":["Strike_R","Strike_R","Strike_R","Strike_R","Defend_R","Defend_R","Bash","Twin Strike","Double Tap+1","Cleave","Infernal Blade+1","Purity+1"],"relics":["Burning Blood","Gambling Chip","Blood Vial","Odd Mushroom","Golden Idol"],"potions_floor_usage":[11,16,16],"damage_taken":[{"damage":0,"enemies":"2 Louse","floor":1,"turns":2},{"damage":7,"enemies":"Jaw Worm","floor":4,"turns":3},{"damage":28,"enemies":"Gremlin Nob","floor":7,"turns":4},{"damage":6,"enemies":"The Mushroom Lair","floor":11,"turns":3},{"damage":1,"enemies":"Small Slimes","floor":12,"turns":3},{"damage":11,"enemies":"Blue Slaver","floor":14,"turns":3},{"damage":43,"enemies":"The Guardian","floor":16,"turns":7}],"seed_played":"9087702704027254281","potions_obtained":[{"floor":7,"key":"AttackPotion"},{"floor":11,"key":"BloodPotion"},{"floor":14,"key":"SpeedPotion"}],"is_trial":false,"path_per_floor":["M","?","?","M","$","R","E","$","T","R","?","M","?","M","R","B"],"character_chosen":"IRONCLAD","items_purchased":["Purity"],"campfire_rested":0,"item_purchase_floors":[5],"current_hp_per_floor":[62,50,50,49,49,49,27,27,27,27,29,36,36,33,33,0],"gold":197,"neow_bonus":"TRANSFORM_TWO_CARDS","is_prod":false,"is_daily":false,"chose_seed":false,"campfire_upgraded":3,"win_rate":0,"timestamp":1545627755,"path_taken":["M","?","?","M","$","R","E","$","T","R","?","M","?","M","R","BOSS"],"build_version":"2018-12-20","purchased_purges":2,"victory":false,"max_hp_per_floor":[80,80,80,80,80,80,80,80,80,80,80,80,74,74,74,74],"card_choices":[{"not_picked":["Body Slam","Burning Pact"],"picked":"Cleave","floor":1},{"not_picked":["Wild Strike","Second Wind"],"picked":"Infernal Blade","floor":4},{"not_picked":["True Grit","Evolve","Heavy Blade"],"picked":"SKIP","floor":7},{"not_picked":["Pommel Strike","Cleave","Iron Wave"],"picked":"SKIP","floor":12},{"not_picked":["Cleave","Anger","Rampage"],"picked":"SKIP","floor":14}],"player_experience":105833,"relics_obtained":[{"floor":7,"key":"Blood Vial"},{"floor":11,"key":"Odd Mushroom"}],"event_choices":[{"damage_healed":0,"gold_gain":0,"player_choice":"Success","damage_taken":12,"relics_obtained":["Gambling Chip"],"max_hp_gain":0,"max_hp_loss":0,"event_name":"Scrap Ooze","floor":2,"gold_loss":0},{"damage_healed":0,"gold_gain":175,"player_choice":"AGREE","damage_taken":0,"max_hp_gain":0,"max_hp_loss":0,"event_name":"Liars Game","floor":3,"gold_loss":0,"cards_obtained":["Doubt"]},{"damage_healed":0,"gold_gain":0,"player_choice":"Fought Mushrooms","damage_taken":0,"max_hp_gain":0,"max_hp_loss":0,"event_name":"Mushrooms","floor":11,"gold_loss":0},{"damage_healed":0,"gold_gain":0,"player_choice":"Lose Max HP","damage_taken":0,"relics_obtained":["Golden Idol"],"max_hp_gain":0,"max_hp_loss":6,"event_name":"Golden Idol","floor":13,"gold_loss":0}],"is_beta":false,"boss_relics":[],"items_purged_floors":[5,8],"is_endless":false,"potions_floor_spawned":[7,11,14],"killed_by":"The Guardian","ascension_level":2}