{"gold_per_floor":[117,129,148,148,77,104,104,123,149,164,19,50,78,145,157,274,286,310,322,335,8,18,18,52,52],"floor_reached":25,"playtime":4399,"items_purged":[],"score":233,"play_id":"2dda456d-cc5b-42af-b282-ee42b9442acb","local_time":"20190917224524","is_ascension_mode":false,"campfire_choices":[{"floor":7.0,"key":"REST"},{"floor":15,"key":"REST"},{"floor":23,"key":"REST"}],"neow_cost":"NONE","seed_source_timestamp":0,"circlet_count":0,"master_deck":["Strike_B","Strike_B","Strike_B","Defend_B","Defend_B","Defend_B","Defend_B","Zap","Dualcast","Forethought","Cold Snap","Undo","Doom and Gloom","Stack","Storm","Compile Driver","Gash","Redo","Coolheaded","Conserve Battery","Echo Form","Redo","Defragment","Sweeping Beam","Darkness","Blind","Glacier","Melter"],"special_seed":0,"relics":["Cracked Core","Bronze Scales","Bag of Preparation","Toolbox","Lantern","SlaversCollar","Nloth\u0027s Gift","Pen Nib","Girya"],"potions_floor_usage":[14,14,24,25],"damage_taken":[{"damage":1.0,"enemies":"Cultist","floor":1.0,"turns":3.0},{"damage":0.0,"enemies":"Small Slimes","floor":2.0,"turns":4.0},{"damage":0.0,"enemies":"2 Louse","floor":3.0,"turns":3.0},{"damage":15.0,"enemies":"Gremlin Nob","floor":6.0,"turns":4.0},{"damage":12.0,"enemies":"Large Slime","floor":8.0,"turns":5.0},{"damage":14.0,"enemies":"Red Slaver","floor":10.0,"turns":3.0},{"damage":15.0,"enemies":"Lagavulin","floor":12.0,"turns":5.0},{"damage":15,"enemies":"3 Louse","floor":13,"turns":3},{"damage":12,"enemies":"Gremlin Nob","floor":14,"turns":4},{"damage":28,"enemies":"Slime Boss","floor":16,"turns":13},{"damage":21,"enemies":"Spheric Guardian","floor":18,"turns":5},{"damage":19,"enemies":"2 Thieves","floor":20,"turns":4},{"damage":24,"enemies":"Cultist and Chosen","floor":22,"turns":5},{"damage":11,"enemies":"Gremlin Leader","floor":24,"turns":10},{"damage":33,"enemies":"Shelled Parasite and Fungi","floor":25,"turns":4}],"seed_played":"-8220343645993602025","potions_obtained":[{"floor":1.0,"key":"SkillPotion"},{"floor":3.0,"key":"PowerPotion"},{"floor":13,"key":"Weak Potion"},{"floor":18,"key":"DuplicationPotion"},{"floor":22,"key":"Fire Potion"}],"is_trial":false,"path_per_floor":["M","M","M","?","$","E","R","M","T","M","$","E","M","?","R","B",null,"M","?","M","$","M","R","E","M"],"character_chosen":"DEFECT","items_purchased":["Stack","Block Potion","Toolbox","Sweeping Beam","Darkness","Blind","Pen Nib"],"campfire_rested":3,"item_purchase_floors":[5,5,11,21,21,21,21],"current_hp_per_floor":[74,74,74,74,74,59,75,63,63,49,49,34,19,7,29,1,75,54,54,35,35,11,33,22,0],"gold":52,"neow_bonus":"RANDOM_COLORLESS","is_prod":false,"is_daily":false,"chose_seed":false,"campfire_upgraded":0,"win_rate":0.0,"timestamp":1568724324,"path_taken":["M","M","?","?","?","E","R","M","T","?","$","E","M","?","R","BOSS","M","?","M","$","M","R","E","?"],"build_version":"2019-09-16v2","purchased_purges":0,"victory":false,"max_hp_per_floor":[75,75,75,75,75,75,75,75,75,75,75,75,75,75,75,75,75,75,75,75,75,75,75,75,75],"card_choices":[{"not_picked":["Compile Driver","White Noise"],"picked":"Cold Snap","floor":1.0},{"not_picked":["Reprogram","Barrage"],"picked":"Undo","floor":2.0},{"not_picked":["Leap","Compile Driver"],"picked":"Doom and Gloom","floor":3.0},{"not_picked":["Sweeping Beam","Biased Cognition"],"picked":"Storm","floor":6.0},{"not_picked":["Genetic Algorithm","Hologram"],"picked":"Compile Driver","floor":8.0},{"not_picked":["Lockon","Leap"],"picked":"Gash","floor":10.0},{"not_picked":["Conserve Battery","Go for the Eyes"],"picked":"Redo","floor":12.0},{"not_picked":["Undo","Defragment"],"picked":"Coolheaded","floor":13},{"not_picked":["Barrage","Buffer"],"picked":"Conserve Battery","floor":14},{"not_picked":["Amplify","Machine Learning"],"picked":"Echo Form","floor":16},{"not_picked":["Compile Driver+1","Doom and Gloom+1"],"picked":"Redo","floor":18},{"not_picked":["Conserve Battery","Consume+1"],"picked":"Defragment","floor":20},{"not_picked":["Conserve Battery","Force Field+1"],"picked":"Glacier","floor":22},{"not_picked":["Machine Learning","Gash+1"],"picked":"Melter","floor":24}],"player_experience":28752,"relics_obtained":[{"floor":6.0,"key":"Bronze Scales"},{"floor":9.0,"key":"Bag of Preparation"},{"floor":12.0,"key":"MawBank"},{"floor":14,"key":"Lantern"},{"floor":24,"key":"Girya"}],"event_choices":[{"cards_removed":["Strike_B"],"damage_healed":0.0,"max_hp_gain":0.0,"max_hp_loss":0.0,"gold_gain":0.0,"event_name":"Purifier","player_choice":"Purged","floor":4.0,"gold_loss":0.0,"damage_taken":0.0},{"damage_healed":0,"gold_gain":30,"player_choice":"Searched \u00272\u0027 times","damage_taken":0,"max_hp_gain":0,"max_hp_loss":0,"event_name":"Dead Adventurer","floor":14,"gold_loss":0},{"damage_healed":0,"gold_gain":0,"player_choice":"Traded Relic","damage_taken":0,"relics_obtained":["Nloth\u0027s Gift"],"max_hp_gain":0,"max_hp_loss":0,"event_name":"N\u0027loth","floor":19,"relics_lost":["MawBank"],"gold_loss":0}],"is_beta":true,"boss_relics":[{"not_picked":["Calling Bell","Snecko Eye"],"picked":"SlaversCollar"}],"items_purged_floors":[],"is_endless":false,"potions_floor_spawned":[1,3,13,18,22],"killed_by":"Shelled Parasite and Fungi","ascension_level":0}