{"gold_per_floor":[110,125,125,142,142,142,161,46,114,134,152,185,185,212,212,290,290,264,61,61,74,90,118,118,118,165,215,215],"floor_reached":28,"playtime":1328,"items_purged":[],"score":434,"play_id":"8f5010c5-68fd-475e-ba94-42bac754d516","local_time":"20191003113015","is_ascension_mode":true,"campfire_choices":[{"data":"Armaments","floor":6.0,"key":"SMITH"},{"floor":13,"key":"REST"},{"data":"Armaments","floor":15,"key":"SMITH"},{"floor":24,"key":"REST"}],"neow_cost":"NONE","seed_source_timestamp":0,"circlet_count":0,"master_deck":["AscendersBane","Strike_R","Strike_R","Strike_R","Strike_R","Strike_R","Defend_R","Defend_R","Defend_R","Bash","Armaments+1","Armaments","Twin Strike","Clothesline","Carnage","Battle Trance","Entrench","Armaments+1","Disarm","Pummel","Reaper","Battle Trance","Writhe","Burning Pact","Shockwave+1","Armaments+1"],"special_seed":0,"relics":["Burning Blood","PreservedInsect","Blue Candle","Pantograph","Unceasing Top","Sozu","Brimstone","Vajra","Omamori","Enchiridion","Happy Flower"],"potions_floor_usage":[12,16,22,22],"damage_taken":[{"damage":7.0,"enemies":"2 Louse","floor":1.0,"turns":3.0},{"damage":1.0,"enemies":"Cultist","floor":2.0,"turns":4.0},{"damage":0.0,"enemies":"Small Slimes","floor":4.0,"turns":4.0},{"damage":24.0,"enemies":"Exordium Thugs","floor":7.0,"turns":6.0},{"damage":10.0,"enemies":"Gremlin Gang","floor":10.0,"turns":5.0},{"damage":4,"enemies":"2 Fungi Beasts","floor":11,"turns":4},{"damage":15,"enemies":"3 Sentries","floor":12,"turns":8},{"damage":19,"enemies":"Lagavulin","floor":14,"turns":5},{"damage":48,"enemies":"Slime Boss","floor":16,"turns":10},{"damage":31,"enemies":"2 Thieves","floor":18,"turns":5},{"damage":3,"enemies":"Spheric Guardian","floor":21,"turns":3},{"damage":35,"enemies":"3 Cultists","floor":22,"turns":5},{"damage":44,"enemies":"Slavers","floor":23,"turns":3},{"damage":30,"enemies":"Snake Plant","floor":28,"turns":3}],"seed_played":"1217721998349626703","potions_obtained":[{"floor":1.0,"key":"GamblersBrew"},{"floor":7.0,"key":"SpeedPotion"},{"floor":11,"key":"Block Potion"},{"floor":14,"key":"SteroidPotion"},{"floor":16,"key":"Poison Potion"}],"is_trial":false,"path_per_floor":["M","M","?","M","T","R","M","$","T","M","M","E","R","E","R","B",null,"M","$","?","M","M","E","R","?","T","?","M"],"character_chosen":"IRONCLAD","items_purchased":["Carnage","Battle Trance","Brimstone"],"campfire_rested":2,"item_purchase_floors":[8,8,19],"current_hp_per_floor":[71,76,76,80,80,80,62,62,62,58,60,51,75,62,62,38,70,55,55,55,58,50,12,36,20,20,20,0],"gold":215,"neow_bonus":"RANDOM_COMMON_RELIC","is_prod":false,"is_daily":false,"chose_seed":false,"campfire_upgraded":2,"win_rate":0,"timestamp":1570116615,"path_taken":["M","M","?","?","?","R","M","$","T","M","M","E","R","E","R","BOSS","M","$","?","M","M","E","R","?","T","?","?"],"build_version":"2019-07-17","purchased_purges":0,"victory":false,"max_hp_per_floor":[80,80,80,80,80,80,80,80,80,80,80,80,80,80,80,80,80,80,80,80,80,80,80,80,80,80,80,80],"card_choices":[{"not_picked":["Rupture","Headbutt"],"picked":"Armaments","floor":1.0},{"not_picked":["Clash","Rupture"],"picked":"Armaments","floor":2.0},{"not_picked":["Reckless Charge","Anger"],"picked":"Twin Strike","floor":4.0},{"not_picked":["Brutality","Iron Wave"],"picked":"Clothesline","floor":7.0},{"not_picked":["Havoc","Bloodletting"],"picked":"Entrench","floor":10},{"not_picked":["Warcry","Iron Wave"],"picked":"Armaments","floor":11},{"not_picked":["Sever Soul","Pummel"],"picked":"Disarm","floor":12},{"not_picked":["Armaments","Clothesline"],"picked":"Pummel","floor":14},{"not_picked":["Impervious","Bludgeon"],"picked":"Reaper","floor":16},{"not_picked":["Infernal Blade","Thunderclap"],"picked":"Battle Trance","floor":18},{"not_picked":["Warcry","Flex"],"picked":"Burning Pact","floor":21},{"not_picked":["Headbutt","Twin Strike"],"picked":"Shockwave+1","floor":22},{"not_picked":["Heavy Blade","Hemokinesis"],"picked":"Armaments+1","floor":23}],"player_experience":798248,"relics_obtained":[{"floor":9.0,"key":"Blue Candle"},{"floor":12,"key":"Pantograph"},{"floor":14,"key":"Unceasing Top"},{"floor":23,"key":"Omamori"},{"floor":25,"key":"Enchiridion"},{"floor":26,"key":"Happy Flower"}],"event_choices":[{"cards_removed":["Defend_R"],"damage_healed":0.0,"max_hp_gain":0.0,"max_hp_loss":0.0,"gold_gain":0.0,"event_name":"Purifier","player_choice":"Purged","floor":3.0,"gold_loss":0.0,"damage_taken":0.0},{"damage_healed":0,"gold_gain":0,"player_choice":"Opened","damage_taken":0,"relics_obtained":["Vajra"],"max_hp_gain":0,"max_hp_loss":0,"event_name":"The Mausoleum","floor":20,"gold_loss":0,"cards_obtained":["Writhe"]},{"damage_healed":0,"gold_gain":0,"player_choice":"Obtained Book","damage_taken":16,"max_hp_gain":0,"max_hp_loss":0,"event_name":"Cursed Tome","floor":25,"gold_loss":0},{"damage_healed":0,"gold_gain":100,"player_choice":"Bet on Murderer","damage_taken":0,"max_hp_gain":0,"max_hp_loss":0,"event_name":"The Joust","floor":27,"gold_loss":50}],"is_beta":false,"boss_relics":[{"not_picked":["Astrolabe","Calling Bell"],"picked":"Sozu"}],"items_purged_floors":[],"is_endless":false,"potions_floor_spawned":[1,7,11,14,16,18,22],"killed_by":"Snake Plant","ascension_level":13}