{"gold_per_floor":[114,134,144,144,94,94,129,54,126,126,144,144,161,172,172,172],"floor_reached":16,"playtime":783,"items_purged":["Strike_B"],"score":133,"play_id":"bd6375bc-4228-4d17-8800-e4d119e6aa49","local_time":"20190923161423","is_ascension_mode":true,"campfire_choices":[{"data":"Zap","floor":6,"key":"SMITH"},{"data":"Dualcast","floor":10,"key":"SMITH"},{"data":"Biased Cognition","floor":12,"key":"SMITH"},{"data":"Conserve Battery","floor":15,"key":"SMITH"}],"neow_cost":"NONE","seed_source_timestamp":360710149535700,"circlet_count":0,"master_deck":["Strike_B","Strike_B","Defend_B","Defend_B","Defend_B","Defend_B","Zap+1","Dualcast+1","Biased Cognition+1","Rebound","Leap","Cold Snap","Turbo","Reinforced Body","Conserve Battery+1","Ball Lightning"],"relics":["Cracked Core","Art of War","theSenshi:SuperSailorFukuRelic"],"potions_floor_usage":[],"damage_taken":[{"damage":2,"enemies":"Jaw Worm","floor":1,"turns":3},{"damage":7,"enemies":"Small Slimes","floor":2,"turns":3},{"damage":1,"enemies":"Cultist","floor":3,"turns":3},{"damage":21,"enemies":"Lagavulin","floor":7,"turns":5},{"damage":0,"enemies":"3 Louse","floor":11,"turns":2},{"damage":0,"enemies":"Exordium Thugs","floor":13,"turns":3},{"damage":0,"enemies":"Exordium Wildlife","floor":14,"turns":3},{"damage":51,"enemies":"Slime Boss","floor":16,"turns":14}],"seed_played":"-5728877272587242291","potions_obtained":[{"floor":3,"key":"Strength Potion"},{"floor":7,"key":"Energy Potion"}],"is_trial":false,"path_per_floor":["M","M","M","?","?","R","E","$","T","R","M","R","M","M","R","B"],"character_chosen":"DEFECT","items_purchased":[],"campfire_rested":0,"item_purchase_floors":[],"current_hp_per_floor":[66,59,58,63,63,63,42,42,42,42,42,42,42,42,42,0],"gold":172,"neow_bonus":"ONE_RANDOM_RARE_CARD","is_prod":false,"is_daily":false,"chose_seed":false,"campfire_upgraded":4,"win_rate":0,"timestamp":1569251663,"path_taken":["M","M","M","?","?","R","E","?","T","R","M","R","?","M","R","BOSS"],"build_version":"2019-07-17","purchased_purges":1,"victory":false,"max_hp_per_floor":[75,75,75,80,80,80,80,80,80,80,80,80,80,80,80,80],"card_choices":[{"not_picked":["Barrage","Force Field"],"picked":"Rebound","floor":1},{"not_picked":["Steam","Beam Cell"],"picked":"Leap","floor":2},{"not_picked":["Go for the Eyes","Barrage"],"picked":"Cold Snap","floor":3},{"not_picked":["BootSequence","Steam"],"picked":"Turbo","floor":7},{"not_picked":["Heatsinks","Consume"],"picked":"Reinforced Body","floor":11},{"not_picked":["Beam Cell","Steam"],"picked":"Conserve Battery","floor":13},{"not_picked":["Undo","Barrage"],"picked":"Ball Lightning","floor":14}],"player_experience":382142,"relics_obtained":[{"floor":7,"key":"Art of War"},{"floor":9,"key":"theSenshi:SuperSailorFukuRelic"}],"event_choices":[{"damage_healed":0,"gold_gain":0,"player_choice":"Donut","damage_taken":0,"max_hp_gain":5,"max_hp_loss":0,"event_name":"Big Fish","floor":4,"gold_loss":0},{"cards_removed":["Strike_B"],"damage_healed":0,"gold_gain":0,"player_choice":"Card Removal","damage_taken":0,"max_hp_gain":0,"max_hp_loss":0,"event_name":"The Cleric","floor":5,"gold_loss":50}],"is_beta":false,"boss_relics":[],"items_purged_floors":[8],"is_endless":false,"potions_floor_spawned":[3,7],"killed_by":"Slime Boss","ascension_level":6}