{"gold_per_floor":[117,129,129,6,6,70,70,110,133,133,167,167,200,215,215,314,314,339,289,62,81,81,120,120,120],"floor_reached":25,"playtime":3177,"items_purged":["Pain","Strike_B"],"score":442,"play_id":"d92dab10-d0f0-4133-8325-932dbc9e0aab","local_time":"20191003075707","is_ascension_mode":true,"campfire_choices":[{"floor":7,"key":"REST"},{"floor":10,"key":"REST"},{"floor":12,"key":"REST"},{"floor":15,"key":"REST"},{"floor":24,"key":"REST"}],"neow_cost":"CURSE","seed_source_timestamp":528806153542817,"circlet_count":0,"master_deck":["AscendersBane","Strike_B","Strike_B","Strike_B","Defend_B","Defend_B","Defend_B","Defend_B","Zap","Dualcast","Sweeping Beam","Genetic Algorithm","Gash","Ball Lightning","Rainbow","Gash","Gash","Buffer","Gash","Reinforced Body","Creative AI","Glacier","Heatsinks","Stack","FTL"],"relics":["Cracked Core","FossilizedHelix","Golden Idol","Tiny Chest","DataDisk","Dream Catcher","Shuriken","Happy Flower","Philosopher\u0027s Stone","Singing Bowl"],"potions_floor_usage":[6,8,16,21,23],"damage_taken":[{"damage":3,"enemies":"Cultist","floor":1,"turns":4},{"damage":9,"enemies":"Jaw Worm","floor":2,"turns":3},{"damage":15,"enemies":"Lagavulin","floor":6,"turns":6},{"damage":30,"enemies":"3 Sentries","floor":8,"turns":6},{"damage":17,"enemies":"Lagavulin","floor":11,"turns":6},{"damage":13,"enemies":"3 Sentries","floor":13,"turns":6},{"damage":0,"enemies":"2 Louse","floor":14,"turns":2},{"damage":16,"enemies":"Hexaghost","floor":16,"turns":7},{"damage":15,"enemies":"3 Byrds","floor":18,"turns":4},{"damage":14,"enemies":"Shell Parasite","floor":21,"turns":6},{"damage":22,"enemies":"Gremlin Leader","floor":23,"turns":7},{"damage":40,"enemies":"Slavers","floor":25,"turns":4}],"seed_played":"-6758836802712961338","potions_obtained":[{"floor":2,"key":"Ancient Potion"},{"floor":6,"key":"LiquidBronze"},{"floor":13,"key":"Poison Potion"},{"floor":16,"key":"GamblersBrew"},{"floor":18,"key":"AttackPotion"}],"is_trial":false,"path_per_floor":["M","M","?","$","?","E","R","E","T","R","E","R","E","M","R","B",null,"M","?","$","M","?","E","R","E"],"character_chosen":"DEFECT","items_purchased":["Gash","Heatsinks","Stack"],"campfire_rested":5,"item_purchase_floors":[4,20,20],"current_hp_per_floor":[61,52,35,35,35,20,41,11,11,32,15,36,23,23,44,28,60,45,45,45,31,31,11,32,0],"gold":120,"neow_bonus":"ONE_RARE_RELIC","is_prod":false,"is_daily":false,"chose_seed":false,"campfire_upgraded":0,"win_rate":0,"timestamp":1570114627,"path_taken":["M","M","?","$","?","E","R","E","T","R","E","R","E","M","R","BOSS","M","?","$","?","?","E","R","E"],"build_version":"2019-07-17","purchased_purges":2,"victory":false,"max_hp_per_floor":[71,71,71,71,71,71,71,71,71,71,71,71,71,71,71,71,71,71,71,71,71,71,73,73,73],"card_choices":[{"not_picked":["Steam Power","Redo"],"picked":"Sweeping Beam","floor":1},{"not_picked":["Steam","Compile Driver"],"picked":"Genetic Algorithm","floor":2},{"not_picked":["Melter","Tempest"],"picked":"Ball Lightning","floor":6},{"not_picked":["Streamline","Beam Cell"],"picked":"Rainbow","floor":8},{"not_picked":["Compile Driver","Sweeping Beam"],"picked":"Gash","floor":10},{"not_picked":["Hologram","Streamline"],"picked":"Gash","floor":11},{"not_picked":["Go for the Eyes","Lockon"],"picked":"Buffer","floor":13},{"not_picked":["Sweeping Beam","Capacitor"],"picked":"Gash","floor":14},{"not_picked":["Tempest","Darkness"],"picked":"Reinforced Body","floor":15},{"not_picked":["Core Surge","Echo Form"],"picked":"Creative AI","floor":16},{"not_picked":["Ball Lightning","Go for the Eyes"],"picked":"Glacier","floor":18},{"not_picked":["Melter","Streamline","Redo+1"],"picked":"SKIP","floor":21},{"not_picked":["Meteor Strike","Compile Driver+1","Streamline"],"picked":"Singing Bowl","floor":23},{"not_picked":["Barrage","Rebound"],"picked":"FTL","floor":24}],"player_experience":671943,"relics_obtained":[{"floor":6,"key":"Tiny Chest"},{"floor":8,"key":"DataDisk"},{"floor":9,"key":"Dream Catcher"},{"floor":11,"key":"Shuriken"},{"floor":13,"key":"Happy Flower"},{"floor":23,"key":"Singing Bowl"}],"event_choices":[{"damage_healed":0,"gold_gain":0,"player_choice":"Take Damage","damage_taken":17,"relics_obtained":["Golden Idol"],"max_hp_gain":0,"max_hp_loss":0,"event_name":"Golden Idol","floor":3,"gold_loss":0},{"damage_healed":0,"gold_gain":0,"player_choice":"Ignored","damage_taken":0,"max_hp_gain":0,"max_hp_loss":0,"event_name":"Liars Game","floor":5,"gold_loss":0},{"damage_healed":0,"gold_gain":0,"player_choice":"Bet on Owner","damage_taken":0,"max_hp_gain":0,"max_hp_loss":0,"event_name":"The Joust","floor":19,"gold_loss":50},{"damage_healed":0,"gold_gain":0,"player_choice":"Ignored","damage_taken":0,"max_hp_gain":0,"max_hp_loss":0,"event_name":"Vampires","floor":22,"gold_loss":0}],"is_beta":false,"boss_relics":[{"not_picked":["Fusion Hammer","Velvet Choker"],"picked":"Philosopher\u0027s Stone"}],"items_purged_floors":[4,20],"is_endless":false,"potions_floor_spawned":[2,6,13,16,18],"killed_by":"Slavers","ascension_level":14}