{"gold_per_floor":[109,109,120,120,133,133,159,159,159,3,3,35,46,59,59,159,159,176,176,194,210,210],"floor_reached":22,"playtime":1118,"items_purged":[],"score":294,"play_id":"bab14e7e-3a4b-40b0-a78d-d0c05ae1bbe3","local_time":"20190929222203","is_ascension_mode":true,"campfire_choices":[{"data":"Uppercut","floor":6,"key":"SMITH"},{"data":"Bash","floor":8,"key":"SMITH"},{"data":"Wild Strike","floor":11,"key":"SMITH"},{"data":"Shrug It Off","floor":15,"key":"SMITH"}],"neow_cost":"NONE","seed_source_timestamp":40695026792854,"circlet_count":0,"master_deck":["AscendersBane","Strike_R","Strike_R","Strike_R","Strike_R","Strike_R","Defend_R","Defend_R","Defend_R","Defend_R","Bash+1","Uppercut+1","Bloodletting","Wild Strike+1","Seeing Red","Hemokinesis","Shrug It Off+1","Barricade+1","Dropkick+1","Warcry","Shrug It Off"],"relics":["Burning Blood","Mummified Hand","Shuriken","Happy Flower","Thread and Needle","Philosopher\u0027s Stone"],"potions_floor_usage":[16,16,18,21],"damage_taken":[{"damage":7,"enemies":"Small Slimes","floor":1,"turns":3},{"damage":0,"enemies":"2 Louse","floor":3,"turns":3},{"damage":0,"enemies":"Cultist","floor":5,"turns":4},{"damage":50,"enemies":"3 Sentries","floor":7,"turns":10},{"damage":19,"enemies":"Gremlin Nob","floor":12,"turns":4},{"damage":4,"enemies":"Blue Slaver","floor":13,"turns":3},{"damage":5,"enemies":"Looter","floor":14,"turns":3},{"damage":38,"enemies":"Slime Boss","floor":16,"turns":11},{"damage":9,"enemies":"Chosen","floor":18,"turns":4},{"damage":25,"enemies":"Spheric Guardian","floor":20,"turns":6},{"damage":49,"enemies":"Shelled Parasite and Fungi","floor":21,"turns":8},{"damage":9,"enemies":"Sentry and Sphere","floor":22,"turns":4}],"seed_played":"-2381273162651843001","potions_obtained":[{"floor":1,"key":"FearPotion"},{"floor":13,"key":"Explosive Potion"},{"floor":14,"key":"EssenceOfSteel"},{"floor":16,"key":"SpeedPotion"},{"floor":20,"key":"Energy Potion"}],"is_trial":false,"path_per_floor":["M","?","M","?","M","R","E","R","T","$","R","E","M","M","R","B",null,"M","?","M","M","M"],"character_chosen":"IRONCLAD","items_purchased":["Happy Flower"],"campfire_rested":0,"item_purchase_floors":[10],"current_hp_per_floor":[79,84,90,90,93,93,49,49,49,49,49,36,38,39,39,7,72,69,69,50,7,0],"gold":210,"neow_bonus":"TEN_PERCENT_HP_BONUS","is_prod":false,"is_daily":false,"chose_seed":false,"campfire_upgraded":4,"win_rate":0,"timestamp":1569788523,"path_taken":["M","?","M","?","M","R","E","R","T","$","R","E","M","M","R","BOSS","M","?","M","?","M"],"build_version":"2019-07-17","purchased_purges":0,"victory":false,"max_hp_per_floor":[88,93,93,93,93,93,93,93,93,93,93,93,93,93,93,93,93,93,93,93,93,93],"card_choices":[{"not_picked":["Clash","Ghostly Armor"],"picked":"Uppercut","floor":1},{"not_picked":["Perfected Strike","Whirlwind"],"picked":"Bloodletting","floor":3},{"not_picked":["Sword Boomerang","True Grit"],"picked":"Wild Strike","floor":5},{"not_picked":["Clothesline","Reckless Charge"],"picked":"Seeing Red","floor":7},{"not_picked":["Disarm","Perfected Strike"],"picked":"Hemokinesis","floor":12},{"not_picked":["Entrench","Thunderclap"],"picked":"Shrug It Off","floor":13},{"not_picked":["Heavy Blade","Sword Boomerang","Corruption"],"picked":"SKIP","floor":14},{"not_picked":["Berserk","Dark Embrace"],"picked":"Barricade","floor":16},{"not_picked":["Body Slam","Pommel Strike"],"picked":"Dropkick+1","floor":18},{"not_picked":["Anger","Thunderclap+1"],"picked":"Warcry","floor":20},{"not_picked":["Anger","Pummel"],"picked":"Shrug It Off","floor":21}],"player_experience":308334,"relics_obtained":[{"floor":7,"key":"Mummified Hand"},{"floor":9,"key":"Shuriken"},{"floor":12,"key":"Thread and Needle"}],"event_choices":[{"damage_healed":0,"gold_gain":0,"player_choice":"Donut","damage_taken":0,"max_hp_gain":5,"max_hp_loss":0,"event_name":"Big Fish","floor":2,"gold_loss":0},{"damage_healed":0,"gold_gain":0,"player_choice":"Ignored","damage_taken":0,"max_hp_gain":0,"max_hp_loss":0,"event_name":"Liars Game","floor":4,"gold_loss":0},{"damage_healed":0,"gold_gain":0,"player_choice":"Forge","damage_taken":0,"max_hp_gain":0,"max_hp_loss":0,"event_name":"Accursed Blacksmith","floor":19,"gold_loss":0,"cards_upgraded":["Barricade"]}],"is_beta":false,"boss_relics":[{"not_picked":["Lizard Tail","Tiny House"],"picked":"Philosopher\u0027s Stone"}],"items_purged_floors":[],"is_endless":false,"potions_floor_spawned":[1,13,14,16,20],"killed_by":"Sentry and Sphere","ascension_level":10}