{"gold_per_floor":[113,131,306,319,319,336,351,378,455,482,360,377,410,60,60,161,161,178,160,171,183,38,38,53,78,160,185,185,185],"floor_reached":29,"playtime":1994,"items_purged":["Doubt"],"score":452,"play_id":"95a20ccd-9247-45e0-8db7-c2e8d4798759","local_time":"20190921202359","is_ascension_mode":true,"campfire_choices":[{"floor":15,"key":"REST"},{"floor":23,"key":"REST"}],"neow_cost":"NONE","seed_source_timestamp":352510755484400,"circlet_count":0,"master_deck":["Defend_G","Defend_G","Defend_G","Defend_G","Defend_G","Survivor","Neutralize","Infinite Blades","Backstab","Infinite Blades","Footwork","Dagger Throw","Finisher","Prepared","Cloak And Dagger","Infinite Blades","Accuracy","Footwork","Adrenaline","Cloak And Dagger+1","Escape Plan","Tactician","Infinite Blades+1","Finisher","Quick Slash+1","PiercingWail+1","Bite","Bite","Bite","Bite","Bite"],"relics":["WristBlade","Anchor","Peace Pipe","Ancient Tea Set","Vajra","Bronze Scales","Lizard Tail","Bag of Marbles","Toxic Egg 2","Dream Catcher"],"potions_floor_usage":[7,7,8,8,10,13,16,16,20,25,29],"damage_taken":[{"damage":4,"enemies":"Small Slimes","floor":1,"turns":4},{"damage":1,"enemies":"2 Louse","floor":2,"turns":3},{"damage":5,"enemies":"Cultist","floor":4,"turns":4},{"damage":1,"enemies":"Red Slaver","floor":6,"turns":4},{"damage":0,"enemies":"Lots of Slimes","floor":7,"turns":1},{"damage":11,"enemies":"Gremlin Nob","floor":8,"turns":4},{"damage":10,"enemies":"3 Sentries","floor":10,"turns":8},{"damage":0,"enemies":"Large Slime","floor":12,"turns":4},{"damage":9,"enemies":"Gremlin Nob","floor":13,"turns":3},{"damage":15,"enemies":"The Guardian","floor":16,"turns":7},{"damage":17,"enemies":"Spheric Guardian","floor":18,"turns":4},{"damage":9,"enemies":"2 Thieves","floor":19,"turns":4},{"damage":8,"enemies":"Shelled Parasite and Fungi","floor":20,"turns":4},{"damage":21,"enemies":"Sentry and Sphere","floor":21,"turns":4},{"damage":9,"enemies":"Cultist and Chosen","floor":24,"turns":5},{"damage":23,"enemies":"Book of Stabbing","floor":25,"turns":5},{"damage":12,"enemies":"Gremlin Leader","floor":27,"turns":5},{"damage":26,"enemies":"Slavers","floor":29,"turns":3}],"seed_played":"4835230917343582654","potions_obtained":[{"floor":1,"key":"Weak Potion"},{"floor":5,"key":"Explosive Potion"},{"floor":5,"key":"Explosive Potion"},{"floor":5,"key":"EntropicBrew"},{"floor":10,"key":"GamblersBrew"},{"floor":12,"key":"AttackPotion"},{"floor":13,"key":"Block Potion"},{"floor":19,"key":"Weak Potion"},{"floor":24,"key":"FearPotion"},{"floor":27,"key":"Poison Potion"}],"is_trial":false,"path_per_floor":["M","M","?","M","?","M","M","E","T","E","$","M","E","$","R","B",null,"M","M","M","M","$","R","M","E","T","E","?","E"],"character_chosen":"THE_SILENT","items_purchased":["Cloak And Dagger","Vajra","Bronze Scales","Footwork","Bag of Marbles"],"campfire_rested":2,"item_purchase_floors":[11,14,14,14,22],"current_hp_per_floor":[59,58,58,53,53,52,52,41,41,31,31,31,22,22,43,28,60,43,34,26,5,5,26,17,32,32,22,22,0],"gold":185,"neow_bonus":"BOSS_RELIC","is_prod":false,"is_daily":false,"chose_seed":false,"campfire_upgraded":0,"win_rate":0,"timestamp":1569111839,"path_taken":["M","M","?","M","?","?","M","E","T","E","$","M","E","?","R","BOSS","M","M","M","M","?","R","M","E","T","E","?","E"],"build_version":"2019-07-17","purchased_purges":1,"victory":false,"max_hp_per_floor":[70,70,70,70,70,70,70,70,70,70,70,70,70,70,70,70,70,70,70,70,70,70,70,70,70,70,70,70,70],"card_choices":[{"not_picked":["Blur","Flying Knee"],"picked":"Infinite Blades","floor":1},{"not_picked":["Slice","Backflip"],"picked":"Backstab","floor":2},{"not_picked":["Acrobatics","Blade Dance"],"picked":"Infinite Blades","floor":4},{"not_picked":["Underhanded Strike","Endless Agony"],"picked":"Footwork","floor":6},{"not_picked":["Deadly Poison","Blur"],"picked":"Dagger Throw","floor":7},{"not_picked":["Backflip","Blur"],"picked":"Finisher","floor":8},{"not_picked":["Crippling Poison","Bouncing Flask"],"picked":"Prepared","floor":10},{"not_picked":["Acrobatics","Blade Dance"],"picked":"Infinite Blades","floor":12},{"not_picked":["Dagger Throw","Blade Dance"],"picked":"Accuracy","floor":13},{"not_picked":["Wraith Form v2","Die Die Die"],"picked":"Adrenaline","floor":16},{"not_picked":["Poisoned Stab","Quick Slash"],"picked":"Cloak And Dagger+1","floor":18},{"not_picked":["PiercingWail+1","Flying Knee+1"],"picked":"Escape Plan","floor":19},{"not_picked":["Grand Finale","Sucker Punch"],"picked":"Tactician","floor":20},{"not_picked":["Sucker Punch","Blade Dance+1"],"picked":"Infinite Blades+1","floor":21},{"not_picked":["Dagger Spray","Sucker Punch"],"picked":"Finisher","floor":24},{"not_picked":["Poisoned Stab","Underhanded Strike"],"picked":"Quick Slash+1","floor":25},{"not_picked":["Dagger Spray","Underhanded Strike"],"picked":"PiercingWail+1","floor":27}],"player_experience":698338,"relics_obtained":[{"floor":8,"key":"Anchor"},{"floor":10,"key":"Peace Pipe"},{"floor":13,"key":"Ancient Tea Set"},{"floor":25,"key":"Blood Vial"},{"floor":26,"key":"Toxic Egg 2"},{"floor":27,"key":"Dream Catcher"}],"event_choices":[{"damage_healed":0,"gold_gain":175,"player_choice":"AGREE","damage_taken":0,"max_hp_gain":0,"max_hp_loss":0,"event_name":"Liars Game","floor":3,"gold_loss":0,"cards_obtained":["Doubt"]},{"damage_healed":0,"gold_gain":0,"player_choice":"Got Potions","damage_taken":0,"max_hp_gain":0,"max_hp_loss":0,"event_name":"Lab","floor":5,"gold_loss":0},{"damage_healed":0,"gold_gain":0,"player_choice":"Became a vampire (Vial)","damage_taken":0,"max_hp_gain":0,"max_hp_loss":0,"event_name":"Vampires","floor":28,"relics_lost":["Blood Vial"],"gold_loss":0,"cards_obtained":["Bite","Bite","Bite","Bite","Bite"]}],"is_beta":false,"boss_relics":[{"not_picked":["HoveringKite","Coffee Dripper"],"picked":"Lizard Tail"}],"items_purged_floors":[11],"is_endless":false,"potions_floor_spawned":[1,6,10,12,13,19,24,27],"killed_by":"Slavers","ascension_level":8}