{"gold_per_floor":[119,119,134,150,163,163,193,268,294,294],"floor_reached":10,"playtime":415,"items_purged":[],"score":82,"play_id":"46a7e8a9-051f-4a35-a595-18bcc087c5d2","local_time":"20190508192824","is_ascension_mode":true,"campfire_choices":[{"data":"Recycle","floor":6,"key":"SMITH"}],"neow_cost":"NONE","seed_source_timestamp":1640225901136,"circlet_count":0,"master_deck":["Strike_B","Strike_B","Strike_B","Strike_B","Defend_B","Defend_B","Defend_B","Defend_B","Zap+1","Dualcast","Meteor Strike","Recycle+1","Double Energy","Reboot"],"relics":["Cracked Core","Boot","Orichalcum"],"potions_floor_usage":[5,7,10],"damage_taken":[{"damage":7,"enemies":"Small Slimes","floor":1,"turns":3},{"damage":0,"enemies":"Cultist","floor":3,"turns":3},{"damage":7,"enemies":"Jaw Worm","floor":4,"turns":3},{"damage":29,"enemies":"Exordium Wildlife","floor":5,"turns":5},{"damage":28,"enemies":"Gremlin Nob","floor":7,"turns":4},{"damage":23,"enemies":"3 Sentries","floor":10,"turns":6}],"seed_played":"4326182347394954996","potions_obtained":[{"floor":1,"key":"Regen Potion"},{"floor":3,"key":"PowerPotion"},{"floor":4,"key":"Regen Potion"}],"is_trial":false,"path_per_floor":["M","?","M","M","M","R","E","?","T","E"],"character_chosen":"DEFECT","items_purchased":[],"campfire_rested":0,"item_purchase_floors":[],"current_hp_per_floor":[68,68,68,61,46,46,18,7,7,0],"gold":294,"neow_bonus":"ONE_RANDOM_RARE_CARD","is_prod":false,"is_daily":false,"chose_seed":false,"campfire_upgraded":1,"win_rate":0,"timestamp":1557340104,"path_taken":["M","?","M","M","?","R","E","?","T","E"],"build_version":"2019-01-23","purchased_purges":0,"victory":false,"max_hp_per_floor":[75,75,75,75,75,75,75,75,75,75],"card_choices":[{"not_picked":["Consume","Go for the Eyes","Gash"],"picked":"SKIP","floor":1},{"not_picked":["Cold Snap","Gash"],"picked":"Recycle","floor":3},{"not_picked":["Blizzard","Coolheaded","Rebound"],"picked":"SKIP","floor":4},{"not_picked":["Compile Driver","Force Field"],"picked":"Double Energy","floor":5},{"not_picked":["White Noise","Streamline"],"picked":"Reboot","floor":7}],"player_experience":220006,"relics_obtained":[{"floor":7,"key":"Boot"},{"floor":9,"key":"Orichalcum"}],"event_choices":[{"damage_healed":0,"gold_gain":0,"player_choice":"Upgraded","damage_taken":0,"max_hp_gain":0,"max_hp_loss":0,"event_name":"Upgrade Shrine","floor":2,"gold_loss":0,"cards_upgraded":["Zap"]},{"damage_healed":0,"gold_gain":75,"player_choice":"Gather Gold","damage_taken":11,"max_hp_gain":0,"max_hp_loss":0,"event_name":"World of Goop","floor":8,"gold_loss":0}],"is_beta":false,"boss_relics":[],"items_purged_floors":[],"is_endless":false,"potions_floor_spawned":[1,3,4],"killed_by":"3 Sentries","ascension_level":4}