{"gold_per_floor":[116,116,64,76,49,84,184,210,291,323,323,1,33,44,44,142,142,158,190,208,208],"floor_reached":21,"playtime":798,"items_purged":[],"score":265,"play_id":"fee80feb-b016-4b52-a4bb-8f455e6cd080","local_time":"20181228223614","is_ascension_mode":true,"campfire_choices":[{"floor":11,"key":"REST"},{"floor":15,"key":"REST"}],"neow_cost":"NONE","seed_source_timestamp":711728107184484,"circlet_count":0,"master_deck":["Strike_B","Strike_B","Strike_B","Strike_B","Defend_B","Defend_B","Defend_B","Defend_B","Zap","Dualcast","Conserve Battery","Melter","Go for the Eyes","Static Discharge","White Noise","Echo Form","Go for the Eyes","Hello World","Gash","Static Discharge","Buffer","FTL","Gash","Tempest"],"relics":["Cracked Core","NeowsBlessing","NlothsMask","Happy Flower","Omamori","DataDisk","PreservedInsect","Emotion Chip","Black Star","Red Mask"],"potions_floor_usage":[8,8,12,19,21],"damage_taken":[{"damage":0,"enemies":"2 Louse","floor":1,"turns":1},{"damage":0,"enemies":"Cultist","floor":4,"turns":1},{"damage":0,"enemies":"Gremlin Nob","floor":6,"turns":1},{"damage":18,"enemies":"Lagavulin","floor":8,"turns":6},{"damage":43,"enemies":"Gremlin Nob","floor":10,"turns":5},{"damage":30,"enemies":"Lagavulin","floor":13,"turns":6},{"damage":2,"enemies":"Jaw Worm","floor":14,"turns":3},{"damage":12,"enemies":"Hexaghost","floor":16,"turns":5},{"damage":11,"enemies":"Spheric Guardian","floor":18,"turns":3},{"damage":39,"enemies":"Masked Bandits","floor":19,"turns":3},{"damage":23,"enemies":"Shell Parasite","floor":20,"turns":5},{"damage":11,"enemies":"Snecko","floor":21,"turns":2}],"seed_played":"-9046156146042644249","potions_obtained":[{"floor":4,"key":"Weak Potion"},{"floor":10,"key":"Swift Potion"},{"floor":13,"key":"SteroidPotion"},{"floor":20,"key":"AttackPotion"}],"is_trial":false,"path_per_floor":["M","?","$","M","$","E","?","E","T","E","R","$","E","M","R","B",null,"M","?","M","M"],"character_chosen":"DEFECT","items_purchased":["AttackPotion","Go for the Eyes","Go for the Eyes","Hello World","PreservedInsect","Fruit Juice"],"campfire_rested":2,"item_purchase_floors":[3,5,12,12,12,12],"current_hp_per_floor":[75,75,75,75,75,75,75,57,57,14,36,41,11,9,33,21,80,69,30,7,0],"gold":208,"neow_bonus":"THREE_ENEMY_KILL","is_prod":false,"is_daily":false,"chose_seed":false,"campfire_upgraded":0,"win_rate":0,"timestamp":1546054574,"path_taken":["M","?","?","M","?","E","?","E","T","E","R","$","E","?","R","BOSS","M","?","M","M"],"build_version":"2018-12-20","purchased_purges":0,"victory":false,"max_hp_per_floor":[75,75,75,75,75,75,75,75,75,75,75,80,80,80,80,80,80,80,80,80,80],"card_choices":[{"not_picked":["Cold Snap","Ball Lightning"],"picked":"Conserve Battery","floor":1},{"not_picked":["Beam Cell","Sunder"],"picked":"Melter","floor":4},{"not_picked":["Leap","Force Field"],"picked":"Static Discharge","floor":6},{"not_picked":["Beam Cell","Heatsinks"],"picked":"White Noise","floor":8},{"not_picked":["Force Field","Ball Lightning"],"picked":"Echo Form","floor":10},{"not_picked":["Hologram","Turbo"],"picked":"Gash","floor":13},{"not_picked":["Coolheaded","Cold Snap"],"picked":"Static Discharge","floor":14},{"not_picked":["All For One","Fission"],"picked":"Buffer","floor":16},{"not_picked":["Turbo+1","Ball Lightning+1"],"picked":"FTL","floor":18},{"not_picked":["Barrage+1","Ball Lightning"],"picked":"Gash","floor":19},{"not_picked":["Ball Lightning","FTL"],"picked":"Tempest","floor":20}],"player_experience":260189,"relics_obtained":[{"floor":6,"key":"Happy Flower"},{"floor":8,"key":"Omamori"},{"floor":10,"key":"DataDisk"},{"floor":13,"key":"Emotion Chip"},{"floor":19,"key":"Red Mask"}],"event_choices":[{"damage_healed":0,"gold_gain":0,"player_choice":"Trade","damage_taken":0,"relics_obtained":["NlothsMask"],"max_hp_gain":0,"max_hp_loss":0,"event_name":"FaceTrader","floor":2,"gold_loss":0},{"damage_healed":0,"gold_gain":100,"player_choice":"Gold","damage_taken":0,"max_hp_gain":0,"max_hp_loss":0,"event_name":"Wheel of Change","floor":7,"gold_loss":0},{"damage_healed":0,"gold_gain":0,"player_choice":"Fought Bandits","damage_taken":0,"max_hp_gain":0,"max_hp_loss":0,"event_name":"Masked Bandits","floor":19,"gold_loss":0}],"is_beta":false,"boss_relics":[{"not_picked":["Coffee Dripper","Busted Crown"],"picked":"Black Star"}],"items_purged_floors":[],"is_endless":false,"potions_floor_spawned":[4,10,13,20],"killed_by":"Snecko","ascension_level":3}