{"gold_per_floor":[119,132,148,158,169,198,198,223,250,275,275,285,285,18,18,118,118,132,132,149,26,26,52,52,52],"floor_reached":25,"playtime":1698,"items_purged":["Strike_B","Defend_B"],"score":399,"play_id":"ab5ff0c3-a42e-4320-baa4-52fa26096f9c","local_time":"20190930190210","is_ascension_mode":true,"campfire_choices":[{"floor":7,"key":"REST"},{"data":"Zap","floor":13,"key":"SMITH"},{"data":"Dualcast","floor":15,"key":"SMITH"},{"floor":24,"key":"REST"}],"neow_cost":"NONE","seed_source_timestamp":1125503401435900,"circlet_count":0,"master_deck":["AscendersBane","Zap+1","Dualcast+1","Chill","Ball Lightning","Cold Snap","Ball Lightning","Hologram","White Noise","Capacitor","Gash","Seek","Gash","Bite","Bite","Bite","Bite","Bite","Go for the Eyes","Cold Snap","Coolheaded","Storm","Gash"],"relics":["Cracked Core","Pantograph","Ancient Tea Set","Lantern","Toy Ornithopter","Eternal Feather","Bronze Scales"],"potions_floor_usage":[6,6,10,10,23,23],"damage_taken":[{"damage":0,"enemies":"Cultist","floor":1,"turns":3},{"damage":0,"enemies":"2 Louse","floor":2,"turns":2},{"damage":7,"enemies":"Jaw Worm","floor":3,"turns":2},{"damage":1,"enemies":"Blue Slaver","floor":4,"turns":3},{"damage":11,"enemies":"Large Slime","floor":5,"turns":3},{"damage":20,"enemies":"3 Sentries","floor":6,"turns":7},{"damage":29,"enemies":"Gremlin Nob","floor":8,"turns":4},{"damage":15,"enemies":"Lagavulin","floor":10,"turns":5},{"damage":1,"enemies":"Exordium Wildlife","floor":12,"turns":3},{"damage":59,"enemies":"Hexaghost","floor":16,"turns":9},{"damage":13,"enemies":"3 Byrds","floor":18,"turns":5},{"damage":29,"enemies":"Shell Parasite","floor":20,"turns":5},{"damage":30,"enemies":"Slavers","floor":23,"turns":5},{"damage":56,"enemies":"Book of Stabbing","floor":25,"turns":4}],"seed_played":"2529404143022748201","potions_obtained":[{"floor":1,"key":"SteroidPotion"},{"floor":5,"key":"Energy Potion"},{"floor":6,"key":"Ancient Potion"},{"floor":8,"key":"FocusPotion"},{"floor":16,"key":"FocusPotion"},{"floor":18,"key":"Poison Potion"}],"is_trial":false,"path_per_floor":["M","M","M","M","M","E","R","E","T","E","?","M","R","$","R","B",null,"M","?","M","$","?","E","R","E"],"character_chosen":"DEFECT","items_purchased":["Toy Ornithopter","Cold Snap"],"campfire_rested":2,"item_purchase_floors":[14,21],"current_hp_per_floor":[68,68,61,60,49,29,51,22,22,7,75,74,74,74,74,16,60,47,47,30,30,30,20,47,0],"gold":52,"neow_bonus":"TRANSFORM_CARD","is_prod":false,"is_daily":false,"chose_seed":false,"campfire_upgraded":2,"win_rate":0,"timestamp":1569884530,"path_taken":["M","?","M","M","M","E","R","E","T","E","?","M","R","$","R","BOSS","M","?","M","$","?","E","R","E"],"build_version":"2019-07-17","purchased_purges":2,"victory":false,"max_hp_per_floor":[75,75,75,75,75,75,75,75,75,75,75,75,75,75,75,75,75,75,52,52,52,52,52,52,52],"card_choices":[{"not_picked":["Scrape","Heatsinks"],"picked":"Ball Lightning","floor":1},{"not_picked":["Sweeping Beam","Streamline"],"picked":"Cold Snap","floor":2},{"not_picked":["Rip and Tear","Fusion","Turbo"],"picked":"SKIP","floor":3},{"not_picked":["Stack","Beam Cell"],"picked":"Ball Lightning","floor":4},{"not_picked":["Static Discharge","Beam Cell"],"picked":"Hologram","floor":5},{"not_picked":["Thunder Strike","Consume"],"picked":"White Noise","floor":6},{"not_picked":["Consume","Tempest","Chaos"],"picked":"SKIP","floor":8},{"not_picked":["Streamline","Double Energy"],"picked":"Capacitor","floor":10},{"not_picked":["Turbo","Melter"],"picked":"Gash","floor":12},{"not_picked":["Creative AI","Multi-Cast"],"picked":"Seek","floor":16},{"not_picked":["Barrage","Conserve Battery"],"picked":"Gash","floor":18},{"not_picked":["Conserve Battery+1","Steam"],"picked":"Go for the Eyes","floor":20},{"not_picked":["Redo","Rebound"],"picked":"Gash","floor":23}],"player_experience":739889,"relics_obtained":[{"floor":6,"key":"Pantograph"},{"floor":8,"key":"Ancient Tea Set"},{"floor":10,"key":"Lantern"},{"floor":23,"key":"Bronze Scales"}],"event_choices":[{"damage_healed":68,"gold_gain":0,"player_choice":"Full Heal","damage_taken":0,"max_hp_gain":0,"max_hp_loss":0,"event_name":"Wheel of Change","floor":11,"gold_loss":0},{"damage_healed":0,"gold_gain":0,"player_choice":"Became a vampire","damage_taken":0,"max_hp_gain":0,"max_hp_loss":23,"event_name":"Vampires","floor":19,"gold_loss":0,"cards_obtained":["Bite","Bite","Bite","Bite","Bite"]},{"damage_healed":0,"gold_gain":0,"cards_transformed":["Defend_B","Defend_B"],"player_choice":"Became Test Subject","damage_taken":0,"max_hp_gain":0,"max_hp_loss":0,"event_name":"Drug Dealer","floor":22,"gold_loss":0,"cards_obtained":["Coolheaded","Storm"]}],"is_beta":false,"boss_relics":[{"not_picked":["Philosopher\u0027s Stone","Lizard Tail"],"picked":"Eternal Feather"}],"items_purged_floors":[14,21],"is_endless":false,"potions_floor_spawned":[1,5,6,8,16,18],"killed_by":"Book of Stabbing","ascension_level":11}