{"gold_per_floor":[116,132,148,4,79,112,112,132,159,191,203,30,30,55,55,154,154,166,181,194,207,220,250,261,261],"floor_reached":25,"playtime":2560,"items_purged":["Strike_B"],"score":322,"play_id":"565dadcb-628d-41b5-8bae-d01e23ff59b1","local_time":"20181201195236","is_ascension_mode":false,"campfire_choices":[{"data":"Zap","floor":7,"key":"SMITH"},{"data":"Creative AI","floor":13,"key":"SMITH"},{"floor":15,"key":"RECALL"}],"neow_cost":"NONE","seed_source_timestamp":6985032186730,"circlet_count":0,"master_deck":["Strike_B","Strike_B","Strike_B","Defend_B","Defend_B","Defend_B","Defend_B","Zap+1","Dualcast","Loop","Chaos","Turbo","Hologram","Undo","Creative AI+1","Finesse","Leap","Seek","Undo+1"],"relics":["Cracked Core","Bronze Scales","Oddly Smooth Stone","Bag of Marbles","Mango","Sozu","Blue Candle"],"potions_floor_usage":[6,6,8,16],"damage_taken":[{"damage":0,"enemies":"Cultist","floor":1,"turns":4},{"damage":1,"enemies":"Jaw Worm","floor":2,"turns":4},{"damage":5,"enemies":"Small Slimes","floor":3,"turns":3},{"damage":5,"enemies":"Lagavulin","floor":6,"turns":6},{"damage":16,"enemies":"Red Slaver","floor":8,"turns":4},{"damage":28,"enemies":"Gremlin Nob","floor":10,"turns":4},{"damage":0,"enemies":"2 Fungi Beasts","floor":11,"turns":3},{"damage":1,"enemies":"Lagavulin","floor":14,"turns":6},{"damage":0,"enemies":"Hexaghost","floor":16,"turns":9},{"damage":0,"enemies":"Shell Parasite","floor":18,"turns":6},{"damage":0,"enemies":"Chosen","floor":19,"turns":5},{"damage":5,"enemies":"Shelled Parasite and Fungi","floor":20,"turns":7},{"damage":0,"enemies":"Centurion and Healer","floor":21,"turns":10},{"damage":16,"enemies":"Sentry and Sphere","floor":22,"turns":6},{"damage":46,"enemies":"Gremlin Leader","floor":23,"turns":8},{"damage":8,"enemies":"Shelled Parasite and Fungi","floor":24,"turns":5},{"damage":23,"enemies":"Cultist and Chosen","floor":25,"turns":6}],"seed_played":"4649094222728224417","potions_obtained":[{"floor":1,"key":"Swift Potion"},{"floor":3,"key":"PowerPotion"},{"floor":6,"key":"Regen Potion"},{"floor":14,"key":"Swift Potion"}],"is_trial":false,"path_per_floor":["M","M","M","$","?","E","R","M","T","E","M","$","R","E","R","B",null,"M","M","M","M","M","E","M","M"],"character_chosen":"DEFECT","items_purchased":["Bronze Scales","Finesse"],"campfire_rested":0,"item_purchase_floors":[4,12],"current_hp_per_floor":[82,81,76,76,65,60,60,56,56,28,28,28,28,41,41,41,96,96,96,91,91,75,29,21,0],"gold":261,"neow_bonus":"TEN_PERCENT_HP_BONUS","is_prod":false,"is_daily":false,"chose_seed":false,"campfire_upgraded":2,"win_rate":0,"timestamp":1543693956,"path_taken":["M","?","M","$","?","E","R","M","T","E","M","?","R","E","R","BOSS","M","M","?","?","M","E","M","M"],"build_version":"2018-11-15","purchased_purges":1,"victory":false,"max_hp_per_floor":[82,82,82,82,82,82,82,82,82,82,82,82,82,96,96,96,96,96,96,96,96,96,96,96,96],"card_choices":[{"not_picked":["Compile Driver","Consume"],"picked":"Loop","floor":1},{"not_picked":["Consume","Go for the Eyes"],"picked":"Chaos","floor":2},{"not_picked":["Storm","Static Discharge"],"picked":"Turbo","floor":3},{"not_picked":["Buffer","Recycle"],"picked":"Hologram","floor":6},{"not_picked":["Static Discharge","Steam","Rebound"],"picked":"SKIP","floor":8},{"not_picked":["Gash","Rebound"],"picked":"Undo","floor":10},{"not_picked":["Redo","White Noise"],"picked":"Creative AI","floor":11},{"not_picked":["Compile Driver","Reinforced Body"],"picked":"Leap","floor":14},{"not_picked":["Machine Learning","Reboot"],"picked":"Seek","floor":16},{"not_picked":["Chaos","Gash","Sweeping Beam"],"picked":"SKIP","floor":18},{"not_picked":["Rip and Tear","Capacitor","Sweeping Beam"],"picked":"SKIP","floor":19},{"not_picked":["Streamline","Turbo"],"picked":"Undo+1","floor":20},{"not_picked":["Rebound+1","Turbo","Compile Driver"],"picked":"SKIP","floor":21},{"not_picked":["Ball Lightning+1","Sweeping Beam+1","Barrage"],"picked":"SKIP","floor":22},{"not_picked":["Turbo","Genetic Algorithm+1","Coolheaded"],"picked":"SKIP","floor":23},{"not_picked":["Barrage+1","Recycle","Chaos"],"picked":"SKIP","floor":24}],"player_experience":177129,"relics_obtained":[{"floor":6,"key":"Oddly Smooth Stone"},{"floor":10,"key":"Bag of Marbles"},{"floor":14,"key":"Mango"},{"floor":23,"key":"Blue Candle"}],"event_choices":[{"damage_healed":0,"gold_gain":75,"player_choice":"Gather Gold","damage_taken":11,"max_hp_gain":0,"max_hp_loss":0,"event_name":"World of Goop","floor":5,"gold_loss":0}],"is_beta":true,"boss_relics":[{"not_picked":["Cursed Key","Lizard Tail"],"picked":"Sozu"}],"items_purged_floors":[12],"is_endless":false,"potions_floor_spawned":[1,3,6,14,18,20,24],"killed_by":"Cultist and Chosen","ascension_level":0}