{"gold_per_floor":[114,131,131,131,131,131,156,156,156,173,187,197,372,386,386,491,491,511,511,229,243,261,278,278,304,331,663,677,705,746,774,786,798],"floor_reached":33,"playtime":2663,"items_purged":["Strike_G"],"score":359,"play_id":"5e9755be-dfc7-4158-9afa-2b769f4e1cd9","local_time":"20181206204311","is_ascension_mode":false,"campfire_choices":[{"data":"Footwork","floor":6,"key":"SMITH"},{"floor":8,"key":"RECALL"},{"data":"Choke","floor":15,"key":"SMITH"},{"data":"Underhanded Strike","floor":24,"key":"SMITH"},{"floor":32,"key":"REST"}],"neow_cost":"NONE","seed_source_timestamp":441926265119484,"circlet_count":0,"master_deck":["Defend_G","Defend_G","Defend_G","Defend_G","Strike_G","Strike_G","Strike_G","Survivor","Neutralize","Footwork+1","Choke+1","Tactician","Underhanded Strike+1","Noxious Fumes","Choke","Adrenaline","Backflip+1","Expertise+1","Quick Slash","Caltrops+1","Crippling Poison","Masterful Stab+1","Distraction","Choke","Underhanded Strike"],"relics":["HoveringKite","Happy Flower","Mummified Hand","Bottled Flame","Black Star","Sling","Boot","Ornamental Fan","Lantern","Mercury Hourglass","Old Coin","MawBank","Orichalcum","Red Mask"],"potions_floor_usage":[7,16,16,22,25,28,29,30,33],"damage_taken":[{"damage":0,"enemies":"Jaw Worm","floor":1,"turns":8},{"damage":0,"enemies":"2 Louse","floor":2,"turns":4},{"damage":36,"enemies":"Gremlin Nob","floor":7,"turns":5},{"damage":0,"enemies":"Cultist","floor":10,"turns":4},{"damage":0,"enemies":"Gremlin Gang","floor":11,"turns":7},{"damage":7,"enemies":"Large Slime","floor":12,"turns":7},{"damage":2,"enemies":"2 Fungi Beasts","floor":14,"turns":4},{"damage":16,"enemies":"Hexaghost","floor":16,"turns":10},{"damage":5,"enemies":"Chosen","floor":18,"turns":4},{"damage":7,"enemies":"2 Thieves","floor":21,"turns":4},{"damage":6,"enemies":"Sentry and Sphere","floor":22,"turns":5},{"damage":0,"enemies":"Chosen and Byrds","floor":23,"turns":4},{"damage":12,"enemies":"Gremlin Leader","floor":25,"turns":5},{"damage":1,"enemies":"Book of Stabbing","floor":27,"turns":4},{"damage":4,"enemies":"Centurion and Healer","floor":28,"turns":3},{"damage":0,"enemies":"Gremlin Leader","floor":29,"turns":3},{"damage":9,"enemies":"Masked Bandits","floor":30,"turns":3},{"damage":25,"enemies":"Sentry and Sphere","floor":31,"turns":8},{"damage":53,"enemies":"Automaton","floor":33,"turns":6}],"seed_played":"-6931167031978878597","potions_obtained":[{"floor":1,"key":"Strength Potion"},{"floor":12,"key":"Dexterity Potion"},{"floor":14,"key":"SteroidPotion"},{"floor":16,"key":"SmokeBomb"},{"floor":21,"key":"AttackPotion"},{"floor":22,"key":"Explosive Potion"},{"floor":23,"key":"Weak Potion"},{"floor":27,"key":"AttackPotion"},{"floor":28,"key":"Poison Potion"},{"floor":31,"key":"SkillPotion"}],"is_trial":false,"path_per_floor":["M","M","?","?","?","R","E","R","T","M","M","M","?","M","R","B",null,"M","?","$","M","M","M","R","E","T","E","M","E","?","M","R","B"],"character_chosen":"THE_SILENT","items_purchased":["Sling"],"campfire_rested":1,"item_purchase_floors":[20],"current_hp_per_floor":[70,70,63,63,63,63,27,27,27,27,27,20,20,18,18,2,70,65,65,65,58,52,52,52,40,40,39,35,35,26,1,22,0],"gold":798,"neow_bonus":"BOSS_RELIC","is_prod":false,"is_daily":false,"chose_seed":false,"campfire_upgraded":3,"win_rate":0,"timestamp":1544128991,"path_taken":["M","M","?","?","?","R","E","R","T","M","?","?","?","M","R","BOSS","M","?","$","M","M","M","R","E","T","E","M","E","?","M","R","BOSS"],"build_version":"2018-12-06","purchased_purges":1,"victory":false,"max_hp_per_floor":[70,70,70,70,70,70,70,70,70,70,70,70,70,70,70,70,70,70,70,70,70,70,70,70,70,70,70,70,70,70,70,70,70],"card_choices":[{"not_picked":["Blade Dance","Deadly Poison"],"picked":"Footwork","floor":1},{"not_picked":["Acrobatics","Cloak And Dagger"],"picked":"Choke","floor":2},{"not_picked":["Accuracy","Deadly Poison"],"picked":"Tactician","floor":7},{"not_picked":["Sucker Punch","Slice","Deadly Poison"],"picked":"SKIP","floor":10},{"not_picked":["Tools of the Trade","Deadly Poison"],"picked":"Underhanded Strike","floor":11},{"not_picked":["Outmaneuver","Setup"],"picked":"Noxious Fumes","floor":12},{"not_picked":["Riddle With Holes","Dagger Spray"],"picked":"Choke","floor":14},{"not_picked":["Die Die Die","Unload"],"picked":"Adrenaline","floor":16},{"not_picked":["Dagger Throw","Dash"],"picked":"Backflip+1","floor":18},{"not_picked":["Setup","Deflect"],"picked":"Expertise+1","floor":21},{"not_picked":["Dagger Spray","Deadly Poison"],"picked":"Quick Slash","floor":22},{"not_picked":["Sucker Punch","All Out Attack+1"],"picked":"Caltrops+1","floor":23},{"not_picked":["Wraith Form v2","Expertise+1"],"picked":"Crippling Poison","floor":25},{"not_picked":["Calculated Gamble","All Out Attack"],"picked":"Masterful Stab+1","floor":27},{"not_picked":["Setup","PiercingWail+1"],"picked":"Distraction","floor":28},{"not_picked":["Bouncing Flask","Tools of the Trade"],"picked":"Choke","floor":29},{"not_picked":["Blade Dance","Flechettes"],"picked":"Underhanded Strike","floor":30},{"not_picked":["Choke","Slice+1","Deadly Poison"],"picked":"SKIP","floor":31}],"player_experience":188280,"relics_obtained":[{"floor":7,"key":"Mummified Hand"},{"floor":9,"key":"Bottled Flame"},{"floor":25,"key":"Boot"},{"floor":25,"key":"Ornamental Fan"},{"floor":26,"key":"Lantern"},{"floor":27,"key":"Mercury Hourglass"},{"floor":27,"key":"Old Coin"},{"floor":29,"key":"MawBank"},{"floor":29,"key":"Orichalcum"},{"floor":30,"key":"Red Mask"}],"event_choices":[{"damage_healed":0,"gold_gain":0,"player_choice":"Success","damage_taken":7,"relics_obtained":["Happy Flower"],"max_hp_gain":0,"max_hp_loss":0,"event_name":"Scrap Ooze","floor":3,"gold_loss":0},{"cards_removed":["Strike_G"],"damage_healed":0,"gold_gain":0,"player_choice":"Forget","damage_taken":0,"max_hp_gain":0,"max_hp_loss":0,"event_name":"Living Wall","floor":4,"gold_loss":0},{"cards_removed":["Defend_G"],"damage_healed":0,"gold_gain":0,"player_choice":"Purged","damage_taken":0,"max_hp_gain":0,"max_hp_loss":0,"event_name":"Purifier","floor":5,"gold_loss":0},{"damage_healed":0,"gold_gain":175,"player_choice":"AGREE","damage_taken":0,"max_hp_gain":0,"max_hp_loss":0,"event_name":"Liars Game","floor":13,"gold_loss":0,"cards_obtained":["Doubt"]},{"cards_removed":["Doubt"],"damage_healed":0,"gold_gain":0,"player_choice":"Elegance","damage_taken":0,"max_hp_gain":0,"max_hp_loss":0,"event_name":"Back to Basics","floor":19,"gold_loss":0},{"damage_healed":0,"gold_gain":0,"player_choice":"Fought Bandits","damage_taken":0,"max_hp_gain":0,"max_hp_loss":0,"event_name":"Masked Bandits","floor":30,"gold_loss":0}],"is_beta":true,"boss_relics":[{"not_picked":["Tiny House","Ectoplasm"],"picked":"Black Star"}],"items_purged_floors":[20],"is_endless":false,"potions_floor_spawned":[1,12,14,16,21,22,23,27,28,31],"killed_by":"Automaton","ascension_level":0}