{"gold_per_floor":[119,137,155,167,92,92,108,121,121,21,48,67,85,142,142,244,244,255,282,295,306,306],"floor_reached":22,"playtime":2170,"items_purged":["Defend_B","Defend_B"],"score":267,"play_id":"e8a0eb98-5fce-49b1-85fb-76e4d03c58f0","local_time":"20181202135804","is_ascension_mode":false,"campfire_choices":[{"data":"Creative AI","floor":6,"key":"SMITH"},{"data":"Redo","floor":15,"key":"SMITH"}],"neow_cost":"NONE","seed_source_timestamp":72502999521315,"circlet_count":0,"master_deck":["Strike_B","Strike_B","Strike_B","Strike_B","Defend_B","Defend_B","Zap","Dualcast","BootSequence","Glacier","Beam Cell","Glacier","Cold Snap","Beam Cell","Blizzard","Chaos","Creative AI+1","Hologram","Skim","Loop","Cold Snap","Redo+1","Core Surge","Redo","Redo","Double Energy","Redo"],"relics":["Orrery","Pantograph","Orichalcum","Vajra","Nuclear Battery","Red Mask"],"potions_floor_usage":[7,14,16,16,21,22],"damage_taken":[{"damage":0,"enemies":"Cultist","floor":1,"turns":4},{"damage":0,"enemies":"2 Louse","floor":2,"turns":3},{"damage":0,"enemies":"Jaw Worm","floor":3,"turns":3},{"damage":1,"enemies":"Exordium Thugs","floor":4,"turns":5},{"damage":3,"enemies":"3 Louse","floor":7,"turns":4},{"damage":0,"enemies":"Blue Slaver","floor":8,"turns":4},{"damage":4,"enemies":"Lagavulin","floor":11,"turns":8},{"damage":0,"enemies":"Red Slaver","floor":12,"turns":5},{"damage":4,"enemies":"Large Slime","floor":13,"turns":6},{"damage":0,"enemies":"Lagavulin Event","floor":14,"turns":8},{"damage":0,"enemies":"Slime Boss","floor":16,"turns":8},{"damage":0,"enemies":"3 Byrds","floor":18,"turns":5},{"damage":42,"enemies":"Masked Bandits","floor":19,"turns":6},{"damage":1,"enemies":"Chosen","floor":20,"turns":7},{"damage":18,"enemies":"Centurion and Healer","floor":21,"turns":9},{"damage":32,"enemies":"3 Cultists","floor":22,"turns":4}],"seed_played":"2192339990541536497","potions_obtained":[{"floor":1,"key":"Weak Potion"},{"floor":3,"key":"Dexterity Potion"},{"floor":4,"key":"SpeedPotion"},{"floor":13,"key":"Energy Potion"},{"floor":16,"key":"Regen Potion"},{"floor":19,"key":"FocusPotion"}],"is_trial":false,"path_per_floor":["M","M","M","M","$","R","M","M","T","$","E","M","M","?","R","B",null,"M","?","M","M","M"],"character_chosen":"DEFECT","items_purchased":[],"campfire_rested":0,"item_purchase_floors":[],"current_hp_per_floor":[75,75,75,74,74,74,71,71,71,71,67,67,63,63,63,75,75,75,33,32,29,0],"gold":306,"neow_bonus":"BOSS_RELIC","is_prod":false,"is_daily":false,"chose_seed":false,"campfire_upgraded":2,"win_rate":0,"timestamp":1543759084,"path_taken":["M","M","M","M","?","R","M","M","T","$","E","M","M","?","R","BOSS","M","?","M","M","M"],"build_version":"2018-11-15","purchased_purges":2,"victory":false,"max_hp_per_floor":[75,75,75,75,75,75,75,75,75,75,75,75,75,75,75,75,75,75,75,75,75,75],"card_choices":[{"not_picked":["Sweeping Beam","Turbo"],"picked":"BootSequence","floor":0},{"not_picked":["Go for the Eyes","Compile Driver"],"picked":"Glacier","floor":0},{"not_picked":["Ball Lightning","Hyperbeam"],"picked":"Beam Cell","floor":0},{"not_picked":["Go for the Eyes","Steam"],"picked":"Glacier","floor":0},{"not_picked":["Beam Cell","Heatsinks"],"picked":"Cold Snap","floor":0},{"not_picked":["Stack","Steam"],"picked":"Beam Cell","floor":1},{"not_picked":["Aggregate","Meteor Strike"],"picked":"Blizzard","floor":2},{"not_picked":["Sweeping Beam","Ball Lightning"],"picked":"Chaos","floor":3},{"not_picked":["Barrage","Fusion"],"picked":"Creative AI","floor":4},{"not_picked":["Barrage","Conserve Battery"],"picked":"Hologram","floor":7},{"not_picked":["Leap","Reinforced Body"],"picked":"Skim","floor":8},{"not_picked":["Leap","Gash"],"picked":"Loop","floor":11},{"not_picked":["Barrage","Leap","Conserve Battery"],"picked":"SKIP","floor":12},{"not_picked":["Aggregate","Streamline"],"picked":"Cold Snap","floor":13},{"not_picked":["Core Surge","Fusion"],"picked":"Redo","floor":14},{"not_picked":["Biased Cognition","Buffer"],"picked":"Core Surge","floor":16},{"not_picked":["Turbo","Doom and Gloom"],"picked":"Redo","floor":18},{"not_picked":["Sunder","White Noise"],"picked":"Redo","floor":19},{"not_picked":["Steam","Darkness"],"picked":"Double Energy","floor":20},{"not_picked":["Static Discharge","Beam Cell"],"picked":"Redo","floor":21}],"player_experience":181975,"relics_obtained":[{"floor":9,"key":"Pantograph"},{"floor":11,"key":"Orichalcum"},{"floor":14,"key":"Vajra"},{"floor":19,"key":"Red Mask"}],"event_choices":[{"damage_healed":0,"gold_gain":30,"player_choice":"Searched \u00272\u0027 times","damage_taken":0,"max_hp_gain":0,"max_hp_loss":0,"event_name":"Dead Adventurer","floor":14,"gold_loss":0},{"damage_healed":0,"gold_gain":0,"player_choice":"Fought Bandits","damage_taken":0,"max_hp_gain":0,"max_hp_loss":0,"event_name":"Masked Bandits","floor":19,"gold_loss":0}],"is_beta":true,"boss_relics":[{"not_picked":["Sozu","Tiny House"],"picked":"Nuclear Battery"}],"items_purged_floors":[5,10],"is_endless":false,"potions_floor_spawned":[1,3,4,13,16,19],"killed_by":"3 Cultists","ascension_level":0}