{"gold_per_floor":[115,129,145,158,170,170,200,182,182,182],"floor_reached":10,"playtime":547,"items_purged":[],"score":108,"play_id":"617a6cb7-eb8f-43b4-acb8-78d859d14aef","local_time":"20190929225114","is_ascension_mode":true,"campfire_choices":[{"data":"True Grit","floor":6,"key":"SMITH"}],"neow_cost":"NONE","seed_source_timestamp":43017635035168,"circlet_count":0,"master_deck":["AscendersBane","Strike_R","Strike_R","Strike_R","Strike_R","Strike_R","Defend_R","Defend_R","Defend_R","Defend_R","Bash","Spot Weakness","True Grit+1","Shrug It Off","Heavy Blade","Flame Barrier","Rampage"],"relics":["Burning Blood","Oddly Smooth Stone","Calipers","Darkstone Periapt"],"potions_floor_usage":[10],"damage_taken":[{"damage":8,"enemies":"Cultist","floor":1,"turns":5},{"damage":6,"enemies":"2 Louse","floor":2,"turns":3},{"damage":6,"enemies":"Jaw Worm","floor":3,"turns":3},{"damage":15,"enemies":"Blue Slaver","floor":4,"turns":5},{"damage":5,"enemies":"Looter","floor":5,"turns":5},{"damage":43,"enemies":"3 Sentries","floor":7,"turns":11},{"damage":5,"enemies":"Exordium Thugs","floor":8,"turns":4},{"damage":42,"enemies":"Lagavulin","floor":10,"turns":8}],"seed_played":"1968831488584382723","potions_obtained":[{"floor":1,"key":"SteroidPotion"},{"floor":2,"key":"SneckoOil"},{"floor":4,"key":"Dexterity Potion"},{"floor":7,"key":"GamblersBrew"},{"floor":8,"key":"Ancient Potion"}],"is_trial":false,"path_per_floor":["M","M","M","M","M","R","E","M","T","E"],"character_chosen":"IRONCLAD","items_purchased":[],"campfire_rested":0,"item_purchase_floors":[],"current_hp_per_floor":[70,70,70,61,62,62,25,26,26,0],"gold":182,"neow_bonus":"RANDOM_COMMON_RELIC","is_prod":false,"is_daily":false,"chose_seed":false,"campfire_upgraded":1,"win_rate":0,"timestamp":1569790274,"path_taken":["M","M","M","M","M","R","E","M","T","E"],"build_version":"2019-07-17","purchased_purges":0,"victory":false,"max_hp_per_floor":[80,80,80,80,80,80,80,80,80,80],"card_choices":[{"not_picked":["Entrench","Iron Wave","Dual Wield"],"picked":"SKIP","floor":1},{"not_picked":["Clash","Whirlwind"],"picked":"Spot Weakness","floor":2},{"not_picked":["Sword Boomerang","Searing Blow"],"picked":"True Grit","floor":3},{"not_picked":["Ghostly Armor","Rampage"],"picked":"Shrug It Off","floor":4},{"not_picked":["Anger","Intimidate"],"picked":"Heavy Blade","floor":5},{"not_picked":["Cleave","Thunderclap"],"picked":"Flame Barrier","floor":7},{"not_picked":["Anger","Combust"],"picked":"Rampage","floor":8}],"player_experience":310568,"relics_obtained":[{"floor":7,"key":"Calipers"},{"floor":9,"key":"Darkstone Periapt"}],"event_choices":[],"is_beta":false,"boss_relics":[],"items_purged_floors":[],"is_endless":false,"potions_floor_spawned":[1,2,4,7,8],"killed_by":"Lagavulin","ascension_level":10}