{"gold_per_floor":[109,127,20,38,54,54,229,245,318,318,378,394,394,411,411,508,508,521,23,105,105,25,57,57,88,100,442,454,480,506,33,33,154,154,189,202,65,165,181,200,218,218,218,218,262,262],"floor_reached":46,"playtime":6643,"items_purged":["Defend_R","Defend_R","Regret"],"score":556,"play_id":"4a119fda-ecd1-4a4e-b0d9-58c7e2b8efb4","local_time":"20181223154853","is_ascension_mode":true,"campfire_choices":[{"data":"Metallicize","floor":6,"key":"SMITH"},{"floor":15,"key":"REST"},{"data":"Shrug It Off","floor":24,"key":"SMITH"},{"data":"Power Through","floor":28,"key":"SMITH"},{"floor":32,"key":"REST"},{"floor":44,"key":"RECALL"}],"neow_cost":"NONE","seed_source_timestamp":249416503276685,"circlet_count":0,"master_deck":["Bash","Clash","Metallicize+1","Pommel Strike","Shrug It Off+1","Doubt","Battle Trance","Armaments","Dramatic Entrance","Clothesline","Impervious","Warcry","Evolve","Secret Technique","Clumsy","Power Through+1","Rage+1","Clumsy","Dropkick","Thunderclap","Pommel Strike+1","Panache","HandOfGreed","Flash of Steel","Feed","Ghostly Armor","Combust","Corruption","Clothesline","Dark Embrace","Barricade","Headbutt+1","Anger","Apotheosis","Rupture+1","Twin Strike+1","Heavy Blade+1","Shockwave","Barricade","Deep Breath","Shame","Cleave+1"],"relics":["Burning Blood","Art of War","Du-Vu Doll","Bottled Lightning","Tiny Chest","Cursed Key","Toolbox","The Courier","Blood Vial","MawBank","Bag of Preparation","Old Coin","Pandora\u0027s Box","Shovel","Lantern"],"potions_floor_usage":[5,16,16,27,33,41,41,41,46],"damage_taken":[{"damage":0,"enemies":"2 Louse","floor":1,"turns":3},{"damage":0,"enemies":"Cultist","floor":2,"turns":3},{"damage":3,"enemies":"Jaw Worm","floor":4,"turns":4},{"damage":0,"enemies":"3 Louse","floor":5,"turns":3},{"damage":8,"enemies":"Red Slaver","floor":8,"turns":3},{"damage":60,"enemies":"Gremlin Nob","floor":11,"turns":8},{"damage":0,"enemies":"Exordium Wildlife","floor":12,"turns":7},{"damage":4,"enemies":"2 Fungi Beasts","floor":14,"turns":3},{"damage":37,"enemies":"Slime Boss","floor":16,"turns":12},{"damage":15,"enemies":"Shell Parasite","floor":18,"turns":8},{"damage":36,"enemies":"Book of Stabbing","floor":23,"turns":7},{"damage":13,"enemies":"Gremlin Leader","floor":25,"turns":6},{"damage":22,"enemies":"Book of Stabbing","floor":27,"turns":7},{"damage":4,"enemies":"2 Thieves","floor":29,"turns":3},{"damage":0,"enemies":"3 Cultists","floor":30,"turns":4},{"damage":18,"enemies":"Automaton","floor":33,"turns":10},{"damage":46,"enemies":"3 Darklings","floor":35,"turns":4},{"damage":0,"enemies":"3 Shapes","floor":36,"turns":2},{"damage":8,"enemies":"Mind Bloom Boss Battle","floor":38,"turns":7},{"damage":12,"enemies":"Jaw Worm Horde","floor":39,"turns":5},{"damage":8,"enemies":"3 Darklings","floor":40,"turns":4},{"damage":28,"enemies":"Transient","floor":41,"turns":5},{"damage":0,"enemies":"Jaw Worm Horde","floor":45,"turns":5},{"damage":76,"enemies":"Giant Head","floor":46,"turns":9}],"seed_played":"-3282109464374253557","potions_obtained":[{"floor":4,"key":"Poison Potion"},{"floor":5,"key":"Explosive Potion"},{"floor":11,"key":"BloodPotion"},{"floor":12,"key":"AttackPotion"},{"floor":18,"key":"AttackPotion"},{"floor":27,"key":"FearPotion"},{"floor":30,"key":"Weak Potion"},{"floor":33,"key":"AttackPotion"},{"floor":36,"key":"Energy Potion"},{"floor":41,"key":"Swift Potion"},{"floor":45,"key":"LiquidBronze"}],"is_trial":false,"path_per_floor":["M","M","?","M","M","R","?","M","T","?","E","M","?","M","R","B",null,"M","$","T","T","$","E","R","E","T","E","R","M","M","$","R","B",null,"M","M","$","?","M","M","M","?","T","R","M","E"],"character_chosen":"IRONCLAD","items_purchased":["Evolve","Toolbox","Secret Technique","Panache","HandOfGreed","Flash of Steel","Apotheosis"],"campfire_rested":2,"item_purchase_floors":[19,19,19,31,31,31,37],"current_hp_per_floor":[80,80,80,80,80,80,80,78,78,71,17,23,23,25,49,18,80,71,71,71,71,71,41,41,36,36,22,22,26,34,34,58,48,80,40,48,48,52,51,51,39,39,39,39,51,0],"gold":262,"neow_bonus":"RANDOM_COMMON_RELIC","is_prod":false,"is_daily":false,"chose_seed":false,"campfire_upgraded":3,"win_rate":0,"timestamp":1545598133,"path_taken":["M","M","?","?","M","R","?","M","T","?","E","M","?","M","R","BOSS","M","$","?","?","?","E","R","E","T","E","R","M","M","$","R","BOSS","M","M","$","?","M","M","M","?","T","R","M","E"],"build_version":"2018-12-20","purchased_purges":3,"victory":false,"max_hp_per_floor":[80,80,80,80,80,80,80,80,80,80,80,80,80,80,80,80,80,80,80,80,80,80,80,80,80,80,80,80,80,80,80,80,80,80,80,80,80,84,87,87,87,87,87,87,91,91],"card_choices":[{"not_picked":["Headbutt","Entrench"],"picked":"Clash","floor":1},{"not_picked":["Flex","Dropkick"],"picked":"Metallicize","floor":2},{"not_picked":["Headbutt","Sword Boomerang"],"picked":"Pommel Strike","floor":4},{"not_picked":["Perfected Strike","Wild Strike"],"picked":"Shrug It Off","floor":5},{"not_picked":["True Grit","Reckless Charge","Corruption"],"picked":"SKIP","floor":8},{"not_picked":["Fire Breathing","Heavy Blade"],"picked":"Battle Trance","floor":11},{"not_picked":["Searing Blow","Fire Breathing"],"picked":"Armaments","floor":12},{"not_picked":["Headbutt","Limit Break"],"picked":"Clothesline","floor":14},{"not_picked":["Fiend Fire","Brutality"],"picked":"Impervious","floor":16},{"not_picked":["Clash","Whirlwind"],"picked":"Warcry","floor":18},{"not_picked":["Cleave","Battle Trance"],"picked":"Power Through","floor":23},{"not_picked":["Reckless Charge+1","Clothesline"],"picked":"Rage+1","floor":25},{"not_picked":["Feel No Pain","Iron Wave"],"picked":"Dropkick","floor":27},{"not_picked":["True Grit+1","Corruption"],"picked":"Thunderclap","floor":29},{"not_picked":["Armaments","Clash+1"],"picked":"Pommel Strike+1","floor":30},{"not_picked":["Offering","Immolate"],"picked":"Feed","floor":33},{"not_picked":["Clothesline","Pommel Strike+1"],"picked":"Headbutt+1","floor":35},{"not_picked":["Clash","Clothesline+1"],"picked":"Anger","floor":36},{"not_picked":["Iron Wave","Sword Boomerang+1"],"picked":"Rupture+1","floor":38},{"not_picked":["Thunderclap","Entrench"],"picked":"Twin Strike+1","floor":39},{"not_picked":["Combust+1","Entrench+1"],"picked":"Heavy Blade+1","floor":40},{"not_picked":["Hemokinesis","Sword Boomerang"],"picked":"Shockwave","floor":41},{"not_picked":["Wild Strike","Anger"],"picked":"Cleave+1","floor":45}],"player_experience":81491,"relics_obtained":[{"floor":9,"key":"Bottled Lightning"},{"floor":11,"key":"Tiny Chest"},{"floor":20,"key":"The Courier"},{"floor":23,"key":"Blood Vial"},{"floor":25,"key":"MawBank"},{"floor":26,"key":"Bag of Preparation"},{"floor":27,"key":"Old Coin"},{"floor":38,"key":"Shovel"},{"floor":43,"key":"Lantern"}],"event_choices":[{"damage_healed":0,"gold_gain":0,"player_choice":"Paid Gold","damage_taken":0,"relics_obtained":["Du-Vu Doll"],"max_hp_gain":0,"max_hp_loss":0,"event_name":"WeMeetAgain","floor":3,"gold_loss":107},{"damage_healed":0,"gold_gain":175,"player_choice":"AGREE","damage_taken":0,"max_hp_gain":0,"max_hp_loss":0,"event_name":"Liars Game","floor":7,"gold_loss":0,"cards_obtained":["Doubt"]},{"cards_removed":["Strike_R"],"damage_healed":0,"gold_gain":0,"player_choice":"Card Removal","damage_taken":7,"max_hp_gain":0,"max_hp_loss":0,"event_name":"Golden Wing","floor":10,"gold_loss":0},{"damage_healed":0,"gold_gain":0,"player_choice":"1 cards matched","damage_taken":0,"max_hp_gain":0,"max_hp_loss":0,"event_name":"Match and Keep!","floor":13,"gold_loss":0,"cards_obtained":["Dramatic Entrance"]},{"damage_healed":0,"gold_gain":0,"player_choice":"Fight","damage_taken":0,"max_hp_gain":0,"max_hp_loss":0,"event_name":"MindBloom","floor":38,"gold_loss":0},{"damage_healed":0,"gold_gain":0,"player_choice":"2 cards matched","damage_taken":0,"max_hp_gain":0,"max_hp_loss":0,"event_name":"Match and Keep!","floor":42,"gold_loss":0,"cards_obtained":["Barricade","Deep Breath"]}],"is_beta":false,"boss_relics":[{"not_picked":["Mark of Pain","Black Blood"],"picked":"Cursed Key"},{"not_picked":["Runic Cube","Coffee Dripper"],"picked":"Pandora\u0027s Box"}],"items_purged_floors":[19,22,31],"is_endless":false,"potions_floor_spawned":[4,5,11,12,18,27,30,33,36,38,41,45],"killed_by":"Giant Head","ascension_level":1}