{"gold_per_floor":[114,177,352,352,363,388,21,21,100,38,53,68,18,31,31,135,135,151,16,28,42,42,71,91,91,91,91,126,126,144,155,155,155],"floor_reached":33,"playtime":2124,"items_purged":["Doubt"],"score":505,"play_id":"7a3c9ae5-5363-4852-b4fe-969dfda7fd10","local_time":"20190908110811","is_ascension_mode":true,"campfire_choices":[{"data":"Infinite Blades","floor":8,"key":"SMITH"},{"floor":15,"key":"REST"},{"data":"After Image","floor":25,"key":"SMITH"},{"data":"Adrenaline","floor":32,"key":"SMITH"}],"neow_cost":"NONE","seed_source_timestamp":149630716282600,"circlet_count":0,"master_deck":["Survivor","Neutralize","Predator","Deadly Poison","Crippling Poison","Infinite Blades+1","Backflip","Noxious Fumes","Bouncing Flask","Acrobatics","Adrenaline+1","Venomology","Die Die Die","Storm of Steel","Leg Sweep","Leg Sweep","Night Terror","After Image+1","Blur","Flechettes","PiercingWail","Bullet Time","Cloak And Dagger","Acrobatics","Noxious Fumes","Bane+1","Ghostly","Ghostly","Ghostly","Ghostly","Ghostly","Slice","Cloak And Dagger","Blade Dance+1","Sucker Punch","Leg Sweep"],"relics":["Ring of the Snake","NeowsBlessing","Smiling Mask","The Courier","Tingsha","Tiny Chest","Pandora\u0027s Box","Anchor","Sundial","Oddly Smooth Stone"],"potions_floor_usage":[16,16,18,21,21,24,28,33,33,33,33],"damage_taken":[{"damage":0,"enemies":"Small Slimes","floor":1,"turns":1},{"damage":0,"enemies":"Jaw Worm","floor":5,"turns":1},{"damage":0,"enemies":"3 Sentries","floor":6,"turns":1},{"damage":0,"enemies":"2 Louse","floor":11,"turns":3},{"damage":17,"enemies":"Exordium Wildlife","floor":12,"turns":5},{"damage":6,"enemies":"Looter","floor":14,"turns":4},{"damage":34,"enemies":"Slime Boss","floor":16,"turns":10},{"damage":7,"enemies":"Spheric Guardian","floor":18,"turns":5},{"damage":0,"enemies":"3 Byrds","floor":20,"turns":3},{"damage":19,"enemies":"Centurion and Healer","floor":21,"turns":8},{"damage":0,"enemies":"Book of Stabbing","floor":23,"turns":7},{"damage":0,"enemies":"3 Cultists","floor":24,"turns":5},{"damage":24,"enemies":"Gremlin Leader","floor":28,"turns":11},{"damage":1,"enemies":"Snake Plant","floor":30,"turns":8},{"damage":0,"enemies":"Snecko","floor":31,"turns":7},{"damage":70,"enemies":"Champ","floor":33,"turns":15}],"seed_played":"-8587434283220623772","potions_obtained":[{"floor":1,"key":"Explosive Potion"},{"floor":6,"key":"Weak Potion"},{"floor":12,"key":"SkillPotion"},{"floor":18,"key":"SpeedPotion"},{"floor":23,"key":"Fire Potion"},{"floor":28,"key":"Regen Potion"}],"is_trial":false,"path_per_floor":["M","?","?","T","M","E","$","R","T","$","M","M","?","M","R","B",null,"M","$","M","M","?","E","M","R","T","?","E","?","M","M","R","B"],"character_chosen":"THE_SILENT","items_purchased":["Tingsha","Infinite Blades","Backflip","Noxious Fumes","Bullet Time","Cloak And Dagger","Acrobatics"],"campfire_rested":1,"item_purchase_floors":[7,7,7,10,19,19,19],"current_hp_per_floor":[63,63,63,63,63,63,63,63,63,63,63,46,46,40,61,27,59,52,52,52,33,33,33,33,33,33,29,5,50,49,49,49,0],"gold":155,"neow_bonus":"THREE_ENEMY_KILL","is_prod":false,"is_daily":false,"chose_seed":false,"campfire_upgraded":3,"win_rate":0,"timestamp":1567955291,"path_taken":["M","?","?","?","M","E","?","R","T","$","M","?","?","M","R","BOSS","M","$","M","M","?","E","M","R","T","?","E","?","M","?","R","BOSS"],"build_version":"2019-07-17","purchased_purges":1,"victory":false,"max_hp_per_floor":[70,70,70,70,70,70,70,70,70,70,70,70,70,70,70,70,70,70,70,70,70,35,35,35,35,35,40,40,50,50,50,50,50],"card_choices":[{"not_picked":["Well Laid Plans","Bane"],"picked":"Predator","floor":1},{"not_picked":["Acrobatics","Underhanded Strike"],"picked":"Deadly Poison","floor":5},{"not_picked":["Deflect","Deadly Poison"],"picked":"Crippling Poison","floor":6},{"not_picked":["Deflect","Blade Dance"],"picked":"Bouncing Flask","floor":11},{"not_picked":["Reflex","Heel Hook"],"picked":"Acrobatics","floor":12},{"not_picked":["Bane","Blur"],"picked":"Adrenaline","floor":14},{"not_picked":["Night Terror","Grand Finale"],"picked":"Venomology","floor":16},{"not_picked":["Heel Hook","Finisher"],"picked":"PiercingWail","floor":18},{"not_picked":["Predator","Outmaneuver"],"picked":"Noxious Fumes","floor":20},{"not_picked":["Underhanded Strike","Backflip"],"picked":"Bane+1","floor":21},{"not_picked":["Skewer+1","Infinite Blades"],"picked":"Slice","floor":23},{"not_picked":["Underhanded Strike","Acrobatics"],"picked":"Cloak And Dagger","floor":24},{"not_picked":["Dagger Spray","Deadly Poison"],"picked":"Blade Dance+1","floor":28},{"not_picked":["Deadly Poison","All Out Attack"],"picked":"Sucker Punch","floor":30},{"not_picked":["Blade Dance","Prepared"],"picked":"Leg Sweep","floor":31}],"player_experience":509904,"relics_obtained":[{"floor":4,"key":"Smiling Mask"},{"floor":6,"key":"The Courier"},{"floor":9,"key":"Tiny Chest"},{"floor":23,"key":"Anchor"},{"floor":26,"key":"Sundial"},{"floor":28,"key":"Oddly Smooth Stone"}],"event_choices":[{"damage_healed":0,"gold_gain":63,"player_choice":"Gained Gold","damage_taken":0,"max_hp_gain":0,"max_hp_loss":0,"event_name":"Golden Wing","floor":2,"gold_loss":0},{"damage_healed":0,"gold_gain":175,"player_choice":"AGREE","damage_taken":0,"max_hp_gain":0,"max_hp_loss":0,"event_name":"Liars Game","floor":3,"gold_loss":0,"cards_obtained":["Doubt"]},{"cards_removed":["Strike_G"],"damage_healed":0,"gold_gain":0,"player_choice":"Card Removal","damage_taken":0,"max_hp_gain":0,"max_hp_loss":0,"event_name":"The Cleric","floor":13,"gold_loss":50},{"damage_healed":0,"gold_gain":0,"player_choice":"Became a Ghost","damage_taken":0,"max_hp_gain":0,"max_hp_loss":35,"event_name":"Ghosts","floor":22,"gold_loss":0,"cards_obtained":["Ghostly","Ghostly","Ghostly","Ghostly","Ghostly"]},{"damage_healed":0,"gold_gain":0,"player_choice":"Shed Blood","damage_taken":9,"max_hp_gain":5,"max_hp_loss":0,"event_name":"Forgotten Altar","floor":27,"gold_loss":0},{"cards_removed":["Wraith Form v2"],"damage_healed":35,"gold_gain":0,"player_choice":"Offered Rare","damage_taken":0,"max_hp_gain":10,"max_hp_loss":0,"event_name":"Bonfire Elementals","floor":29,"gold_loss":0}],"is_beta":false,"boss_relics":[{"not_picked":["HoveringKite","Philosopher\u0027s Stone"],"picked":"Pandora\u0027s Box"}],"items_purged_floors":[7],"is_endless":false,"potions_floor_spawned":[1,6,12,18,23,28],"killed_by":"Champ","ascension_level":7}