{"gold_per_floor":[109,124,40,40,51,51,83,16,16,51,51,79,79,103,103,200,200,215,215,229,31,31,31,60,77,77,77,77],"floor_reached":28,"playtime":1431,"items_purged":[],"score":365,"play_id":"07916e9b-d164-4fcc-b0f6-a7e67a85e4f7","local_time":"20190911180738","is_ascension_mode":true,"campfire_choices":[{"floor":6,"key":"REST"},{"floor":11,"key":"REST"},{"floor":13,"key":"REST"},{"floor":15,"key":"REST"},{"data":"Venomology","floor":23,"key":"SMITH"},{"floor":27,"key":"REST"}],"neow_cost":"TEN_PERCENT_HP_LOSS","seed_source_timestamp":434686797079300,"circlet_count":0,"master_deck":["Defend_G","Defend_G","Defend_G","Defend_G+1","Defend_G","Survivor","Neutralize","Venomology+1","Footwork","Backflip","Infinite Blades+1","Blade Dance","Predator","Endless Agony","Noxious Fumes+1","Heel Hook","PiercingWail","Crippling Poison","Glass Knife","Dagger Spray+1","Bite","Bite","Bite","Bite","Bite","Sucker Punch","Quick Slash","Dagger Throw+1"],"relics":["Ring of the Snake","Pear","Matryoshka","Bottled Tornado","Pantograph","Odd Mushroom","Snecko Eye","MealTicket","Strawberry","Paper Crane","Letter Opener"],"potions_floor_usage":[2,5,7,7,7,10,12,14,16,16,16,24,24,25,25,28],"damage_taken":[{"damage":0,"enemies":"Small Slimes","floor":1,"turns":3},{"damage":5,"enemies":"Jaw Worm","floor":2,"turns":7},{"damage":6,"enemies":"2 Louse","floor":5,"turns":3},{"damage":8,"enemies":"Lagavulin","floor":7,"turns":6},{"damage":27,"enemies":"Gremlin Nob","floor":10,"turns":4},{"damage":34,"enemies":"3 Sentries","floor":12,"turns":8},{"damage":6,"enemies":"The Mushroom Lair","floor":14,"turns":4},{"damage":17,"enemies":"The Guardian","floor":16,"turns":9},{"damage":39,"enemies":"Spheric Guardian","floor":18,"turns":7},{"damage":3,"enemies":"Chosen","floor":20,"turns":5},{"damage":42,"enemies":"Slavers","floor":24,"turns":5},{"damage":13,"enemies":"Centurion and Healer","floor":25,"turns":5},{"damage":41,"enemies":"Book of Stabbing","floor":28,"turns":4}],"seed_played":"2913351255466099627","potions_obtained":[{"floor":1,"key":"Fire Potion"},{"floor":2,"key":"LiquidBronze"},{"floor":12,"key":"Fire Potion"},{"floor":16,"key":"Explosive Potion"},{"floor":24,"key":"Explosive Potion"},{"floor":25,"key":"Fire Potion"}],"is_trial":false,"path_per_floor":["M","M","$","?","M","R","E","$","T","E","R","E","R","?","R","B",null,"M","?","M","$","?","R","E","M","T","R","E"],"character_chosen":"THE_SILENT","items_purchased":["Infinite Blades","Blade Dance","Noxious Fumes","MealTicket"],"campfire_rested":5,"item_purchase_floors":[3,3,8,21],"current_hp_per_floor":[63,58,58,45,44,62,64,64,64,37,58,24,45,39,60,56,69,30,30,39,39,39,39,12,11,11,28,0],"gold":77,"neow_bonus":"THREE_RARE_CARDS","is_prod":false,"is_daily":false,"chose_seed":false,"campfire_upgraded":1,"win_rate":0,"timestamp":1568239658,"path_taken":["M","M","$","?","M","R","E","$","T","E","R","E","R","?","R","BOSS","M","?","M","$","?","R","E","M","T","R","E"],"build_version":"2019-07-17","purchased_purges":0,"victory":false,"max_hp_per_floor":[63,63,63,63,63,63,73,73,73,73,73,73,73,73,73,73,73,73,51,51,51,51,51,58,58,58,58,58],"card_choices":[{"not_picked":["Storm of Steel","Grand Finale"],"picked":"Venomology","floor":0},{"not_picked":["Deadly Poison","Well Laid Plans"],"picked":"Footwork","floor":1},{"not_picked":["Flechettes","Quick Slash"],"picked":"Backflip","floor":2},{"not_picked":["Sucker Punch","Tactician"],"picked":"Predator","floor":5},{"not_picked":["Quick Slash","Wraith Form v2"],"picked":"Endless Agony","floor":7},{"not_picked":["All Out Attack","Deflect"],"picked":"Heel Hook","floor":10},{"not_picked":["Flying Knee","Dodge and Roll"],"picked":"PiercingWail","floor":12},{"not_picked":["Riddle With Holes","Poisoned Stab"],"picked":"Crippling Poison","floor":14},{"not_picked":["Unload","Malaise"],"picked":"Glass Knife","floor":16},{"not_picked":["Deadly Poison","Endless Agony"],"picked":"Dagger Spray+1","floor":18},{"not_picked":["Backflip","Dagger Throw"],"picked":"Sucker Punch","floor":20},{"not_picked":["Slice+1","Escape Plan"],"picked":"Quick Slash","floor":24},{"not_picked":["Night Terror","Outmaneuver+1"],"picked":"Dagger Throw+1","floor":25}],"player_experience":577274,"relics_obtained":[{"floor":7,"key":"Pear"},{"floor":9,"key":"Matryoshka"},{"floor":10,"key":"Bottled Tornado"},{"floor":12,"key":"Pantograph"},{"floor":14,"key":"Odd Mushroom"},{"floor":24,"key":"Strawberry"},{"floor":26,"key":"Paper Crane"},{"floor":26,"key":"Letter Opener"}],"event_choices":[{"damage_healed":0,"gold_gain":0,"player_choice":"Entered Light","damage_taken":13,"max_hp_gain":0,"max_hp_loss":0,"event_name":"Shining Light","floor":4,"gold_loss":0,"cards_upgraded":["Infinite Blades","Defend_G"]},{"damage_healed":0,"gold_gain":0,"player_choice":"Fought Mushrooms","damage_taken":0,"max_hp_gain":0,"max_hp_loss":0,"event_name":"Mushrooms","floor":14,"gold_loss":0},{"damage_healed":0,"gold_gain":0,"player_choice":"Became a vampire","damage_taken":0,"max_hp_gain":0,"max_hp_loss":22,"event_name":"Vampires","floor":19,"gold_loss":0,"cards_obtained":["Bite","Bite","Bite","Bite","Bite"]},{"damage_healed":0,"gold_gain":0,"player_choice":"Upgraded","damage_taken":0,"max_hp_gain":0,"max_hp_loss":0,"event_name":"Upgrade Shrine","floor":22,"gold_loss":0,"cards_upgraded":["Noxious Fumes"]}],"is_beta":false,"boss_relics":[{"not_picked":["Runic Dome","Black Star"],"picked":"Snecko Eye"}],"items_purged_floors":[],"is_endless":false,"potions_floor_spawned":[1,2,12,16,24,25],"killed_by":"Book of Stabbing","ascension_level":7}