{"gold_per_floor":[111,126,76,96,96,96,130,130,153,184,199,180,180,255,255,359,359,376,376,476,492,492],"floor_reached":22,"playtime":870,"items_purged":[],"score":262,"play_id":"135bfa26-6896-4749-a420-2470ef14b2b6","local_time":"20190105123102","is_ascension_mode":true,"campfire_choices":[{"data":"Seeing Red","floor":6,"key":"SMITH"},{"data":"True Grit","floor":8,"key":"SMITH"},{"floor":13,"key":"REST"},{"floor":15,"key":"REST"}],"neow_cost":"NONE","seed_source_timestamp":142864583724418,"circlet_count":0,"master_deck":["Strike_R","Strike_R","Strike_R","Strike_R","Defend_R","Defend_R","Defend_R","Bash","Carnage","Seeing Red+1","True Grit+1","Demon Form","Feed","Thunderclap","Infernal Blade","Offering","Clothesline","Shrug It Off","Sentinel+1"],"relics":["Black Blood","NeowsBlessing","Lantern","Darkstone Periapt","Sundial"],"potions_floor_usage":[7,7,16],"damage_taken":[{"damage":0,"enemies":"2 Louse","floor":1,"turns":1},{"damage":0,"enemies":"Jaw Worm","floor":2,"turns":1},{"damage":0,"enemies":"Cultist","floor":4,"turns":1},{"damage":33,"enemies":"3 Sentries","floor":7,"turns":12},{"damage":26,"enemies":"Lagavulin","floor":10,"turns":7},{"damage":6,"enemies":"Looter","floor":11,"turns":2},{"damage":8,"enemies":"Exordium Thugs","floor":12,"turns":4},{"damage":23,"enemies":"Hexaghost","floor":16,"turns":9},{"damage":39,"enemies":"Spheric Guardian","floor":18,"turns":4},{"damage":22,"enemies":"Shell Parasite","floor":21,"turns":6},{"damage":42,"enemies":"Shelled Parasite and Fungi","floor":22,"turns":6}],"seed_played":"3813137605986997665","potions_obtained":[{"floor":1,"key":"Strength Potion"},{"floor":2,"key":"EssenceOfSteel"},{"floor":12,"key":"Weak Potion"}],"is_trial":false,"path_per_floor":["M","M","?","M","?","R","E","R","T","E","M","M","R","T","R","B",null,"M","?","?","M","M"],"character_chosen":"IRONCLAD","items_purchased":[],"campfire_rested":2,"item_purchase_floors":[],"current_hp_per_floor":[78,80,80,80,73,73,46,46,46,26,26,24,48,48,72,58,77,51,51,51,42,0],"gold":492,"neow_bonus":"THREE_ENEMY_KILL","is_prod":false,"is_daily":false,"chose_seed":false,"campfire_upgraded":2,"win_rate":0,"timestamp":1546709462,"path_taken":["M","M","?","M","?","R","E","R","T","E","M","M","R","?","R","BOSS","M","?","?","M","?"],"build_version":"2019-01-03v4","purchased_purges":0,"victory":false,"max_hp_per_floor":[80,80,80,80,80,80,80,80,80,80,80,80,80,80,80,83,83,86,86,86,89,89],"card_choices":[{"not_picked":["Sentinel","Twin Strike"],"picked":"Carnage","floor":1},{"not_picked":["Wild Strike","Blood for Blood"],"picked":"Seeing Red","floor":2},{"not_picked":["Thunderclap","Corruption"],"picked":"True Grit","floor":4},{"not_picked":["Heavy Blade","Cleave"],"picked":"Demon Form","floor":7},{"not_picked":["True Grit","Sword Boomerang"],"picked":"Feed","floor":10},{"not_picked":["Wild Strike","Body Slam"],"picked":"Thunderclap","floor":11},{"not_picked":["Sword Boomerang","Body Slam"],"picked":"Infernal Blade","floor":12},{"not_picked":["Reaper","Bludgeon"],"picked":"Offering","floor":16},{"not_picked":["Bloodletting","Sword Boomerang"],"picked":"Clothesline","floor":18},{"not_picked":["Rupture","Thunderclap"],"picked":"Sentinel+1","floor":21}],"player_experience":326516,"relics_obtained":[{"floor":7,"key":"Lantern"},{"floor":10,"key":"Darkstone Periapt"},{"floor":14,"key":"Sundial"}],"event_choices":[{"cards_removed":["Strike_R"],"damage_healed":0,"gold_gain":0,"player_choice":"Card Removal","damage_taken":0,"max_hp_gain":0,"max_hp_loss":0,"event_name":"The Cleric","floor":3,"gold_loss":50},{"cards_removed":["Defend_R"],"damage_healed":0,"gold_gain":0,"player_choice":"Card Removal","damage_taken":7,"max_hp_gain":0,"max_hp_loss":0,"event_name":"Golden Wing","floor":5,"gold_loss":0},{"damage_healed":0,"gold_gain":0,"player_choice":"Read","damage_taken":0,"max_hp_gain":0,"max_hp_loss":0,"event_name":"The Library","floor":19,"gold_loss":0,"cards_obtained":["Shrug It Off"]},{"damage_healed":0,"gold_gain":100,"player_choice":"Pray","damage_taken":0,"max_hp_gain":0,"max_hp_loss":0,"event_name":"Golden Shrine","floor":20,"gold_loss":0}],"is_beta":false,"boss_relics":[{"not_picked":["Philosopher\u0027s Stone","Coffee Dripper"],"picked":"Black Blood"}],"items_purged_floors":[],"is_endless":false,"potions_floor_spawned":[1,2,12],"killed_by":"Shelled Parasite and Fungi","ascension_level":7}