{"gold_per_floor":[116,31,44,64,139,202,172,207,231,21,21,35,35,54,54,173,173,192,107,32,32,48,79,79,79,106,106],"floor_reached":27,"playtime":1603,"items_purged":["Defend_G"],"score":263,"play_id":"b4489694-6af1-466c-9ffc-1c9f5b59a3ae","local_time":"20181229150507","is_ascension_mode":true,"campfire_choices":[{"floor":11,"key":"REST"},{"floor":15,"key":"REST"},{"floor":25,"key":"REST"}],"neow_cost":"NONE","seed_source_timestamp":49452914686891,"circlet_count":0,"master_deck":["Defend_G","Defend_G","Defend_G","Defend_G","Strike_G","Strike_G","Strike_G","Strike_G","Strike_G","Survivor","Neutralize","Finisher","Infinite Blades","Cloak And Dagger","Leg Sweep","Well Laid Plans","Noxious Fumes","Well Laid Plans","Expertise","Cloak And Dagger","Acrobatics","Glass Knife","Dagger Throw","Catalyst","Backflip"],"relics":["Ring of the Serpent","NeowsBlessing","Tiny Chest","Art of War","Pen Nib","TwistedFunnel","Bloody Idol","Bronze Scales","Regal Pillow"],"potions_floor_usage":[6,8,12,18],"damage_taken":[{"damage":0,"enemies":"Cultist","floor":1,"turns":1},{"damage":0,"enemies":"2 Louse","floor":3,"turns":1},{"damage":0,"enemies":"Small Slimes","floor":4,"turns":1},{"damage":14,"enemies":"3 Sentries","floor":6,"turns":10},{"damage":0,"enemies":"Looter","floor":7,"turns":4},{"damage":29,"enemies":"Gremlin Nob","floor":8,"turns":5},{"damage":11,"enemies":"Exordium Thugs","floor":12,"turns":5},{"damage":7,"enemies":"3 Louse","floor":14,"turns":2},{"damage":15,"enemies":"The Guardian","floor":16,"turns":12},{"damage":23,"enemies":"2 Thieves","floor":18,"turns":4},{"damage":12,"enemies":"Chosen","floor":22,"turns":6},{"damage":25,"enemies":"Book of Stabbing","floor":23,"turns":8},{"damage":56,"enemies":"Slavers","floor":27,"turns":3}],"seed_played":"-1351134937283763730","potions_obtained":[{"floor":1,"key":"Dexterity Potion"},{"floor":6,"key":"PowerPotion"},{"floor":8,"key":"Poison Potion"},{"floor":16,"key":"Weak Potion"},{"floor":23,"key":"SteroidPotion"}],"is_trial":false,"path_per_floor":["M","$","M","M","?","E","M","E","T","$","R","M","?","M","R","B",null,"M","?","$","?","M","E","?","R","T","E"],"character_chosen":"THE_SILENT","items_purchased":["Infinite Blades","Cloak And Dagger","TwistedFunnel"],"campfire_rested":3,"item_purchase_floors":[2,2,10],"current_hp_per_floor":[70,70,70,70,59,45,45,16,16,16,37,26,26,19,38,23,65,42,42,42,42,30,5,5,39,44,0],"gold":106,"neow_bonus":"THREE_ENEMY_KILL","is_prod":false,"is_daily":false,"chose_seed":false,"campfire_upgraded":0,"win_rate":0,"timestamp":1546113907,"path_taken":["M","$","M","?","?","E","M","E","T","$","R","M","?","M","R","BOSS","M","?","?","?","M","E","?","R","T","E"],"build_version":"2018-12-20","purchased_purges":1,"victory":false,"max_hp_per_floor":[70,70,70,70,70,70,70,70,70,70,70,70,65,65,65,65,65,65,65,65,65,65,65,65,65,65,65],"card_choices":[{"not_picked":["Underhanded Strike","Bane"],"picked":"Finisher","floor":1},{"not_picked":["Poisoned Stab","Tactician"],"picked":"Leg Sweep","floor":3},{"not_picked":["Deadly Poison","Slice"],"picked":"Well Laid Plans","floor":4},{"not_picked":["Backstab","Slice"],"picked":"Noxious Fumes","floor":6},{"not_picked":["Flying Knee","Reflex"],"picked":"Well Laid Plans","floor":7},{"not_picked":["Distraction","Blade Dance"],"picked":"Expertise","floor":8},{"not_picked":["Quick Slash","Sucker Punch"],"picked":"Cloak And Dagger","floor":12},{"not_picked":["Prepared","Night Terror"],"picked":"Acrobatics","floor":14},{"not_picked":["Grand Finale","Storm of Steel"],"picked":"Glass Knife","floor":16},{"not_picked":["Acrobatics","Flying Knee"],"picked":"Dagger Throw","floor":18},{"not_picked":["Backstab","Setup"],"picked":"Catalyst","floor":22},{"not_picked":["Dodge and Roll+1","Flying Knee"],"picked":"Backflip","floor":23}],"player_experience":263310,"relics_obtained":[{"floor":6,"key":"Tiny Chest"},{"floor":8,"key":"Art of War"},{"floor":9,"key":"Pen Nib"},{"floor":23,"key":"Regal Pillow"}],"event_choices":[{"damage_healed":0,"gold_gain":75,"player_choice":"Gather Gold","damage_taken":11,"max_hp_gain":0,"max_hp_loss":0,"event_name":"World of Goop","floor":5,"gold_loss":0},{"damage_healed":0,"gold_gain":0,"player_choice":"Lose Max HP","damage_taken":0,"relics_obtained":["Golden Idol"],"max_hp_gain":0,"max_hp_loss":5,"event_name":"Golden Idol","floor":13,"gold_loss":0},{"damage_healed":0,"gold_gain":0,"player_choice":"Obtained Relic","damage_taken":0,"relics_obtained":["Bronze Scales"],"max_hp_gain":0,"max_hp_loss":0,"event_name":"Addict","floor":19,"gold_loss":85},{"damage_healed":0,"gold_gain":0,"player_choice":"Ignored","damage_taken":0,"max_hp_gain":0,"max_hp_loss":0,"event_name":"Beggar","floor":21,"gold_loss":0},{"damage_healed":0,"gold_gain":0,"player_choice":"Gave Idol","damage_taken":0,"relics_obtained":["Bloody Idol"],"max_hp_gain":0,"max_hp_loss":0,"event_name":"Forgotten Altar","floor":24,"relics_lost":["Golden Idol"],"gold_loss":0}],"is_beta":false,"boss_relics":[{"not_picked":["Snecko Eye","HoveringKite"],"picked":"Ring of the Serpent"}],"items_purged_floors":[20],"is_endless":false,"potions_floor_spawned":[1,6,8,16,23],"killed_by":"Slavers","ascension_level":2}