{"gold_per_floor":[12,32,42,42,12,68,68,84,84,98,98,98,133,133,133,228,228,244,259,274,294,294,294,294,294,365,25,39,64,64,81,81,179,179,199,95,95,113,124,124,138,168,250,250,267,284,284,300,300,300],"floor_reached":51,"playtime":3377,"items_purged":[],"score":1113,"play_id":"275a86fd-d345-4bcc-a997-c98d1e45ac8c","local_time":"20190930151808","is_ascension_mode":true,"campfire_choices":[{"floor":7,"key":"REST"},{"data":"Footwork","floor":12,"key":"SMITH"},{"data":"Caltrops","floor":15,"key":"SMITH"},{"floor":23,"key":"REST"},{"floor":25,"key":"REST"},{"data":"Neutralize","floor":30,"key":"SMITH"},{"data":"Accuracy","floor":32,"key":"SMITH"},{"floor":40,"key":"REST"},{"floor":47,"key":"REST"},{"floor":49,"key":"REST"}],"neow_cost":"NO_GOLD","seed_source_timestamp":3120173056162,"circlet_count":0,"master_deck":["AscendersBane","Strike_G","Strike_G","Defend_G","Defend_G","Defend_G","Defend_G","Defend_G","Survivor","Neutralize+1","Tools of the Trade","Quick Slash","Crippling Poison","Skewer","Footwork+1","Accuracy+1","Blade Dance","PiercingWail","Caltrops+1","Die Die Die","Masterful Stab+1","Quick Slash","Backflip","Acrobatics","Backstab+1","Dodge and Roll+1","Storm of Steel","Deadly Poison+1","Footwork","Crippling Poison","Infinite Blades+1","Parasite","Dodge and Roll+1","Deadly Poison","Neutralize+1","Caltrops+1","Blade Dance+1","Caltrops+1"],"relics":["Ring of the Snake","Tiny Chest","Mercury Hourglass","Dead Branch","Sozu","Gremlin Horn","Molten Egg 2","Meat on the Bone","Ninja Scroll","Philosopher\u0027s Stone","Mummified Hand","Singing Bowl"],"potions_floor_usage":[6,13,20,33],"damage_taken":[{"damage":0,"enemies":"Small Slimes","floor":1,"turns":3},{"damage":0,"enemies":"2 Louse","floor":2,"turns":3},{"damage":0,"enemies":"Cultist","floor":3,"turns":5},{"damage":0,"enemies":"Looter","floor":5,"turns":4},{"damage":21,"enemies":"Lagavulin","floor":6,"turns":13},{"damage":0,"enemies":"2 Fungi Beasts","floor":8,"turns":3},{"damage":14,"enemies":"Lots of Slimes","floor":10,"turns":2},{"damage":24,"enemies":"Gremlin Nob","floor":13,"turns":4},{"damage":17,"enemies":"The Guardian","floor":16,"turns":15},{"damage":4,"enemies":"Spheric Guardian","floor":18,"turns":4},{"damage":0,"enemies":"Chosen","floor":19,"turns":4},{"damage":13,"enemies":"Centurion and Healer","floor":20,"turns":6},{"damage":24,"enemies":"Cultist and Chosen","floor":21,"turns":7},{"damage":0,"enemies":"Snake Plant","floor":28,"turns":3},{"damage":8,"enemies":"Book of Stabbing","floor":29,"turns":5},{"damage":0,"enemies":"Centurion and Healer","floor":31,"turns":3},{"damage":38,"enemies":"Automaton","floor":33,"turns":10},{"damage":5,"enemies":"3 Darklings","floor":35,"turns":5},{"damage":0,"enemies":"Orb Walker","floor":38,"turns":1},{"damage":6,"enemies":"Jaw Worm Horde","floor":39,"turns":3},{"damage":19,"enemies":"Writhing Mass","floor":41,"turns":7},{"damage":12,"enemies":"Nemesis","floor":42,"turns":3},{"damage":0,"enemies":"4 Shapes","floor":45,"turns":3},{"damage":12,"enemies":"Jaw Worm Horde","floor":46,"turns":2},{"damage":13,"enemies":"Writhing Mass","floor":48,"turns":4},{"damage":30,"enemies":"Donu and Deca","floor":50,"turns":6}],"seed_played":"3988594596454409826","potions_obtained":[{"floor":1,"key":"Weak Potion"},{"floor":8,"key":"GamblersBrew"},{"floor":10,"key":"Poison Potion"},{"floor":16,"key":"Energy Potion"}],"is_trial":false,"path_per_floor":["M","M","M","?","M","E","R","M","T","M","?","R","E","?","R","B",null,"M","M","M","M","T","R","?","R","T","$","M","E","R","M","R","B",null,"M","$","?","M","M","R","M","E","T","?","M","M","R","M","R","B",null],"character_chosen":"THE_SILENT","items_purchased":["Meat on the Bone","Backstab+1","Footwork","Crippling Poison"],"campfire_rested":6,"item_purchase_floors":[27,27,36,36],"current_hp_per_floor":[63,63,63,56,56,35,56,56,56,42,65,65,41,41,41,24,59,55,55,42,18,18,39,39,60,60,60,60,52,52,52,52,26,59,54,54,54,54,48,69,50,38,38,38,38,38,59,46,67,37],"gold":300,"neow_bonus":"THREE_RARE_CARDS","is_prod":false,"is_daily":false,"chose_seed":false,"campfire_upgraded":4,"win_rate":0,"timestamp":1569849488,"path_taken":["M","M","M","?","M","E","R","M","T","M","?","R","E","?","R","BOSS","M","M","M","M","?","R","?","R","T","$","M","E","R","M","R","BOSS","M","$","?","M","M","R","?","E","T","?","M","M","R","?","R","BOSS"],"build_version":"2019-07-17","purchased_purges":0,"victory":true,"max_hp_per_floor":[70,70,70,70,70,70,70,70,70,70,70,70,70,70,70,70,70,70,70,70,70,70,70,70,70,70,70,70,70,70,70,70,70,70,70,70,70,70,70,70,70,70,70,70,70,70,70,70,70,70],"card_choices":[{"not_picked":["Malaise","Storm of Steel"],"picked":"Tools of the Trade","floor":0},{"not_picked":["Predator","Backstab"],"picked":"Quick Slash","floor":1},{"not_picked":["Choke","Sucker Punch"],"picked":"Crippling Poison","floor":2},{"not_picked":["Dodge and Roll","Calculated Gamble"],"picked":"Skewer","floor":3},{"not_picked":["Masterful Stab","Dodge and Roll"],"picked":"Footwork","floor":5},{"not_picked":["Cloak And Dagger","Underhanded Strike"],"picked":"Accuracy","floor":6},{"not_picked":["Bouncing Flask","Noxious Fumes"],"picked":"Blade Dance","floor":8},{"not_picked":["Dagger Throw","Dagger Spray"],"picked":"PiercingWail","floor":10},{"not_picked":["Eviscerate","Tactician","Dagger Spray"],"picked":"SKIP","floor":13},{"not_picked":["Tools of the Trade","A Thousand Cuts"],"picked":"Die Die Die","floor":16},{"not_picked":["Tactician+1","Prepared"],"picked":"Masterful Stab+1","floor":18},{"not_picked":["Prepared+1","Dagger Spray","Choke"],"picked":"SKIP","floor":19},{"not_picked":["Reflex+1","Underhanded Strike","Dagger Throw"],"picked":"SKIP","floor":20},{"not_picked":["Riddle With Holes","Prepared"],"picked":"Quick Slash","floor":21},{"not_picked":["Dash+1","Prepared+1"],"picked":"Dodge and Roll+1","floor":28},{"not_picked":["Slice+1","Dagger Throw+1","Dagger Spray+1"],"picked":"SKIP","floor":29},{"not_picked":["Slice+1","Flying Knee+1","Riddle With Holes+1"],"picked":"SKIP","floor":31},{"not_picked":["Burst","Bullet Time"],"picked":"Storm of Steel","floor":33},{"not_picked":["Underhanded Strike+1","Dagger Throw+1"],"picked":"Deadly Poison+1","floor":35},{"not_picked":["Underhanded Strike+1","Well Laid Plans"],"picked":"Infinite Blades+1","floor":38},{"not_picked":["Dagger Throw+1","Outmaneuver","Quick Slash+1"],"picked":"SKIP","floor":39},{"not_picked":["Slice+1","PiercingWail+1"],"picked":"Dodge and Roll+1","floor":41},{"not_picked":["Crippling Poison","Flying Knee+1"],"picked":"Deadly Poison","floor":42},{"not_picked":["Flying Knee+1","Underhanded Strike+1"],"picked":"Caltrops+1","floor":45},{"not_picked":["Bane+1","Tactician"],"picked":"Blade Dance+1","floor":46},{"not_picked":["Leg Sweep+1","Finisher+1"],"picked":"Caltrops+1","floor":48}],"player_experience":319245,"relics_obtained":[{"floor":6,"key":"Tiny Chest"},{"floor":9,"key":"Mercury Hourglass"},{"floor":13,"key":"Dead Branch"},{"floor":22,"key":"Gremlin Horn"},{"floor":26,"key":"Molten Egg 2"},{"floor":29,"key":"Ninja Scroll"},{"floor":42,"key":"Mummified Hand"},{"floor":43,"key":"Singing Bowl"}],"event_choices":[{"cards_removed":["Strike_G"],"damage_healed":0,"gold_gain":0,"player_choice":"Card Removal","damage_taken":7,"max_hp_gain":0,"max_hp_loss":0,"event_name":"Golden Wing","floor":4,"gold_loss":0},{"damage_healed":23,"gold_gain":0,"player_choice":"Banana","damage_taken":0,"max_hp_gain":0,"max_hp_loss":0,"event_name":"Big Fish","floor":11,"gold_loss":0},{"damage_healed":0,"gold_gain":0,"player_choice":"1 cards matched","damage_taken":0,"max_hp_gain":0,"max_hp_loss":0,"event_name":"Match and Keep!","floor":14,"gold_loss":0,"cards_obtained":["Caltrops"]},{"damage_healed":0,"gold_gain":0,"cards_transformed":["Strike_G","Strike_G"],"player_choice":"Became Test Subject","damage_taken":0,"max_hp_gain":0,"max_hp_loss":0,"event_name":"Drug Dealer","floor":24,"gold_loss":0,"cards_obtained":["Backflip","Acrobatics"]},{"damage_healed":0,"gold_gain":0,"player_choice":"Ignored","damage_taken":0,"max_hp_gain":0,"max_hp_loss":0,"event_name":"SecretPortal","floor":37,"gold_loss":0},{"damage_healed":0,"gold_gain":0,"player_choice":"1 cards matched","damage_taken":0,"max_hp_gain":0,"max_hp_loss":0,"event_name":"Match and Keep!","floor":44,"gold_loss":0,"cards_obtained":["Neutralize"]}],"is_beta":false,"boss_relics":[{"not_picked":["WristBlade","Cursed Key"],"picked":"Sozu"},{"not_picked":["Orrery","Eternal Feather"],"picked":"Philosopher\u0027s Stone"}],"items_purged_floors":[],"is_endless":false,"potions_floor_spawned":[1,8,10,16,19,20,28,33,35,39,48],"ascension_level":11}