{"gold_per_floor":[11,22,39,63,82,82,137,149,231,289,289,323,337,352,352,454,454,467,484,22,22,73,73,101,101,101,64,94,94,9,36,36,134,134,153,172,184,198,6,39,39,39,107,127,143,170,188,516,516,516,516,516,36,71,71],"floor_reached":55,"playtime":6627,"items_purged":[],"score":1076,"play_id":"3facb2c7-a44a-4ea2-8568-cefb04f9f2f1","local_time":"20181227183628","is_ascension_mode":true,"campfire_choices":[{"data":"All Out Attack","floor":6,"key":"SMITH"},{"data":"Dash","floor":15,"key":"SMITH"},{"data":"After Image","floor":23,"key":"SMITH"},{"data":"Noxious Fumes","floor":25,"key":"SMITH"},{"data":"Dagger Spray","floor":32,"key":"SMITH"},{"floor":41,"key":"REST"},{"floor":49,"key":"RECALL"},{"data":"Flying Knee","floor":52,"key":"SMITH"}],"neow_cost":"NO_GOLD","seed_source_timestamp":605101891562464,"circlet_count":0,"master_deck":["Survivor","Neutralize","Sucker Punch","Flying Knee","Dagger Throw","All Out Attack+1","Escape Plan","Heel Hook","Envenom+1","Dash+1","Underhanded Strike","Flying Knee+1","After Image+1","Dagger Spray+1","Dagger Throw","Noxious Fumes+1","PiercingWail","Slice","Tactician+1","Caltrops+1","Leg Sweep+1","Caltrops+1","Prepared+1","Blade Dance+1","Corpse Explosion+1","Blur+1","Bane","Crippling Poison+1","Distraction+1","Deadly Poison+1","Heel Hook","Eviscerate","Setup+1","Predator","Phantasmal Killer+1","Setup+1","Prepared+1","Infinite Blades+1","Backstab","Crippling Poison+1","Well Laid Plans+1","Prepared+1","A Thousand Cuts+1","Footwork+1","Bouncing Flask+1","After Image+1","Infinite Blades+1","Corpse Explosion+1"],"relics":["Ring of the Snake","Pen Nib","Tiny Chest","Ornamental Fan","Ninja Scroll","Art of War","Black Star","Incense Burner","Vajra","Toxic Egg 2","Turnip","Frozen Egg 2","Blood Vial","Omamori","Ice Cream","Kunai","Pandora\u0027s Box","TwistedFunnel","Matryoshka","Mango","Molten Egg 2","Oddly Smooth Stone","Meat on the Bone","Bottled Lightning","Happy Flower","Potion Belt","Old Coin","Gremlin Horn","DollysMirror","Pear","Calipers","Blue Candle"],"potions_floor_usage":[7,12,16,16,31,31,33,37,38,47,50,55,55],"damage_taken":[{"damage":1,"enemies":"Cultist","floor":1,"turns":5},{"damage":0,"enemies":"2 Louse","floor":2,"turns":2},{"damage":0,"enemies":"Jaw Worm","floor":3,"turns":4},{"damage":10,"enemies":"Exordium Wildlife","floor":5,"turns":4},{"damage":17,"enemies":"Gremlin Nob","floor":7,"turns":4},{"damage":0,"enemies":"Blue Slaver","floor":8,"turns":4},{"damage":5,"enemies":"3 Sentries","floor":10,"turns":5},{"damage":6,"enemies":"Lagavulin","floor":12,"turns":3},{"damage":2,"enemies":"Exordium Thugs","floor":13,"turns":4},{"damage":0,"enemies":"2 Fungi Beasts","floor":14,"turns":2},{"damage":22,"enemies":"The Guardian","floor":16,"turns":9},{"damage":5,"enemies":"Chosen","floor":18,"turns":5},{"damage":0,"enemies":"Shell Parasite","floor":19,"turns":5},{"damage":17,"enemies":"Book of Stabbing","floor":24,"turns":6},{"damage":0,"enemies":"Gremlin Leader","floor":28,"turns":6},{"damage":10,"enemies":"Slavers","floor":31,"turns":6},{"damage":22,"enemies":"Champ","floor":33,"turns":10},{"damage":0,"enemies":"3 Shapes","floor":35,"turns":3},{"damage":31,"enemies":"3 Darklings","floor":36,"turns":3},{"damage":18,"enemies":"Maw","floor":37,"turns":7},{"damage":29,"enemies":"Writhing Mass","floor":38,"turns":5},{"damage":10,"enemies":"Reptomancer","floor":40,"turns":5},{"damage":0,"enemies":"Sphere and 2 Shapes","floor":44,"turns":3},{"damage":0,"enemies":"3 Darklings","floor":45,"turns":4},{"damage":0,"enemies":"Nemesis","floor":46,"turns":5},{"damage":0,"enemies":"Spire Growth","floor":47,"turns":4},{"damage":0,"enemies":"Giant Head","floor":48,"turns":7},{"damage":14,"enemies":"Awakened One","floor":50,"turns":10},{"damage":32,"enemies":"Shield and Spear","floor":54,"turns":6},{"damage":83,"enemies":"The Heart","floor":55,"turns":8}],"seed_played":"-4198578790684802230","potions_obtained":[{"floor":2,"key":"GamblersBrew"},{"floor":10,"key":"Poison Potion"},{"floor":13,"key":"Poison Potion"},{"floor":14,"key":"Swift Potion"},{"floor":18,"key":"Regen Potion"},{"floor":19,"key":"SkillPotion"},{"floor":28,"key":"Energy Potion"},{"floor":31,"key":"Fruit Juice"},{"floor":37,"key":"Explosive Potion"},{"floor":38,"key":"GamblersBrew"},{"floor":44,"key":"PowerPotion"},{"floor":46,"key":"Strength Potion"},{"floor":47,"key":"PowerPotion"}],"is_trial":false,"path_per_floor":["M","M","M","T","M","R","E","M","T","?","?","E","M","M","R","B",null,"M","M","$","?","T","R","E","R","T","$","E","T","$","E","R","B",null,"M","M","M","M","$","E","R","T","T","M","M","E","M","E","R","B",null,"R","$","E","B"],"character_chosen":"THE_SILENT","items_purchased":["Incense Burner","Noxious Fumes","PiercingWail","Slice","Caltrops+1","Caltrops+1","Prepared+1","TwistedFunnel","DollysMirror","Pear","Infinite Blades+1"],"campfire_rested":1,"item_purchase_floors":[20,20,20,20,27,30,30,39,53,53,53],"current_hp_per_floor":[83,83,83,83,73,73,56,56,56,51,51,45,43,43,43,21,84,79,79,79,79,79,79,62,62,62,62,62,62,62,59,59,39,89,89,58,51,24,24,30,60,60,60,62,64,66,68,70,70,58,103,103,113,81,0],"gold":71,"neow_bonus":"TWENTY_PERCENT_HP_BONUS","is_prod":false,"is_daily":false,"chose_seed":false,"campfire_upgraded":6,"win_rate":0,"timestamp":1545953788,"path_taken":["M","M","M","?","M","R","E","M","T","?","?","E","M","?","R","BOSS","M","M","$","?","?","R","E","R","T","$","E","?","?","E","R","BOSS","M","M","M","M","$","E","R","?","T","M","M","E","M","E","R","BOSS","R","$","E","BOSS"],"build_version":"2018-12-20","purchased_purges":0,"victory":false,"max_hp_per_floor":[84,84,84,84,84,84,84,84,84,84,84,84,84,84,84,84,84,84,84,84,84,84,84,84,84,84,84,84,84,84,89,89,89,89,89,89,89,89,89,103,103,103,103,103,103,103,103,103,103,103,103,103,113,113,113],"card_choices":[{"not_picked":["Deadly Poison","Endless Agony"],"picked":"Sucker Punch","floor":1},{"not_picked":["Prepared","Slice"],"picked":"Flying Knee","floor":2},{"not_picked":["Skewer","Sucker Punch"],"picked":"Dagger Throw","floor":3},{"not_picked":["Dodge and Roll","Quick Slash"],"picked":"All Out Attack","floor":5},{"not_picked":["Blade Dance","Dodge and Roll"],"picked":"Escape Plan","floor":7},{"not_picked":["Sucker Punch","Crippling Poison"],"picked":"Heel Hook","floor":8},{"not_picked":["Outmaneuver","Quick Slash"],"picked":"Envenom","floor":10},{"not_picked":["Slice","Expertise"],"picked":"Dash","floor":12},{"not_picked":["Dagger Spray","Poisoned Stab"],"picked":"Underhanded Strike","floor":13},{"not_picked":["Cloak And Dagger","Dagger Spray"],"picked":"Flying Knee","floor":14},{"not_picked":["Wraith Form v2","Grand Finale"],"picked":"After Image","floor":16},{"not_picked":["Eviscerate","Deadly Poison"],"picked":"Dagger Spray","floor":18},{"not_picked":["Cloak And Dagger","Expertise"],"picked":"Dagger Throw","floor":19},{"not_picked":["Choke","Blur+1"],"picked":"Tactician+1","floor":24},{"not_picked":["Sucker Punch","Flechettes"],"picked":"Leg Sweep+1","floor":28},{"not_picked":["Acrobatics+1","Doppelganger+1"],"picked":"Blade Dance+1","floor":31},{"not_picked":["Wraith Form v2+1","Malaise+1"],"picked":"Corpse Explosion+1","floor":33},{"not_picked":["Bane+1","Masterful Stab+1"],"picked":"Setup+1","floor":35},{"not_picked":["Leg Sweep+1","Sucker Punch"],"picked":"Prepared+1","floor":36},{"not_picked":["Backflip+1","Setup+1"],"picked":"Infinite Blades+1","floor":37},{"not_picked":["Masterful Stab+1","Deadly Poison+1"],"picked":"Backstab","floor":38},{"not_picked":["Riddle With Holes","Catalyst+1"],"picked":"Crippling Poison+1","floor":40},{"not_picked":["Cloak And Dagger+1","Blade Dance+1"],"picked":"Well Laid Plans+1","floor":44},{"not_picked":["Leg Sweep+1","Terror+1"],"picked":"Prepared+1","floor":45},{"not_picked":["Underhanded Strike+1","Acrobatics+1"],"picked":"A Thousand Cuts+1","floor":46},{"not_picked":["Acrobatics+1","Dagger Spray+1"],"picked":"Footwork+1","floor":47},{"not_picked":["Dagger Spray+1","Dagger Throw+1"],"picked":"Bouncing Flask+1","floor":48},{"not_picked":["Eviscerate+1","Blade Dance+1"],"picked":"Corpse Explosion+1","floor":54}],"player_experience":208335,"relics_obtained":[{"floor":4,"key":"Pen Nib"},{"floor":7,"key":"Tiny Chest"},{"floor":9,"key":"Ornamental Fan"},{"floor":12,"key":"Art of War"},{"floor":22,"key":"Vajra"},{"floor":24,"key":"Toxic Egg 2"},{"floor":24,"key":"Turnip"},{"floor":26,"key":"Frozen Egg 2"},{"floor":28,"key":"Blood Vial"},{"floor":28,"key":"Omamori"},{"floor":31,"key":"Ice Cream"},{"floor":31,"key":"Kunai"},{"floor":40,"key":"Matryoshka"},{"floor":40,"key":"Mango"},{"floor":42,"key":"Molten Egg 2"},{"floor":42,"key":"Oddly Smooth Stone"},{"floor":43,"key":"Meat on the Bone"},{"floor":43,"key":"Bottled Lightning"},{"floor":46,"key":"Happy Flower"},{"floor":46,"key":"Potion Belt"},{"floor":48,"key":"Old Coin"},{"floor":48,"key":"Gremlin Horn"},{"floor":54,"key":"Calipers"},{"floor":54,"key":"Blue Candle"}],"event_choices":[{"damage_healed":0,"gold_gain":0,"player_choice":"Searched \u00273\u0027 times","damage_taken":0,"relics_obtained":["Ninja Scroll"],"max_hp_gain":0,"max_hp_loss":0,"event_name":"Dead Adventurer","floor":10,"gold_loss":0},{"damage_healed":0,"gold_gain":0,"player_choice":"Upgraded","damage_taken":0,"max_hp_gain":0,"max_hp_loss":0,"event_name":"Upgrade Shrine","floor":11,"gold_loss":0,"cards_upgraded":["Envenom"]},{"damage_healed":0,"gold_gain":0,"player_choice":"Simplicity","damage_taken":0,"max_hp_gain":0,"max_hp_loss":0,"event_name":"Back to Basics","floor":21,"gold_loss":0,"cards_upgraded":["Defend_G","Defend_G","Defend_G","Defend_G","Defend_G","Strike_G","Strike_G","Strike_G","Strike_G","Strike_G"]}],"is_beta":false,"boss_relics":[{"not_picked":["Runic Pyramid","Snecko Eye"],"picked":"Black Star"},{"not_picked":["Sozu","Tiny House"],"picked":"Pandora\u0027s Box"}],"items_purged_floors":[],"is_endless":false,"potions_floor_spawned":[2,10,13,14,18,19,28,31,37,38,44,46,47],"killed_by":"The Heart","ascension_level":1}