{"gold_per_floor":[112,127,127,14,24,24,58,58,113,113,131,31,49,77,77,175,175,194,210,210,210,210,210,225,225,252,252,264,264],"floor_reached":29,"playtime":1281,"items_purged":["Regret","Defend_R"],"score":375,"play_id":"75c882e2-ad11-4217-9052-97e2e3d05256","local_time":"20191001123627","is_ascension_mode":true,"campfire_choices":[{"data":"Havoc","floor":6,"key":"SMITH"},{"data":"Fire Breathing","floor":8,"key":"SMITH"},{"data":"Seeing Red","floor":10,"key":"SMITH"},{"data":"Carnage","floor":15,"key":"SMITH"},{"data":"Corruption","floor":23,"key":"SMITH"},{"data":"Juggernaut","floor":25,"key":"SMITH"},{"data":"Fiend Fire","floor":27,"key":"SMITH"}],"neow_cost":"CURSE","seed_source_timestamp":1038342039927400,"circlet_count":0,"master_deck":["AscendersBane","Strike_R+1","Strike_R+1","Strike_R+1","Strike_R+1","Strike_R+1","Defend_R+1","Defend_R+1","Defend_R+1","Bash","Havoc+1","Carnage+1","Seeing Red+1","Fire Breathing+1","Shockwave","Clothesline","Impervious","Fiend Fire+1","Uppercut","Sever Soul","Clothesline","Corruption+1","Wild Strike","Bloodletting+1","Intimidate","Juggernaut+1","Rage+1"],"relics":["Burning Blood","Mango","Happy Flower","Bag of Marbles","Regal Pillow","Orrery","Vajra","Juzu Bracelet"],"potions_floor_usage":[14,14,28,29],"damage_taken":[{"damage":14,"enemies":"Cultist","floor":1,"turns":5},{"damage":6,"enemies":"2 Louse","floor":2,"turns":3},{"damage":1,"enemies":"Small Slimes","floor":5,"turns":3},{"damage":30,"enemies":"3 Sentries","floor":7,"turns":10},{"damage":11,"enemies":"Exordium Thugs","floor":11,"turns":4},{"damage":10,"enemies":"2 Fungi Beasts","floor":13,"turns":3},{"damage":20,"enemies":"Lagavulin","floor":14,"turns":4},{"damage":27,"enemies":"Hexaghost","floor":16,"turns":9},{"damage":19,"enemies":"3 Byrds","floor":18,"turns":5},{"damage":30,"enemies":"2 Thieves","floor":19,"turns":4},{"damage":18,"enemies":"Snake Plant","floor":24,"turns":5},{"damage":12,"enemies":"Centurion and Healer","floor":28,"turns":5},{"damage":24,"enemies":"Book of Stabbing","floor":29,"turns":4}],"seed_played":"-3985196063689415863","potions_obtained":[{"floor":5,"key":"Strength Potion"},{"floor":7,"key":"SmokeBomb"},{"floor":11,"key":"Weak Potion"},{"floor":13,"key":"Poison Potion"},{"floor":14,"key":"Ancient Potion"},{"floor":28,"key":"Dexterity Potion"}],"is_trial":false,"path_per_floor":["M","M","?","$","M","R","E","R","T","R","M","$","M","E","R","B",null,"M","M","?","?","?","R","M","R","T","R","M","E"],"character_chosen":"IRONCLAD","items_purchased":["Seeing Red"],"campfire_rested":0,"item_purchase_floors":[4],"current_hp_per_floor":[78,78,83,83,88,88,64,64,64,64,59,59,55,41,41,20,79,66,42,42,42,42,42,30,30,30,30,24,0],"gold":264,"neow_bonus":"ONE_RARE_RELIC","is_prod":false,"is_daily":false,"chose_seed":false,"campfire_upgraded":7,"win_rate":0,"timestamp":1569929787,"path_taken":["M","?","?","$","M","R","E","R","T","R","M","$","M","E","R","BOSS","M","M","?","?","?","R","M","R","T","R","M","E"],"build_version":"2019-07-17","purchased_purges":2,"victory":false,"max_hp_per_floor":[94,94,99,99,99,99,99,99,99,99,99,99,99,99,99,99,99,99,99,99,99,99,99,99,99,99,99,99,99],"card_choices":[{"not_picked":["Battle Trance","Entrench"],"picked":"Havoc","floor":1},{"not_picked":["Entrench","Whirlwind"],"picked":"Carnage","floor":2},{"not_picked":["Spot Weakness","Body Slam"],"picked":"Fire Breathing","floor":5},{"not_picked":["Spot Weakness","Perfected Strike"],"picked":"Shockwave","floor":7},{"not_picked":["Thunderclap","Perfected Strike"],"picked":"Iron Wave","floor":11},{"not_picked":["Warcry","Headbutt"],"picked":"Clothesline","floor":13},{"not_picked":["Wild Strike","Cleave"],"picked":"Impervious","floor":14},{"not_picked":["Dark Embrace","Offering"],"picked":"Fiend Fire","floor":16},{"not_picked":["Evolve","Warcry"],"picked":"Uppercut","floor":17},{"not_picked":["Clothesline","Sword Boomerang"],"picked":"Sever Soul","floor":17},{"not_picked":["Heavy Blade","Body Slam"],"picked":"Clothesline","floor":17},{"not_picked":["Iron Wave","Anger"],"picked":"Corruption","floor":17},{"not_picked":["Twin Strike","Perfected Strike"],"picked":"Wild Strike","floor":17},{"not_picked":["Limit Break","Rage+1"],"picked":"Bloodletting+1","floor":18},{"not_picked":["Clothesline","Headbutt"],"picked":"Intimidate","floor":19},{"not_picked":["Dual Wield","Cleave","Clash"],"picked":"SKIP","floor":24},{"not_picked":["Sword Boomerang","Second Wind"],"picked":"Rage+1","floor":28}],"player_experience":211275,"relics_obtained":[{"floor":7,"key":"Happy Flower"},{"floor":9,"key":"Bag of Marbles"},{"floor":14,"key":"Regal Pillow"},{"floor":26,"key":"Juzu Bracelet"}],"event_choices":[{"damage_healed":0,"gold_gain":0,"player_choice":"Donut","damage_taken":0,"max_hp_gain":5,"max_hp_loss":0,"event_name":"Big Fish","floor":3,"gold_loss":0},{"damage_healed":0,"gold_gain":0,"player_choice":"Simplicity","damage_taken":0,"max_hp_gain":0,"max_hp_loss":0,"event_name":"Back to Basics","floor":20,"gold_loss":0,"cards_upgraded":["Strike_R","Strike_R","Strike_R","Strike_R","Strike_R","Defend_R","Defend_R","Defend_R"]},{"damage_healed":0,"gold_gain":0,"player_choice":"Opened","damage_taken":0,"relics_obtained":["Vajra"],"max_hp_gain":0,"max_hp_loss":0,"event_name":"The Mausoleum","floor":21,"gold_loss":0},{"damage_healed":0,"gold_gain":0,"cards_transformed":["Iron Wave"],"player_choice":"Transformed","damage_taken":0,"max_hp_gain":0,"max_hp_loss":0,"event_name":"Transmorgrifier","floor":22,"gold_loss":0,"cards_obtained":["Juggernaut"]}],"is_beta":false,"boss_relics":[{"not_picked":["Cursed Key","White Beast Statue"],"picked":"Orrery"}],"items_purged_floors":[4,12],"is_endless":false,"potions_floor_spawned":[5,7,11,13,14,28],"killed_by":"Book of Stabbing","ascension_level":10}