{"gold_per_floor":[109,123,139,214,214,214,242,242,242,202,236,252,252],"floor_reached":13,"playtime":445,"items_purged":[],"score":126,"play_id":"636b8d69-41f0-498b-9c3c-09fc0c329111","local_time":"20190910172302","is_ascension_mode":true,"campfire_choices":[{"floor":6,"key":"REST"},{"floor":8,"key":"REST"}],"neow_cost":"NONE","seed_source_timestamp":346604303859000,"circlet_count":0,"master_deck":["Strike_G","Strike_G","Strike_G","Strike_G","Strike_G","Defend_G","Defend_G","Defend_G","Defend_G","Defend_G","Survivor","Neutralize","PiercingWail","Dagger Throw","Prepared","Underhanded Strike","Die Die Die","Underhanded Strike"],"relics":["Ring of the Snake","NeowsBlessing","Sundial","Question Card","Potion Belt"],"potions_floor_usage":[7,11,11,13],"damage_taken":[{"damage":0,"enemies":"Cultist","floor":1,"turns":1},{"damage":0,"enemies":"Small Slimes","floor":2,"turns":1},{"damage":0,"enemies":"2 Louse","floor":3,"turns":1},{"damage":36,"enemies":"3 Sentries","floor":7,"turns":11},{"damage":21,"enemies":"Lagavulin","floor":11,"turns":6},{"damage":2,"enemies":"Lots of Slimes","floor":12,"turns":3},{"damage":53,"enemies":"Gremlin Nob","floor":13,"turns":4}],"seed_played":"-3169503759650464173","potions_obtained":[{"floor":2,"key":"SkillPotion"},{"floor":10,"key":"Weak Potion"},{"floor":10,"key":"SneckoOil"},{"floor":10,"key":"Block Potion"}],"is_trial":false,"path_per_floor":["M","M","M","?","?","R","E","R","T","?","E","M","E"],"character_chosen":"THE_SILENT","items_purchased":[],"campfire_rested":2,"item_purchase_floors":[],"current_hp_per_floor":[63,63,63,52,49,70,34,55,55,55,34,32,0],"gold":252,"neow_bonus":"THREE_ENEMY_KILL","is_prod":false,"is_daily":false,"chose_seed":false,"campfire_upgraded":0,"win_rate":0,"timestamp":1568150582,"path_taken":["M","?","M","?","?","R","E","R","T","?","E","M","E"],"build_version":"2019-07-17","purchased_purges":0,"victory":false,"max_hp_per_floor":[70,70,70,70,70,70,70,70,70,70,70,70,70],"card_choices":[{"not_picked":["Dodge and Roll","Concentrate"],"picked":"PiercingWail","floor":1},{"not_picked":["Dodge and Roll","Backflip"],"picked":"Dagger Throw","floor":2},{"not_picked":["Finisher","Bane"],"picked":"Prepared","floor":3},{"not_picked":["Terror","Catalyst"],"picked":"Underhanded Strike","floor":7},{"not_picked":["Deflect","Underhanded Strike","Dagger Spray"],"picked":"Die Die Die","floor":11},{"not_picked":["Deadly Poison","Dagger Spray","Deflect"],"picked":"Underhanded Strike","floor":12}],"player_experience":547991,"relics_obtained":[{"floor":7,"key":"Question Card"},{"floor":11,"key":"Potion Belt"}],"event_choices":[{"damage_healed":0,"gold_gain":75,"player_choice":"Gather Gold","damage_taken":11,"max_hp_gain":0,"max_hp_loss":0,"event_name":"World of Goop","floor":4,"gold_loss":0},{"damage_healed":0,"gold_gain":0,"player_choice":"Success","damage_taken":3,"relics_obtained":["Sundial"],"max_hp_gain":0,"max_hp_loss":0,"event_name":"Scrap Ooze","floor":5,"gold_loss":0},{"damage_healed":0,"gold_gain":0,"player_choice":"Bought 3 Potions","damage_taken":0,"max_hp_gain":0,"max_hp_loss":0,"event_name":"The Woman in Blue","floor":10,"gold_loss":0}],"is_beta":false,"boss_relics":[],"items_purged_floors":[],"is_endless":false,"potions_floor_spawned":[2],"killed_by":"Gremlin Nob","ascension_level":7}