{"gold_per_floor":[18,18,28,44,44,44,72,72,99,24,49,62,62,74,74,169,169,187,187,187,187,238,272,294,318,384,396,440,452,464,501,513,525],"floor_reached":33,"playtime":1584,"items_purged":["Strike_G"],"score":542,"play_id":"ead0baa6-7ff5-4dc1-8691-02b9638d86a9","local_time":"20190823233348","is_ascension_mode":true,"campfire_choices":[{"data":"Bane","floor":6,"key":"SMITH"},{"data":"Noxious Fumes","floor":8,"key":"SMITH"},{"floor":13,"key":"REST"},{"data":"Footwork","floor":15,"key":"SMITH"},{"floor":27,"key":"REST"},{"data":"Noxious Fumes","floor":29,"key":"SMITH"},{"floor":32,"key":"REST"}],"neow_cost":"NO_GOLD","seed_source_timestamp":7527001668080,"circlet_count":0,"master_deck":["AscendersBane","Strike_G","Strike_G","Strike_G","Defend_G","Defend_G","Defend_G","Defend_G","Survivor","Neutralize+1","Noxious Fumes+1","Bane+1","Deadly Poison","Deflect","Footwork+1","Dodge and Roll","Neutralize","After Image","PiercingWail+1","Noxious Fumes+1","Bouncing Flask+1","Catalyst"],"relics":["Ring of the Snake","Snake Skull","Omamori","Bronze Scales","White Beast Statue","MutagenicStrength","Pen Nib","MawBank","Strawberry","Lantern","Centennial Puzzle"],"potions_floor_usage":[18,18,23,23,28,33,33,33],"damage_taken":[{"damage":4,"enemies":"2 Louse","floor":1,"turns":4},{"damage":0,"enemies":"Cultist","floor":3,"turns":5},{"damage":0,"enemies":"Small Slimes","floor":4,"turns":3},{"damage":17,"enemies":"Lagavulin","floor":7,"turns":5},{"damage":17,"enemies":"3 Sentries","floor":11,"turns":7},{"damage":1,"enemies":"Exordium Thugs","floor":12,"turns":3},{"damage":1,"enemies":"Looter","floor":14,"turns":4},{"damage":0,"enemies":"Hexaghost","floor":16,"turns":9},{"damage":4,"enemies":"Spheric Guardian","floor":18,"turns":4},{"damage":23,"enemies":"Slavers","floor":23,"turns":7},{"damage":6,"enemies":"Shell Parasite","floor":24,"turns":6},{"damage":2,"enemies":"Snecko","floor":25,"turns":7},{"damage":12,"enemies":"Book of Stabbing","floor":28,"turns":5},{"damage":33,"enemies":"Slavers","floor":31,"turns":5},{"damage":44,"enemies":"Collector","floor":33,"turns":6}],"seed_played":"-2874253325835217808","potions_obtained":[{"floor":7,"key":"SkillPotion"},{"floor":11,"key":"EssenceOfSteel"},{"floor":14,"key":"Poison Potion"},{"floor":18,"key":"Weak Potion"},{"floor":23,"key":"GamblersBrew"},{"floor":24,"key":"LiquidBronze"},{"floor":25,"key":"Explosive Potion"},{"floor":28,"key":"Explosive Potion"},{"floor":31,"key":"Dexterity Potion"}],"is_trial":false,"path_per_floor":["M","?","M","M","$","R","E","R","T","$","E","M","R","M","R","B",null,"M","?","$","?","T","E","M","M","T","R","E","R","?","E","R","B"],"character_chosen":"THE_SILENT","items_purchased":[],"campfire_rested":3,"item_purchase_floors":[],"current_hp_per_floor":[59,59,59,59,59,59,42,42,42,42,25,24,45,44,44,44,64,60,60,60,60,60,37,31,29,36,59,47,47,47,14,37,0],"gold":525,"neow_bonus":"REMOVE_TWO","is_prod":false,"is_daily":false,"chose_seed":false,"campfire_upgraded":4,"win_rate":0,"timestamp":1566596028,"path_taken":["M","?","M","M","$","R","E","R","T","$","E","M","R","?","R","BOSS","M","?","?","?","?","E","M","M","T","R","E","R","?","E","R","BOSS"],"build_version":"2019-07-17","purchased_purges":1,"victory":false,"max_hp_per_floor":[70,70,70,70,70,70,70,70,70,70,70,70,70,70,70,70,70,70,70,70,70,70,70,70,70,77,77,77,77,77,77,77,77],"card_choices":[{"not_picked":["Deadly Poison","Deflect"],"picked":"Noxious Fumes","floor":1},{"not_picked":["Acrobatics","Dagger Throw"],"picked":"Bane","floor":3},{"not_picked":["Setup","Finisher"],"picked":"Deadly Poison","floor":4},{"not_picked":["Choke","Quick Slash","Slice"],"picked":"SKIP","floor":7},{"not_picked":["Slice","Sucker Punch"],"picked":"Deflect","floor":11},{"not_picked":["Bane","Crippling Poison"],"picked":"Footwork","floor":12},{"not_picked":["Storm of Steel","Backstab"],"picked":"Dodge and Roll","floor":14},{"not_picked":["Acrobatics","Heel Hook","Dagger Spray"],"picked":"SKIP","floor":18},{"not_picked":["Flying Knee+1","Dagger Spray+1"],"picked":"PiercingWail+1","floor":23},{"not_picked":["Deadly Poison","Expertise"],"picked":"Noxious Fumes","floor":24},{"not_picked":["Poisoned Stab","Dagger Spray","Acrobatics"],"picked":"SKIP","floor":25},{"not_picked":["Escape Plan","Flechettes+1"],"picked":"Bouncing Flask+1","floor":28},{"not_picked":["Bane","Finisher+1"],"picked":"Catalyst","floor":31}],"player_experience":281661,"relics_obtained":[{"floor":7,"key":"Snake Skull"},{"floor":9,"key":"Omamori"},{"floor":11,"key":"Bronze Scales"},{"floor":22,"key":"Pen Nib"},{"floor":23,"key":"MawBank"},{"floor":26,"key":"Strawberry"},{"floor":28,"key":"Lantern"},{"floor":31,"key":"Centennial Puzzle"}],"event_choices":[{"damage_healed":0,"gold_gain":0,"player_choice":"Forge","damage_taken":0,"max_hp_gain":0,"max_hp_loss":0,"event_name":"Accursed Blacksmith","floor":2,"gold_loss":0,"cards_upgraded":["Neutralize"]},{"damage_healed":0,"gold_gain":0,"player_choice":"2 cards matched","damage_taken":0,"max_hp_gain":0,"max_hp_loss":0,"event_name":"Match and Keep!","floor":19,"gold_loss":0,"cards_obtained":["Neutralize","After Image"]},{"damage_healed":0,"gold_gain":0,"player_choice":"Inject Mutagens","damage_taken":0,"relics_obtained":["MutagenicStrength"],"max_hp_gain":0,"max_hp_loss":0,"event_name":"Drug Dealer","floor":21,"gold_loss":0},{"damage_healed":0,"gold_gain":0,"player_choice":"Ignored","damage_taken":0,"max_hp_gain":0,"max_hp_loss":0,"event_name":"Vampires","floor":30,"gold_loss":0}],"is_beta":false,"boss_relics":[{"not_picked":["Busted Crown","Runic Pyramid"],"picked":"White Beast Statue"}],"items_purged_floors":[10],"is_endless":false,"potions_floor_spawned":[7,11,14,18,23,24,25,28,31],"killed_by":"Collector","ascension_level":10}