{"gold_per_floor":[116,135,135,135,135,135,135,147,192,207,132,142,142,171,171,266,266,282,382,327,345,345],"floor_reached":22,"playtime":2236,"items_purged":["Defend_B"],"score":234,"play_id":"23ece6a6-8fb3-4b04-a4b0-e91c0def04ac","local_time":"20181126220636","is_ascension_mode":false,"campfire_choices":[{"data":"Zap","floor":6,"key":"SMITH"},{"floor":13,"key":"RECALL"},{"data":"Darkness","floor":15,"key":"SMITH"}],"neow_cost":"NONE","seed_source_timestamp":9833968644995,"circlet_count":0,"master_deck":["Strike_B","Defend_B+1","Defend_B+1","Zap+1","Dualcast","Skim","Auto Shields","Go for the Eyes","Darkness+1","Turbo","Machine Learning","Machine Learning","Defragment+1","Fusion+1","Compile Driver"],"relics":["Cracked Core","Oddly Smooth Stone","Happy Flower","Empty Cage","Turnip","Frozen Egg 2","Tiny Chest"],"potions_floor_usage":[14,14,16,16],"damage_taken":[{"damage":0,"enemies":"Small Slimes","floor":1,"turns":3},{"damage":2,"enemies":"2 Louse","floor":2,"turns":2},{"damage":0,"enemies":"Jaw Worm","floor":8,"turns":4},{"damage":0,"enemies":"2 Fungi Beasts","floor":10,"turns":3},{"damage":14,"enemies":"Gremlin Gang","floor":12,"turns":5},{"damage":5,"enemies":"Lagavulin","floor":14,"turns":6},{"damage":0,"enemies":"The Guardian","floor":16,"turns":10},{"damage":0,"enemies":"Chosen","floor":18,"turns":3},{"damage":17,"enemies":"Colosseum Slavers","floor":19,"turns":5},{"damage":46,"enemies":"Colosseum Nobs","floor":19,"turns":5},{"damage":8,"enemies":"Shell Parasite","floor":21,"turns":5},{"damage":12,"enemies":"3 Cultists","floor":22,"turns":4}],"seed_played":"-7410464976375338297","potions_obtained":[{"floor":2,"key":"FocusPotion"},{"floor":7,"key":"Energy Potion"},{"floor":7,"key":"Dexterity Potion"},{"floor":12,"key":"SkillPotion"},{"floor":14,"key":"AttackPotion"}],"is_trial":false,"path_per_floor":["M","M","?","?","?","R","?","M","T","M","$","M","R","E","R","B",null,"M","?","?","M","M"],"character_chosen":"DEFECT","items_purchased":[],"campfire_rested":0,"item_purchase_floors":[],"current_hp_per_floor":[82,80,80,73,57,57,57,57,57,57,57,43,43,38,38,38,82,82,19,19,11,0],"gold":345,"neow_bonus":"TEN_PERCENT_HP_BONUS","is_prod":false,"is_daily":false,"chose_seed":false,"campfire_upgraded":2,"win_rate":0,"timestamp":1543269996,"path_taken":["M","M","?","?","?","R","?","?","T","M","$","?","R","E","R","BOSS","M","?","?","M","M"],"build_version":"2018-11-15","purchased_purges":1,"victory":false,"max_hp_per_floor":[82,82,82,82,82,82,82,82,82,82,82,82,82,82,82,82,82,82,82,82,82,82],"card_choices":[{"not_picked":["Conserve Battery","Redo"],"picked":"Skim","floor":1},{"not_picked":["Compile Driver","Stack"],"picked":"Auto Shields","floor":2},{"not_picked":["Beam Cell","Sweeping Beam"],"picked":"Go for the Eyes","floor":8},{"not_picked":["Coolheaded","Turbo"],"picked":"Darkness","floor":10},{"not_picked":["Amplify","Lockon"],"picked":"Turbo","floor":12},{"not_picked":["Turbo","Rip and Tear"],"picked":"Machine Learning","floor":14},{"not_picked":["Buffer","Biased Cognition"],"picked":"Machine Learning","floor":16},{"not_picked":["Darkness","Cold Snap"],"picked":"Defragment+1","floor":18},{"not_picked":["Rip and Tear","Cold Snap"],"picked":"Fusion+1","floor":19},{"not_picked":["Reprogram","Ball Lightning"],"picked":"Compile Driver","floor":21}],"player_experience":146605,"relics_obtained":[{"floor":9,"key":"Oddly Smooth Stone"},{"floor":14,"key":"Happy Flower"},{"floor":19,"key":"Turnip"},{"floor":19,"key":"Frozen Egg 2"}],"event_choices":[{"cards_removed":["Defend_B"],"damage_healed":0,"gold_gain":0,"player_choice":"Forget","damage_taken":0,"max_hp_gain":0,"max_hp_loss":0,"event_name":"Living Wall","floor":3,"gold_loss":0},{"cards_removed":["Strike_B"],"damage_healed":0,"gold_gain":0,"player_choice":"Card Removal","damage_taken":7,"max_hp_gain":0,"max_hp_loss":0,"event_name":"Golden Wing","floor":4,"gold_loss":0},{"damage_healed":0,"gold_gain":0,"player_choice":"Entered Light","damage_taken":16,"max_hp_gain":0,"max_hp_loss":0,"event_name":"Shining Light","floor":5,"gold_loss":0,"cards_upgraded":["Defend_B","Defend_B"]},{"damage_healed":0,"gold_gain":0,"player_choice":"Got Potions","damage_taken":0,"max_hp_gain":0,"max_hp_loss":0,"event_name":"Lab","floor":7,"gold_loss":0},{"damage_healed":0,"gold_gain":0,"player_choice":"Fight","damage_taken":0,"max_hp_gain":0,"max_hp_loss":0,"event_name":"Colosseum","floor":19,"gold_loss":0},{"damage_healed":0,"gold_gain":0,"player_choice":"Fought Nobs","damage_taken":0,"max_hp_gain":0,"max_hp_loss":0,"event_name":"Colosseum","floor":19,"gold_loss":0},{"damage_healed":0,"gold_gain":0,"player_choice":"Obtained Relic","damage_taken":0,"relics_obtained":["Tiny Chest"],"max_hp_gain":0,"max_hp_loss":0,"event_name":"Addict","floor":20,"gold_loss":85}],"is_beta":true,"boss_relics":[{"not_picked":["Calling Bell","Runic Dome"],"picked":"Empty Cage"}],"items_purged_floors":[11],"is_endless":false,"potions_floor_spawned":[2,12,14,19],"killed_by":"3 Cultists","ascension_level":0}