{"gold_per_floor":[117,117,117,127,78,110,126,126,201,234,234,247,275,295,295,400,400,417,417,342,342,111,111,128,163,163,163,88,88,123,134,134,230,230,249,249,1248,1258,1258,1258,1268,485,512,512,545,545,556,575,575,575],"floor_reached":51,"playtime":3301,"items_purged":["Writhe","Normality"],"score":1330,"play_id":"a825872e-0140-4622-a8be-58589511b028","local_time":"20191002064958","is_ascension_mode":true,"campfire_choices":[{"floor":8,"key":"REST"},{"floor":11,"key":"REST"},{"data":"Catalyst","floor":15,"key":"SMITH"},{"floor":23,"key":"REST"},{"floor":27,"key":"REST"},{"floor":32,"key":"REST"},{"floor":40,"key":"REST"},{"floor":44,"key":"REST"},{"floor":49,"key":"REST"}],"neow_cost":"NONE","seed_source_timestamp":7973939043483,"circlet_count":0,"master_deck":["AscendersBane","Strike_G","Strike_G","Strike_G","Strike_G","Defend_G+1","Defend_G","Defend_G","Defend_G","Defend_G","Survivor","Neutralize","Deadly Poison","Trip","Slice","Deflect","Catalyst+1","Deadly Poison","Deadly Poison","Backflip","After Image","Clumsy","Dagger Throw","Catalyst","Escape Plan+1","Deadly Poison","Cloak And Dagger","Blur","PiercingWail","Deflect","Night Terror","Well Laid Plans+1","Writhe","Normality","PiercingWail+1","Footwork","Footwork","Parasite"],"relics":["Ring of the Serpent","Happy Flower","Mercury Hourglass","Strawberry","Vajra","Calling Bell","Centennial Puzzle","Shuriken","Torii","Enchiridion","Turnip","Ice Cream","Bag of Marbles","Ancient Tea Set","Medical Kit","Frozen Egg 2","War Paint","Anchor","Bag of Preparation"],"potions_floor_usage":[10,13,33,41,50,50],"damage_taken":[{"damage":20,"enemies":"Jaw Worm","floor":1,"turns":10},{"damage":1,"enemies":"Cultist","floor":4,"turns":4},{"damage":46,"enemies":"Gremlin Nob","floor":6,"turns":6},{"damage":0,"enemies":"Small Slimes","floor":7,"turns":3},{"damage":18,"enemies":"Lagavulin","floor":10,"turns":7},{"damage":0,"enemies":"3 Louse","floor":12,"turns":3},{"damage":12,"enemies":"3 Sentries","floor":13,"turns":5},{"damage":3,"enemies":"Blue Slaver","floor":14,"turns":3},{"damage":8,"enemies":"The Guardian","floor":16,"turns":7},{"damage":11,"enemies":"Spheric Guardian","floor":18,"turns":5},{"damage":1,"enemies":"Shell Parasite","floor":24,"turns":4},{"damage":24,"enemies":"Gremlin Leader","floor":25,"turns":5},{"damage":13,"enemies":"Book of Stabbing","floor":30,"turns":5},{"damage":9,"enemies":"Snake Plant","floor":31,"turns":3},{"damage":56,"enemies":"Automaton","floor":33,"turns":10},{"damage":29,"enemies":"3 Darklings","floor":35,"turns":8},{"damage":16,"enemies":"3 Shapes","floor":38,"turns":6},{"damage":24,"enemies":"Jaw Worm Horde","floor":41,"turns":10},{"damage":20,"enemies":"Reptomancer","floor":45,"turns":6},{"damage":14,"enemies":"Writhing Mass","floor":47,"turns":7},{"damage":8,"enemies":"3 Darklings","floor":48,"turns":6},{"damage":42,"enemies":"Donu and Deca","floor":50,"turns":13}],"seed_played":"-7231882324472911968","potions_obtained":[{"floor":0,"key":"Explosive Potion"},{"floor":0,"key":"Explosive Potion"},{"floor":14,"key":"GamblersBrew"},{"floor":16,"key":"GamblersBrew"},{"floor":33,"key":"Regen Potion"},{"floor":45,"key":"Dexterity Potion"}],"is_trial":false,"path_per_floor":["M","?","?","M","$","E","M","R","T","E","R","M","E","M","R","B",null,"M","?","?","?","$","R","M","E","T","R","$","?","E","M","R","B",null,"M","?","?","M","?","R","M","$","T","R","E","?","M","M","R","B",null],"character_chosen":"THE_SILENT","items_purchased":["Slice","Escape Plan","Ancient Potion","Blur","Footwork","Medical Kit","Frozen Egg 2","War Paint","PowerPotion"],"campfire_rested":8,"item_purchase_floors":[5,22,22,28,42,42,42,42,42],"current_hp_per_floor":[43,66,66,65,65,19,19,40,40,29,52,52,40,37,37,29,65,54,54,54,38,38,61,60,36,36,59,59,59,46,37,60,4,59,30,49,49,33,33,56,47,47,47,70,50,50,36,28,51,9],"gold":575,"neow_bonus":"THREE_SMALL_POTIONS","is_prod":false,"is_daily":false,"chose_seed":false,"campfire_upgraded":1,"win_rate":0,"timestamp":1569991798,"path_taken":["M","?","?","M","$","E","M","R","T","E","R","M","E","?","R","BOSS","M","?","?","?","$","R","M","E","T","R","?","?","E","M","R","BOSS","M","?","?","?","?","R","M","$","T","R","E","?","M","M","R","BOSS"],"build_version":"2019-07-17","purchased_purges":2,"victory":true,"max_hp_per_floor":[70,70,70,70,70,70,70,70,70,77,77,77,77,77,77,77,77,77,77,77,77,77,77,77,77,77,77,77,77,77,77,77,77,77,77,77,77,77,77,77,77,77,77,77,77,77,77,77,77,77],"card_choices":[{"not_picked":["Eviscerate","Predator"],"picked":"Deadly Poison","floor":1},{"not_picked":["Outmaneuver","Underhanded Strike","Flechettes"],"picked":"SKIP","floor":4},{"not_picked":["Tactician","Blur"],"picked":"Deflect","floor":6},{"not_picked":["Underhanded Strike","Outmaneuver","Concentrate"],"picked":"SKIP","floor":7},{"not_picked":["Underhanded Strike","Outmaneuver","Concentrate"],"picked":"SKIP","floor":7},{"not_picked":["PiercingWail","Underhanded Strike"],"picked":"Catalyst","floor":10},{"not_picked":["Dodge and Roll","Prepared"],"picked":"Deadly Poison","floor":12},{"not_picked":["Glass Knife","Bouncing Flask"],"picked":"Deadly Poison","floor":13},{"not_picked":["Bouncing Flask","All Out Attack"],"picked":"Backflip","floor":14},{"not_picked":["Grand Finale","Doppelganger"],"picked":"After Image","floor":16},{"not_picked":["Sucker Punch","Acrobatics"],"picked":"Dagger Throw","floor":18},{"not_picked":["Quick Slash","Acrobatics"],"picked":"Deadly Poison","floor":24},{"not_picked":["Blade Dance","Outmaneuver"],"picked":"Cloak And Dagger","floor":25},{"not_picked":["Predator+1","Bane"],"picked":"PiercingWail","floor":30},{"not_picked":["Eviscerate","Skewer"],"picked":"Deflect","floor":31},{"not_picked":["Grand Finale","Storm of Steel"],"picked":"Night Terror","floor":33},{"not_picked":["Dagger Spray","Expertise"],"picked":"Well Laid Plans+1","floor":35},{"not_picked":["Deflect","Prepared"],"picked":"PiercingWail+1","floor":38},{"not_picked":["Leg Sweep","Acrobatics"],"picked":"Footwork","floor":41},{"not_picked":["Dash","Blade Dance","Slice"],"picked":"SKIP","floor":45},{"not_picked":["All Out Attack","Slice","Acrobatics"],"picked":"SKIP","floor":47},{"not_picked":["Predator+1","Deflect","Calculated Gamble"],"picked":"SKIP","floor":48}],"player_experience":331171,"relics_obtained":[{"floor":6,"key":"Happy Flower"},{"floor":9,"key":"Mercury Hourglass"},{"floor":10,"key":"Strawberry"},{"floor":13,"key":"Vajra"},{"floor":17,"key":"Centennial Puzzle"},{"floor":17,"key":"Shuriken"},{"floor":17,"key":"Torii"},{"floor":21,"key":"Enchiridion"},{"floor":25,"key":"Turnip"},{"floor":26,"key":"Ice Cream"},{"floor":30,"key":"Ancient Tea Set"},{"floor":43,"key":"Anchor"},{"floor":45,"key":"Bag of Preparation"}],"event_choices":[{"damage_healed":23,"gold_gain":0,"player_choice":"Banana","damage_taken":0,"max_hp_gain":0,"max_hp_loss":0,"event_name":"Big Fish","floor":2,"gold_loss":0},{"damage_healed":0,"gold_gain":0,"player_choice":"1 cards matched","damage_taken":0,"max_hp_gain":0,"max_hp_loss":0,"event_name":"Match and Keep!","floor":3,"gold_loss":0,"cards_obtained":["Trip"]},{"damage_healed":0,"gold_gain":0,"player_choice":"Read","damage_taken":0,"max_hp_gain":0,"max_hp_loss":0,"event_name":"The Library","floor":19,"gold_loss":0,"cards_obtained":["Catalyst"]},{"cards_removed":["Pain"],"damage_healed":0,"gold_gain":0,"player_choice":"Gave Gold","damage_taken":0,"max_hp_gain":0,"max_hp_loss":0,"event_name":"Beggar","floor":20,"gold_loss":75},{"damage_healed":0,"gold_gain":0,"player_choice":"Obtained Book","damage_taken":16,"max_hp_gain":0,"max_hp_loss":0,"event_name":"Cursed Tome","floor":21,"gold_loss":0},{"damage_healed":0,"gold_gain":0,"player_choice":"Opened","damage_taken":0,"relics_obtained":["Bag of Marbles"],"max_hp_gain":0,"max_hp_loss":0,"event_name":"The Mausoleum","floor":29,"gold_loss":0},{"damage_healed":19,"gold_gain":0,"player_choice":"Writhe","damage_taken":0,"max_hp_gain":0,"max_hp_loss":0,"event_name":"Winding Halls","floor":36,"gold_loss":0,"cards_obtained":["Writhe"]},{"damage_healed":0,"gold_gain":999,"player_choice":"Gold","damage_taken":0,"max_hp_gain":0,"max_hp_loss":0,"event_name":"MindBloom","floor":37,"gold_loss":0,"cards_obtained":["Normality","Normality"]},{"damage_healed":0,"gold_gain":0,"player_choice":"Memory 1","damage_taken":0,"max_hp_gain":0,"max_hp_loss":0,"event_name":"SensoryStone","floor":39,"gold_loss":0},{"cards_removed":["Strike_G"],"damage_healed":0,"gold_gain":0,"player_choice":"Removed Attack","damage_taken":0,"max_hp_gain":0,"max_hp_loss":0,"event_name":"Falling","floor":46,"gold_loss":0}],"is_beta":false,"boss_relics":[{"not_picked":["Busted Crown","Tiny House"],"picked":"Calling Bell"},{"not_picked":["White Beast Statue","HoveringKite"],"picked":"Ring of the Serpent"}],"items_purged_floors":[22,42],"is_endless":false,"potions_floor_spawned":[1,7,14,16,24,33,38,45],"ascension_level":12}