{"gold_per_floor":[116,41,41,56,130,156,156,166,239,265,265],"floor_reached":11,"playtime":734,"items_purged":["Strike_R"],"score":78,"play_id":"fda4970d-9184-408b-8e8e-a3c5312dca30","local_time":"20181223222226","is_ascension_mode":true,"campfire_choices":[{"data":"Bash","floor":7,"key":"SMITH"}],"neow_cost":"NONE","seed_source_timestamp":278948877572289,"circlet_count":0,"master_deck":["Strike_R","Strike_R","Strike_R","Strike_R","Defend_R","Defend_R","Defend_R","Defend_R","Bash+1","Battle Trance","Warcry"],"relics":["Burning Blood","Happy Flower","Question Card","Kunai","Odd Mushroom"],"potions_floor_usage":[6,6,11],"damage_taken":[{"damage":6,"enemies":"Cultist","floor":1,"turns":3},{"damage":9,"enemies":"Jaw Worm","floor":4,"turns":3},{"damage":44,"enemies":"3 Sentries","floor":6,"turns":8},{"damage":5,"enemies":"Small Slimes","floor":8,"turns":4},{"damage":27,"enemies":"The Mushroom Lair","floor":10,"turns":5},{"damage":34,"enemies":"Lagavulin","floor":11,"turns":6}],"seed_played":"3269877064626859017","potions_obtained":[{"floor":1,"key":"Explosive Potion"},{"floor":4,"key":"Strength Potion"},{"floor":10,"key":"Regen Potion"}],"is_trial":false,"path_per_floor":["M","$","?","M","T","E","R","M","T","?","E"],"character_chosen":"IRONCLAD","items_purchased":[],"campfire_rested":0,"item_purchase_floors":[],"current_hp_per_floor":[88,88,76,73,73,35,35,36,36,15,0],"gold":265,"neow_bonus":"TEN_PERCENT_HP_BONUS","is_prod":false,"is_daily":false,"chose_seed":false,"campfire_upgraded":1,"win_rate":0,"timestamp":1545621746,"path_taken":["M","?","?","M","?","E","R","?","T","?","E"],"build_version":"2018-12-20","purchased_purges":1,"victory":false,"max_hp_per_floor":[88,88,88,88,88,88,88,88,88,88,88],"card_choices":[{"not_picked":["Flame Barrier","Clash","Pommel Strike"],"picked":"SKIP","floor":1},{"not_picked":["Bloodletting","Anger","Clash"],"picked":"SKIP","floor":4},{"not_picked":["Feel No Pain","Berserk","Dual Wield"],"picked":"SKIP","floor":6},{"not_picked":["Headbutt","Burning Pact","Clash"],"picked":"Battle Trance","floor":8},{"not_picked":["Armaments","Clash","Clothesline"],"picked":"Warcry","floor":10}],"player_experience":99933,"relics_obtained":[{"floor":6,"key":"Question Card"},{"floor":9,"key":"Kunai"},{"floor":10,"key":"Odd Mushroom"}],"event_choices":[{"damage_healed":0,"gold_gain":0,"player_choice":"Success","damage_taken":12,"relics_obtained":["Happy Flower"],"max_hp_gain":0,"max_hp_loss":0,"event_name":"Scrap Ooze","floor":3,"gold_loss":0},{"damage_healed":0,"gold_gain":0,"player_choice":"Fought Mushrooms","damage_taken":0,"max_hp_gain":0,"max_hp_loss":0,"event_name":"Mushrooms","floor":10,"gold_loss":0}],"is_beta":false,"boss_relics":[],"items_purged_floors":[2],"is_endless":false,"potions_floor_spawned":[1,4,10],"killed_by":"Lagavulin","ascension_level":2}