{"gold_per_floor":[112,126,140,152,169,199,32,32,32,32,65,65,91,266,266,362,362,382,135,147,147,147,147,166,186,211,243,343,374,374,374,374,471,471,488,488,26,45,60,93,126,126,152,152,179,190,215,215,215,215,215,215,18,46,46],"floor_reached":55,"playtime":3527,"items_purged":["Doubt"],"score":1233,"play_id":"27c2de0e-b14b-4577-b627-4214a35e97e4","local_time":"20190911172019","is_ascension_mode":true,"campfire_choices":[{"floor":10,"key":"REST"},{"floor":12,"key":"REST"},{"floor":15,"key":"REST"},{"floor":23,"key":"REST"},{"floor":30,"key":"REST"},{"floor":32,"key":"REST"},{"floor":42,"key":"REST"},{"floor":44,"key":"RECALL"},{"floor":49,"key":"REST"},{"data":"Metallicize","floor":52,"key":"SMITH"}],"neow_cost":"NONE","seed_source_timestamp":429755051011500,"circlet_count":0,"master_deck":["Strike_R","Strike_R","Strike_R","Strike_R","Strike_R","Defend_R","Defend_R","Defend_R","Bash","Shrug It Off","Battle Trance","Armaments","Spot Weakness","Reaper","Iron Wave","True Grit","Uppercut","Pummel","Havoc+1","Double Tap+1","Armaments+1","Flex+1","Hemokinesis+1","RitualDagger","Flex+1","Flex+1","Metallicize+1","Infernal Blade+1","Cleave+1","Limit Break+1","Power Through+1","Ghostly Armor+1","Headbutt","Havoc+1","Warcry+1","Seeing Red+1","Double Tap+1","Shrug It Off+1","Perfected Strike+1","Immolate","Flame Barrier+1","Heavy Blade+1","Feed","Battle Trance+1","Corruption+1","Heavy Blade","Berserk","Clash","Perfected Strike+1"],"relics":["Burning Blood","NeowsBlessing","Dead Branch","Happy Flower","Toxic Egg 2","Letter Opener","Kunai","White Beast Statue","Potion Belt","Blood Vial","Torii","Gremlin Horn","Thread and Needle","Centennial Puzzle","Orrery","Brimstone","PreservedInsect","WingedGreaves","Smiling Mask","Pen Nib","Lantern","Omamori","Bronze Scales","Strawberry"],"potions_floor_usage":[5,13,16,24,24,27,27,28,33,40,41,41,54,54,55],"damage_taken":[{"damage":0,"enemies":"2 Louse","floor":1,"turns":1},{"damage":0,"enemies":"Jaw Worm","floor":2,"turns":1},{"damage":0,"enemies":"Cultist","floor":3,"turns":1},{"damage":13,"enemies":"Exordium Wildlife","floor":4,"turns":5},{"damage":5,"enemies":"Gremlin Gang","floor":5,"turns":2},{"damage":36,"enemies":"Gremlin Nob","floor":6,"turns":4},{"damage":30,"enemies":"Lagavulin","floor":11,"turns":7},{"damage":61,"enemies":"Gremlin Nob","floor":13,"turns":6},{"damage":49,"enemies":"The Guardian","floor":16,"turns":12},{"damage":15,"enemies":"Chosen","floor":18,"turns":6},{"damage":9,"enemies":"Shell Parasite","floor":20,"turns":3},{"damage":14,"enemies":"Cultist and Chosen","floor":24,"turns":7},{"damage":38,"enemies":"Centurion and Healer","floor":25,"turns":7},{"damage":37,"enemies":"Slavers","floor":27,"turns":6},{"damage":45,"enemies":"Colosseum Slavers","floor":28,"turns":6},{"damage":28,"enemies":"Colosseum Nobs","floor":28,"turns":4},{"damage":43,"enemies":"Book of Stabbing","floor":29,"turns":5},{"damage":47,"enemies":"Automaton","floor":33,"turns":9},{"damage":0,"enemies":"3 Darklings","floor":35,"turns":4},{"damage":0,"enemies":"3 Shapes","floor":38,"turns":2},{"damage":25,"enemies":"Transient","floor":39,"turns":5},{"damage":44,"enemies":"Reptomancer","floor":40,"turns":3},{"damage":31,"enemies":"Nemesis","floor":41,"turns":5},{"damage":1,"enemies":"Giant Head","floor":45,"turns":2},{"damage":0,"enemies":"Jaw Worm Horde","floor":46,"turns":1},{"damage":4,"enemies":"Nemesis","floor":47,"turns":3},{"damage":21,"enemies":"Donu and Deca","floor":50,"turns":4},{"damage":63,"enemies":"Shield and Spear","floor":54,"turns":3},{"damage":100,"enemies":"The Heart","floor":55,"turns":3}],"seed_played":"-8699109774837049570","potions_obtained":[{"floor":1,"key":"Explosive Potion"},{"floor":3,"key":"EssenceOfSteel"},{"floor":4,"key":"BloodPotion"},{"floor":18,"key":"Explosive Potion"},{"floor":20,"key":"EssenceOfSteel"},{"floor":24,"key":"Explosive Potion"},{"floor":25,"key":"Regen Potion"},{"floor":27,"key":"Ancient Potion"},{"floor":28,"key":"FairyPotion"},{"floor":29,"key":"Dexterity Potion"},{"floor":33,"key":"FairyPotion"},{"floor":35,"key":"SpeedPotion"},{"floor":38,"key":"Block Potion"},{"floor":39,"key":"Swift Potion"},{"floor":40,"key":"AttackPotion"},{"floor":41,"key":"SteroidPotion"},{"floor":45,"key":"FairyPotion"},{"floor":46,"key":"BloodPotion"},{"floor":54,"key":"Strength Potion"}],"is_trial":false,"path_per_floor":["M","M","M","M","M","E","$","?","T","R","E","R","E","?","R","B",null,"M","$","M","?","?","R","M","M","T","E","?","E","R","?","R","B",null,"M","?","$","M","M","E","E","R","T","R","E","M","E","?","R","B",null,"R","$","E","B"],"character_chosen":"IRONCLAD","items_purchased":["Happy Flower","True Grit","Flex+1","Potion Belt","Brimstone","PreservedInsect","BloodPotion","Shrug It Off+1","Bronze Scales","Clash"],"campfire_rested":8,"item_purchase_floors":[7,7,19,19,37,37,37,37,53,53],"current_hp_per_floor":[78,80,80,73,74,44,44,44,44,68,44,68,43,43,67,24,66,57,57,54,48,33,58,55,53,53,41,42,7,32,32,57,18,68,76,76,76,85,66,51,28,53,53,53,60,68,72,72,85,70,81,81,81,54,0],"gold":46,"neow_bonus":"THREE_ENEMY_KILL","is_prod":false,"is_daily":false,"chose_seed":false,"campfire_upgraded":1,"win_rate":0,"timestamp":1568236819,"path_taken":["M","M","M","M","M","E","$","?","T","R","E","R","E","?","R","BOSS","M","$","M","?","?","R","M","M","T","E","?","E","R","?","R","BOSS","M","?","$","M","?","E","E","R","T","R","E","M","E","?","R","BOSS","R","$","E","BOSS"],"build_version":"2019-07-17","purchased_purges":1,"victory":false,"max_hp_per_floor":[80,80,80,80,80,80,80,80,80,80,80,80,80,80,80,80,80,80,80,80,80,85,85,85,85,85,85,85,85,85,85,85,85,85,85,85,85,85,85,85,85,85,85,85,85,85,85,85,85,85,85,85,85,92,92],"card_choices":[{"not_picked":["True Grit","Feel No Pain"],"picked":"Shrug It Off","floor":1},{"not_picked":["Havoc","Wild Strike"],"picked":"Battle Trance","floor":2},{"not_picked":["Body Slam","Second Wind"],"picked":"Armaments","floor":3},{"not_picked":["Battle Trance","Cleave"],"picked":"Spot Weakness","floor":4},{"not_picked":["Whirlwind","Twin Strike"],"picked":"Reaper","floor":5},{"not_picked":["Armaments","Rage"],"picked":"Iron Wave","floor":6},{"not_picked":["Second Wind+1","Wild Strike"],"picked":"Pummel","floor":11},{"not_picked":["Perfected Strike","Brutality"],"picked":"Havoc+1","floor":13},{"not_picked":["Barricade","Fiend Fire"],"picked":"Double Tap+1","floor":16},{"not_picked":["Perfected Strike","Anger+1"],"picked":"Armaments+1","floor":18},{"not_picked":["Cleave","Disarm+1"],"picked":"Hemokinesis+1","floor":20},{"not_picked":["Clothesline","Uppercut+1"],"picked":"Flex+1","floor":24},{"not_picked":["Ghostly Armor+1","Twin Strike"],"picked":"Flex+1","floor":25},{"not_picked":["Pommel Strike","Corruption"],"picked":"Metallicize","floor":27},{"not_picked":["Corruption","Whirlwind"],"picked":"Infernal Blade+1","floor":28},{"not_picked":["Rampage+1","Sever Soul"],"picked":"Cleave+1","floor":29},{"not_picked":["Juggernaut","Berserk"],"picked":"Limit Break+1","floor":33},{"not_picked":["Searing Blow","Pommel Strike"],"picked":"Power Through+1","floor":34},{"not_picked":["Carnage","Uppercut"],"picked":"Ghostly Armor+1","floor":34},{"not_picked":["Entrench+1","Twin Strike"],"picked":"Headbutt","floor":34},{"not_picked":["Perfected Strike+1","Flex+1"],"picked":"Havoc+1","floor":34},{"not_picked":["True Grit+1","Sever Soul"],"picked":"Warcry+1","floor":34},{"not_picked":["Heavy Blade+1","Flex+1"],"picked":"Seeing Red+1","floor":35},{"not_picked":["Pommel Strike","Armaments+1"],"picked":"Perfected Strike+1","floor":38},{"not_picked":["Spot Weakness+1","Entrench+1"],"picked":"Immolate","floor":39},{"not_picked":["Havoc+1","Flex+1"],"picked":"Flame Barrier+1","floor":40},{"not_picked":["Twin Strike+1","Sever Soul+1"],"picked":"Heavy Blade+1","floor":41},{"not_picked":["Battle Trance+1","Body Slam+1"],"picked":"Feed","floor":45},{"not_picked":["True Grit+1","Flex+1"],"picked":"Battle Trance+1","floor":46},{"not_picked":["Fire Breathing","Hemokinesis"],"picked":"Corruption+1","floor":47},{"not_picked":["Rupture","Body Slam+1"],"picked":"Perfected Strike+1","floor":54}],"player_experience":572436,"relics_obtained":[{"floor":6,"key":"Dead Branch"},{"floor":9,"key":"Toxic Egg 2"},{"floor":11,"key":"Letter Opener"},{"floor":13,"key":"Kunai"},{"floor":27,"key":"Blood Vial"},{"floor":28,"key":"Torii"},{"floor":28,"key":"Gremlin Horn"},{"floor":29,"key":"Thread and Needle"},{"floor":40,"key":"WingedGreaves"},{"floor":41,"key":"Smiling Mask"},{"floor":43,"key":"Pen Nib"},{"floor":45,"key":"Lantern"},{"floor":47,"key":"Omamori"},{"floor":54,"key":"Strawberry"}],"event_choices":[{"damage_healed":0,"gold_gain":0,"cards_transformed":["Defend_R"],"player_choice":"Change","damage_taken":0,"max_hp_gain":0,"max_hp_loss":0,"event_name":"Living Wall","floor":8,"gold_loss":0,"cards_obtained":["Uppercut"]},{"damage_healed":0,"gold_gain":175,"player_choice":"AGREE","damage_taken":0,"max_hp_gain":0,"max_hp_loss":0,"event_name":"Liars Game","floor":14,"gold_loss":0,"cards_obtained":["Doubt"]},{"damage_healed":0,"gold_gain":0,"player_choice":"Joined the Cult","damage_taken":6,"max_hp_gain":0,"max_hp_loss":0,"event_name":"Nest","floor":21,"gold_loss":0,"cards_obtained":["RitualDagger"]},{"damage_healed":0,"gold_gain":0,"player_choice":"Shed Blood","damage_taken":20,"max_hp_gain":5,"max_hp_loss":0,"event_name":"Forgotten Altar","floor":22,"gold_loss":0},{"damage_healed":0,"gold_gain":0,"player_choice":"Fight","damage_taken":0,"max_hp_gain":0,"max_hp_loss":0,"event_name":"Colosseum","floor":28,"gold_loss":0},{"damage_healed":0,"gold_gain":0,"player_choice":"Fought Nobs","damage_taken":0,"max_hp_gain":0,"max_hp_loss":0,"event_name":"Colosseum","floor":28,"gold_loss":0},{"damage_healed":0,"gold_gain":0,"player_choice":"Opened","damage_taken":0,"relics_obtained":["Centennial Puzzle"],"max_hp_gain":0,"max_hp_loss":0,"event_name":"The Mausoleum","floor":31,"gold_loss":0},{"damage_healed":0,"gold_gain":0,"player_choice":"Copied","damage_taken":0,"max_hp_gain":0,"max_hp_loss":0,"event_name":"Duplicator","floor":36,"gold_loss":0,"cards_obtained":["Double Tap"]},{"damage_healed":0,"gold_gain":0,"player_choice":"2 cards matched","damage_taken":0,"max_hp_gain":0,"max_hp_loss":0,"event_name":"Match and Keep!","floor":48,"gold_loss":0,"cards_obtained":["Heavy Blade","Berserk"]}],"is_beta":false,"boss_relics":[{"not_picked":["Empty Cage","Astrolabe"],"picked":"White Beast Statue"},{"not_picked":["Velvet Choker","Fusion Hammer"],"picked":"Orrery"}],"items_purged_floors":[19],"is_endless":false,"potions_floor_spawned":[1,3,4,18,20,24,25,27,28,28,29,33,35,38,39,40,41,45,46,47,54],"killed_by":"The Heart","ascension_level":9}