{"gold_per_floor":[109,120,134,150,167,198,274,274,349,363,363,44,69,89,89,191,191,205,216,11,11,31,31,100,135,162,173,173,206,206,34,34,129,129,148,162,174,224,23,54,54,104,130,150,218,218,249,99,99,99,99,99,22,54,54],"floor_reached":55,"playtime":2696,"items_purged":["Pain"],"score":1306,"play_id":"a2609dd6-7532-4532-8c84-bdb6f983ba87","local_time":"20191002224631","is_ascension_mode":true,"campfire_choices":[{"floor":11,"key":"REST"},{"floor":15,"key":"REST"},{"floor":23,"key":"REST"},{"floor":28,"key":"REST"},{"floor":30,"key":"REST"},{"floor":32,"key":"RECALL"},{"floor":41,"key":"REST"},{"floor":46,"key":"REST"},{"floor":49,"key":"REST"},{"floor":52,"key":"REST"}],"neow_cost":"NONE","seed_source_timestamp":1310768205982700,"circlet_count":0,"master_deck":["AscendersBane","Strike_R","Strike_R+1","Strike_R","Strike_R+1","Strike_R","Defend_R","Defend_R","Defend_R","Bash","Bloodletting","Uppercut","Disarm","Infernal Blade","Pummel","Seeing Red","Havoc","Demon Form","Feed","Demon Form","Shockwave","Havoc","Impervious","Uppercut","Feel No Pain","Havoc","Demon Form","Impervious","Havoc","Corruption","Sword Boomerang+1","Ghostly Armor+1"],"relics":["Burning Blood","Happy Flower","Nunchaku","WarpedTongs","Singing Bowl","Meat on the Bone","FossilizedHelix","Philosopher\u0027s Stone","Brimstone","SsserpentHead","Potion Belt","Champion Belt","Lizard Tail","Bag of Marbles","Blood Vial","Whetstone","Molten Egg 2","Dodecahedron"],"potions_floor_usage":[6,13,13,16,19,25,33,35,40,40,44,50,50,55],"damage_taken":[{"damage":3,"enemies":"Jaw Worm","floor":1,"turns":5},{"damage":5,"enemies":"2 Louse","floor":2,"turns":4},{"damage":3,"enemies":"Cultist","floor":3,"turns":3},{"damage":3,"enemies":"Blue Slaver","floor":4,"turns":5},{"damage":7,"enemies":"Red Slaver","floor":5,"turns":3},{"damage":27,"enemies":"Gremlin Nob","floor":6,"turns":4},{"damage":17,"enemies":"Looter","floor":10,"turns":3},{"damage":26,"enemies":"3 Sentries","floor":13,"turns":7},{"damage":4,"enemies":"Lots of Slimes","floor":14,"turns":5},{"damage":65,"enemies":"The Guardian","floor":16,"turns":10},{"damage":49,"enemies":"3 Byrds","floor":18,"turns":5},{"damage":30,"enemies":"Chosen","floor":19,"turns":6},{"damage":12,"enemies":"Centurion and Healer","floor":22,"turns":4},{"damage":16,"enemies":"Snecko","floor":24,"turns":3},{"damage":47,"enemies":"Slavers","floor":25,"turns":4},{"damage":19,"enemies":"3 Cultists","floor":27,"turns":4},{"damage":49,"enemies":"Book of Stabbing","floor":29,"turns":5},{"damage":62,"enemies":"Champ","floor":33,"turns":8},{"damage":46,"enemies":"3 Darklings","floor":35,"turns":5},{"damage":30,"enemies":"3 Shapes","floor":36,"turns":7},{"damage":76,"enemies":"3 Darklings","floor":37,"turns":6},{"damage":55,"enemies":"Nemesis","floor":40,"turns":5},{"damage":7,"enemies":"Transient","floor":44,"turns":5},{"damage":20,"enemies":"4 Shapes","floor":45,"turns":7},{"damage":61,"enemies":"Giant Head","floor":47,"turns":6},{"damage":75,"enemies":"Awakened One","floor":50,"turns":8},{"damage":84,"enemies":"Shield and Spear","floor":54,"turns":6},{"damage":59,"enemies":"The Heart","floor":55,"turns":3}],"seed_played":"7848089872647041549","potions_obtained":[{"floor":1,"key":"Weak Potion"},{"floor":3,"key":"SneckoOil"},{"floor":6,"key":"PowerPotion"},{"floor":13,"key":"Regen Potion"},{"floor":19,"key":"Fruit Juice"},{"floor":24,"key":"EssenceOfSteel"},{"floor":33,"key":"SkillPotion"},{"floor":37,"key":"AttackPotion"},{"floor":40,"key":"GamblersBrew"},{"floor":47,"key":"PowerPotion"},{"floor":54,"key":"SteroidPotion"}],"is_trial":false,"path_per_floor":["M","M","M","M","M","E","?","?","T","M","R","$","E","M","R","B",null,"M","M","$","?","M","R","M","E","T","M","R","E","R","$","R","B",null,"M","M","M","?","$","E","R","?","T","M","M","R","E","$","R","B",null,"R","$","E","B"],"character_chosen":"IRONCLAD","items_purchased":["Demon Form","Meat on the Bone","Brimstone","Feel No Pain","Havoc","BloodPotion","Bag of Marbles","PowerPotion","Sword Boomerang+1","PowerPotion","Ancient Potion"],"campfire_rested":9,"item_purchase_floors":[12,12,20,31,31,31,39,39,48,48,53],"current_hp_per_floor":[75,76,79,80,79,58,58,58,58,47,71,71,51,58,83,51,77,46,41,41,41,52,81,74,50,50,52,84,53,85,85,85,68,98,72,65,68,68,68,33,68,68,68,71,71,107,66,66,102,47,103,121,121,55,0],"gold":54,"neow_bonus":"RANDOM_COMMON_RELIC","is_prod":false,"is_daily":false,"chose_seed":false,"campfire_upgraded":0,"win_rate":0,"timestamp":1570070791,"path_taken":["M","M","M","M","M","E","?","?","T","M","R","$","E","M","R","BOSS","M","M","?","?","M","R","?","E","T","M","R","E","R","$","R","BOSS","M","M","M","?","$","E","R","?","T","M","?","R","E","$","R","BOSS","R","$","E","BOSS"],"build_version":"2019-07-17","purchased_purges":1,"victory":false,"max_hp_per_floor":[80,80,80,80,80,80,80,80,80,80,80,80,80,85,85,85,85,85,92,92,92,97,97,100,105,105,108,108,108,108,108,108,108,108,110,115,117,117,117,119,119,119,119,121,121,121,121,121,121,121,121,121,121,121,121],"card_choices":[{"not_picked":["Warcry","Sever Soul"],"picked":"Bloodletting","floor":1},{"not_picked":["Flex","Clash"],"picked":"Uppercut","floor":2},{"not_picked":["Reckless Charge","Hemokinesis"],"picked":"Disarm","floor":3},{"not_picked":["Wild Strike","Headbutt"],"picked":"Infernal Blade","floor":4},{"not_picked":["Wild Strike","Clothesline"],"picked":"Pummel","floor":5},{"not_picked":["Carnage","Body Slam"],"picked":"Seeing Red","floor":6},{"not_picked":["Anger","Seeing Red"],"picked":"Havoc","floor":10},{"not_picked":["Anger","Infernal Blade"],"picked":"Feed","floor":13},{"not_picked":["Inflame","Bloodletting","Warcry"],"picked":"Singing Bowl","floor":14},{"not_picked":["Limit Break","Juggernaut"],"picked":"Demon Form","floor":16},{"not_picked":["Shrug It Off","Twin Strike+1"],"picked":"Shockwave","floor":18},{"not_picked":["Clothesline","Pommel Strike","Whirlwind"],"picked":"Singing Bowl","floor":19},{"not_picked":["Pommel Strike+1","Searing Blow","Flex+1"],"picked":"Singing Bowl","floor":22},{"not_picked":["Pommel Strike","Anger"],"picked":"Havoc","floor":24},{"not_picked":["Iron Wave","Headbutt","Thunderclap+1"],"picked":"Singing Bowl","floor":25},{"not_picked":["Flame Barrier","Iron Wave"],"picked":"Impervious","floor":27},{"not_picked":["Anger","Iron Wave"],"picked":"Uppercut","floor":29},{"not_picked":["Berserk","Dark Embrace"],"picked":"Demon Form","floor":33},{"not_picked":["Shockwave","Perfected Strike","Clash"],"picked":"Singing Bowl","floor":35},{"not_picked":["Body Slam+1","Shrug It Off","Spot Weakness+1"],"picked":"Singing Bowl","floor":36},{"not_picked":["Body Slam+1","Twin Strike+1","Rupture+1"],"picked":"Singing Bowl","floor":37},{"not_picked":["Sword Boomerang+1","Warcry","Battle Trance"],"picked":"Singing Bowl","floor":40},{"not_picked":["Iron Wave","Shrug It Off","Headbutt"],"picked":"Singing Bowl","floor":44},{"not_picked":["Wild Strike+1","Warcry"],"picked":"Havoc","floor":45},{"not_picked":["Seeing Red","Infernal Blade+1"],"picked":"Corruption","floor":47},{"not_picked":["Carnage+1","Warcry"],"picked":"Ghostly Armor+1","floor":54}],"player_experience":782791,"relics_obtained":[{"floor":6,"key":"Nunchaku"},{"floor":9,"key":"Singing Bowl"},{"floor":13,"key":"FossilizedHelix"},{"floor":25,"key":"Potion Belt"},{"floor":29,"key":"Champion Belt"},{"floor":40,"key":"Blood Vial"},{"floor":43,"key":"Whetstone"},{"floor":47,"key":"Molten Egg 2"},{"floor":54,"key":"Dodecahedron"}],"event_choices":[{"damage_healed":0,"gold_gain":76,"player_choice":"Gained Gold","damage_taken":0,"max_hp_gain":0,"max_hp_loss":0,"event_name":"Golden Wing","floor":7,"gold_loss":0},{"damage_healed":0,"gold_gain":0,"player_choice":"Rummage","damage_taken":0,"relics_obtained":["WarpedTongs"],"max_hp_gain":0,"max_hp_loss":0,"event_name":"Accursed Blacksmith","floor":8,"gold_loss":0,"cards_obtained":["Pain"]},{"damage_healed":0,"gold_gain":0,"player_choice":"Trade","damage_taken":0,"relics_obtained":["SsserpentHead"],"max_hp_gain":0,"max_hp_loss":0,"event_name":"FaceTrader","floor":21,"gold_loss":0},{"cards_removed":["Defend_R"],"damage_healed":0,"gold_gain":0,"player_choice":"Removed Skill","damage_taken":0,"max_hp_gain":0,"max_hp_loss":0,"event_name":"Falling","floor":38,"gold_loss":0},{"damage_healed":0,"gold_gain":0,"player_choice":"Copied","damage_taken":0,"max_hp_gain":0,"max_hp_loss":0,"event_name":"Duplicator","floor":42,"gold_loss":0,"cards_obtained":["Impervious"]}],"is_beta":false,"boss_relics":[{"not_picked":["Eternal Feather","White Beast Statue"],"picked":"Philosopher\u0027s Stone"},{"not_picked":["Coffee Dripper","Pandora\u0027s Box"],"picked":"Lizard Tail"}],"items_purged_floors":[48],"is_endless":false,"potions_floor_spawned":[1,3,6,13,19,24,33,37,40,47,54],"killed_by":"The Heart","ascension_level":12}