{"gold_per_floor":[112,122,122,137,151,151,180,180,180,193,206,206,225,250,250,354,354,367,367,382,382,382,411,411,421,421,421,451,466,481,481,481,578,578,591,691,744,760,554,554,579,579,579,579,579,579,592,602,602,602],"floor_reached":50,"playtime":3255,"items_purged":["Defend_R"],"score":793,"play_id":"23a18b8f-fea9-4383-a5c9-9102d10484c1","local_time":"20191001141245","is_ascension_mode":true,"campfire_choices":[{"data":"Apotheosis","floor":6,"key":"SMITH"},{"data":"Battle Trance","floor":8,"key":"SMITH"},{"data":"Warcry","floor":12,"key":"SMITH"},{"data":"Seeing Red","floor":15,"key":"SMITH"},{"data":"Pommel Strike","floor":24,"key":"SMITH"},{"data":"Fire Breathing","floor":27,"key":"SMITH"},{"data":"Body Slam","floor":32,"key":"SMITH"},{"data":"Pommel Strike","floor":40,"key":"SMITH"},{"data":"Shrug It Off","floor":42,"key":"SMITH"},{"data":"Shrug It Off","floor":44,"key":"SMITH"},{"data":"Magnetism","floor":46,"key":"SMITH"},{"data":"Demon Form","floor":49,"key":"SMITH"}],"neow_cost":"PERCENT_DAMAGE","seed_source_timestamp":1042145476305100,"circlet_count":0,"master_deck":["AscendersBane","Bash","Swift Strike","Apotheosis+1","Warcry+1","Body Slam+1","Seeing Red+1","Battle Trance+1","Fire Breathing+1","Demon Form+1","Impervious","Bite","Bite","Bite","Bite","Bite","Pommel Strike+1","Uppercut+1","Cleave+1","Dropkick+1","Shrug It Off+1","Flash of Steel","Pommel Strike+1","Shrug It Off+1","Magnetism+1","Flame Barrier"],"relics":["Burning Blood","Mummified Hand","The Courier","Odd Mushroom","Busted Crown","Matryoshka","Smiling Mask","Blue Candle","Potion Belt","MutagenicStrength","Astrolabe","Bird Faced Urn","Charon\u0027s Ashes","Pantograph","Letter Opener","Sundial"],"potions_floor_usage":[16,20,29,33,38,50,50,50,50],"damage_taken":[{"damage":8,"enemies":"2 Louse","floor":1,"turns":2},{"damage":0,"enemies":"Cultist","floor":2,"turns":3},{"damage":7,"enemies":"Jaw Worm","floor":4,"turns":4},{"damage":9,"enemies":"Gremlin Gang","floor":5,"turns":7},{"damage":20,"enemies":"3 Sentries","floor":7,"turns":8},{"damage":0,"enemies":"Large Slime","floor":10,"turns":5},{"damage":0,"enemies":"Blue Slaver","floor":11,"turns":3},{"damage":0,"enemies":"Exordium Wildlife","floor":13,"turns":2},{"damage":12,"enemies":"The Mushroom Lair","floor":14,"turns":3},{"damage":6,"enemies":"Slime Boss","floor":16,"turns":7},{"damage":13,"enemies":"Spheric Guardian","floor":18,"turns":4},{"damage":11,"enemies":"Shell Parasite","floor":20,"turns":5},{"damage":48,"enemies":"Gremlin Leader","floor":23,"turns":6},{"damage":15,"enemies":"Centurion and Healer","floor":25,"turns":4},{"damage":46,"enemies":"Slavers","floor":28,"turns":6},{"damage":27,"enemies":"Chosen and Byrds","floor":29,"turns":5},{"damage":20,"enemies":"3 Cultists","floor":30,"turns":6},{"damage":62,"enemies":"Champ","floor":33,"turns":9},{"damage":29,"enemies":"3 Darklings","floor":35,"turns":6},{"damage":12,"enemies":"Mind Bloom Boss Battle","floor":36,"turns":5},{"damage":60,"enemies":"2 Orb Walkers","floor":37,"turns":5},{"damage":17,"enemies":"3 Shapes","floor":38,"turns":3},{"damage":13,"enemies":"Nemesis","floor":41,"turns":6},{"damage":0,"enemies":"Transient","floor":47,"turns":5},{"damage":10,"enemies":"Sphere and 2 Shapes","floor":48,"turns":2},{"damage":92,"enemies":"Time Eater","floor":50,"turns":8}],"seed_played":"-7330213044560516216","potions_obtained":[{"floor":5,"key":"FearPotion"},{"floor":7,"key":"Energy Potion"},{"floor":11,"key":"FearPotion"},{"floor":14,"key":"SneckoOil"},{"floor":28,"key":"EssenceOfSteel"},{"floor":30,"key":"BloodPotion"},{"floor":33,"key":"Explosive Potion"},{"floor":35,"key":"Poison Potion"},{"floor":36,"key":"SteroidPotion"},{"floor":48,"key":"Energy Potion"}],"is_trial":false,"path_per_floor":["M","M","?","M","M","R","E","R","T","M","M","R","M","?","R","B",null,"M","?","M","?","?","E","R","M","T","R","E","M","M","?","R","B",null,"M","?","?","M","$","R","E","R","T","R","?","R","M","M","R","B"],"character_chosen":"IRONCLAD","items_purchased":["Shrug It Off","Flash of Steel","Pommel Strike","Shrug It Off"],"campfire_rested":0,"item_purchase_floors":[39,39,39,39],"current_hp_per_floor":[49,55,55,54,51,51,37,37,37,43,49,49,55,49,49,49,72,65,65,60,56,56,35,35,40,40,40,27,24,26,26,26,13,45,44,55,20,36,36,36,56,56,56,56,46,46,56,56,56,0],"gold":602,"neow_bonus":"RANDOM_COLORLESS_2","is_prod":false,"is_daily":false,"chose_seed":false,"campfire_upgraded":12,"win_rate":0,"timestamp":1569935565,"path_taken":["M","M","?","?","M","R","E","R","T","M","?","R","M","?","R","BOSS","M","?","?","?","?","E","R","M","T","R","E","M","?","?","R","BOSS","M","?","?","M","$","R","E","R","T","R","?","R","M","?","R","BOSS"],"build_version":"2019-07-17","purchased_purges":1,"victory":false,"max_hp_per_floor":[80,80,80,80,80,80,80,80,80,80,80,80,80,80,80,80,80,80,80,80,56,56,56,56,56,56,56,56,56,56,56,56,56,56,56,56,56,56,56,56,56,56,56,56,56,56,56,56,56,56],"card_choices":[{"not_picked":["Wild Strike","Dual Wield"],"picked":"Warcry","floor":1},{"not_picked":["Thunderclap","Wild Strike","Twin Strike"],"picked":"SKIP","floor":2},{"not_picked":["Iron Wave","Perfected Strike"],"picked":"Body Slam","floor":4},{"not_picked":["Warcry","Twin Strike"],"picked":"Seeing Red","floor":5},{"not_picked":["Dropkick","Rage"],"picked":"Battle Trance","floor":7},{"not_picked":["Wild Strike","Inflame"],"picked":"Fire Breathing","floor":10},{"not_picked":["Corruption","Iron Wave","Blood for Blood"],"picked":"SKIP","floor":11},{"not_picked":["Shrug It Off","Headbutt"],"picked":"Demon Form","floor":13},{"not_picked":["Demon Form","Exhume"],"picked":"Impervious","floor":16},{"not_picked":["Wild Strike"],"picked":"SKIP","floor":18},{"not_picked":["Headbutt+1"],"picked":"SKIP","floor":20},{"not_picked":["Perfected Strike"],"picked":"SKIP","floor":23},{"not_picked":["Armaments+1"],"picked":"SKIP","floor":25},{"not_picked":["Ghostly Armor+1"],"picked":"SKIP","floor":28},{"not_picked":["Sword Boomerang"],"picked":"SKIP","floor":29},{"not_picked":["Iron Wave"],"picked":"SKIP","floor":30},{"not_picked":["Headbutt"],"picked":"SKIP","floor":35},{"not_picked":["Twin Strike+1"],"picked":"SKIP","floor":38},{"not_picked":["True Grit"],"picked":"SKIP","floor":41},{"not_picked":[],"picked":"Magnetism","floor":45},{"not_picked":["Reckless Charge"],"picked":"SKIP","floor":47},{"not_picked":[],"picked":"Flame Barrier","floor":48}],"player_experience":214982,"relics_obtained":[{"floor":7,"key":"Mummified Hand"},{"floor":9,"key":"The Courier"},{"floor":14,"key":"Odd Mushroom"},{"floor":23,"key":"Matryoshka"},{"floor":26,"key":"Smiling Mask"},{"floor":26,"key":"Blue Candle"},{"floor":28,"key":"Potion Belt"},{"floor":36,"key":"Bird Faced Urn"},{"floor":37,"key":"Charon\u0027s Ashes"},{"floor":41,"key":"Pantograph"},{"floor":43,"key":"Letter Opener"},{"floor":43,"key":"Sundial"}],"event_choices":[{"cards_removed":["Strike_R"],"damage_healed":0,"gold_gain":0,"player_choice":"Purged","damage_taken":0,"max_hp_gain":0,"max_hp_loss":0,"event_name":"Purifier","floor":3,"gold_loss":0},{"damage_healed":0,"gold_gain":0,"player_choice":"Fought Mushrooms","damage_taken":0,"max_hp_gain":0,"max_hp_loss":0,"event_name":"Mushrooms","floor":14,"gold_loss":0},{"damage_healed":0,"gold_gain":0,"player_choice":"Ignored","damage_taken":0,"max_hp_gain":0,"max_hp_loss":0,"event_name":"N\u0027loth","floor":19,"gold_loss":0},{"damage_healed":0,"gold_gain":0,"player_choice":"Became a vampire","damage_taken":0,"max_hp_gain":0,"max_hp_loss":24,"event_name":"Vampires","floor":21,"gold_loss":0,"cards_obtained":["Bite","Bite","Bite","Bite","Bite"]},{"damage_healed":0,"gold_gain":0,"player_choice":"Read","damage_taken":0,"max_hp_gain":0,"max_hp_loss":0,"event_name":"The Library","floor":22,"gold_loss":0,"cards_obtained":["Pommel Strike"]},{"damage_healed":0,"gold_gain":0,"player_choice":"Inject Mutagens","damage_taken":0,"relics_obtained":["MutagenicStrength"],"max_hp_gain":0,"max_hp_loss":0,"event_name":"Drug Dealer","floor":31,"gold_loss":0},{"damage_healed":0,"gold_gain":0,"player_choice":"Fight","damage_taken":0,"max_hp_gain":0,"max_hp_loss":0,"event_name":"MindBloom","floor":36,"gold_loss":0},{"damage_healed":0,"gold_gain":0,"player_choice":"Fight","damage_taken":0,"max_hp_gain":0,"max_hp_loss":0,"event_name":"Mysterious Sphere","floor":37,"gold_loss":0},{"damage_healed":0,"gold_gain":0,"player_choice":"Memory 3","damage_taken":10,"max_hp_gain":0,"max_hp_loss":0,"event_name":"SensoryStone","floor":45,"gold_loss":0}],"is_beta":false,"boss_relics":[{"not_picked":["Ectoplasm","White Beast Statue"],"picked":"Busted Crown"},{"not_picked":["Mark of Pain","Calling Bell"],"picked":"Astrolabe"}],"items_purged_floors":[39],"is_endless":false,"potions_floor_spawned":[5,7,11,14,28,30,33,35,36,48],"killed_by":"Time Eater","ascension_level":10}