{"gold_per_floor":[109,128,146,165,179,213,213,228,278,308,308,19,52,71,71,176,176,188,205,205,205,217,217,249,70,70,105,123,123,157,167,167,167],"floor_reached":33,"playtime":3762,"items_purged":[],"score":397,"play_id":"dcfbff7a-803b-4e37-aebb-f28524ac8af9","local_time":"20181225233236","is_ascension_mode":true,"campfire_choices":[{"data":"Noxious Fumes","floor":7.0,"key":"SMITH"},{"data":"Malaise","floor":11.0,"key":"SMITH"},{"data":"Distraction","floor":15,"key":"SMITH"},{"data":"Footwork","floor":23,"key":"SMITH"},{"floor":29,"key":"REST"},{"data":"Glass Knife","floor":32,"key":"SMITH"}],"neow_cost":"NONE","seed_source_timestamp":0,"circlet_count":0,"master_deck":["Defend_G+1","Defend_G+1","Defend_G+1","Defend_G+1","Strike_G+1","Strike_G+1","Strike_G+1","Survivor","Neutralize","Malaise+1","Reflex","Dagger Spray","Deflect","Noxious Fumes+1","Sucker Punch","Calculated Gamble","Choke","Dagger Throw","Footwork+1","Poisoned Stab","Dodge and Roll","Distraction+1","Corpse Explosion","Leg Sweep+1","Heel Hook+1","Well Laid Plans+1","Flying Knee","Bouncing Flask+1","Backstab","Catalyst","Panache","Bane","Footwork","Glass Knife+1","Prepared+1"],"special_seed":0,"relics":["Ring of the Snake","Turnip","Centennial Puzzle","Lee\u0027s Waffle","Mummified Hand","Astrolabe","FaceOfCleric","Pen Nib","Darkstone Periapt","Toxic Egg 2","Omamori"],"potions_floor_usage":[16,16,24,30,33,33],"damage_taken":[{"damage":1.0,"enemies":"2 Louse","floor":1.0,"turns":4.0},{"damage":5.0,"enemies":"Jaw Worm","floor":2.0,"turns":6.0},{"damage":1.0,"enemies":"Cultist","floor":3.0,"turns":3.0},{"damage":1.0,"enemies":"Looter","floor":4.0,"turns":5.0},{"damage":1.0,"enemies":"Blue Slaver","floor":5.0,"turns":5.0},{"damage":22.0,"enemies":"3 Sentries","floor":6.0,"turns":8.0},{"damage":3.0,"enemies":"Red Slaver","floor":8.0,"turns":5.0},{"damage":11.0,"enemies":"Lagavulin","floor":10.0,"turns":8.0},{"damage":12.0,"enemies":"3 Sentries","floor":13.0,"turns":7.0},{"damage":7,"enemies":"3 Louse","floor":14,"turns":2},{"damage":34,"enemies":"The Guardian","floor":16,"turns":9},{"damage":6,"enemies":"Spheric Guardian","floor":18,"turns":6},{"damage":0,"enemies":"3 Byrds","floor":19,"turns":3},{"damage":3,"enemies":"Snake Plant","floor":22,"turns":5},{"damage":11,"enemies":"Gremlin Leader","floor":24,"turns":6},{"damage":35,"enemies":"Slavers","floor":27,"turns":5},{"damage":12,"enemies":"Chosen and Byrds","floor":28,"turns":5},{"damage":0,"enemies":"Gremlin Leader","floor":30,"turns":7},{"damage":1,"enemies":"Centurion and Healer","floor":31,"turns":5},{"damage":43,"enemies":"Automaton","floor":33,"turns":6}],"seed_played":"-1989236158891387566","potions_obtained":[{"floor":3.0,"key":"AttackPotion"},{"floor":5.0,"key":"GhostInAJar"},{"floor":13,"key":"Energy Potion"},{"floor":19,"key":"AttackPotion"},{"floor":24,"key":"FearPotion"},{"floor":31,"key":"GamblersBrew"}],"is_trial":false,"path_per_floor":["M","M","M","M","M","E","R","M","T","E","R","$","E","E","M","R","B",null,"M","M","?","?","M","R","E","$","T","E","M","R","E","M","R","B"],"character_chosen":"THE_SILENT","items_purchased":["Lee\u0027s Waffle","Footwork","Poisoned Stab","Panache"],"campfire_rested":1,"item_purchase_floors":[12,12,12,25],"current_hp_per_floor":[69,64,63,62,61,39,39,36,36,25,25,77,65,58,58,24,77,71,71,71,71,69,69,59,59,59,25,14,38,39,39,39,0],"gold":167,"neow_bonus":"ONE_RANDOM_RARE_CARD","is_prod":false,"is_daily":false,"chose_seed":false,"campfire_upgraded":5,"win_rate":0,"timestamp":1545798756,"path_taken":["M","M","M","M","M","E","R","M","T","E","R","$","E","M","R","BOSS","M","M","?","?","M","R","E","$","T","E","?","R","E","M","R","BOSS"],"build_version":"2018-12-20","purchased_purges":0,"victory":false,"max_hp_per_floor":[70,70,70,70,70,70,70,70,70,70,70,77,77,77,77,77,77,77,77,77,77,78,78,79,79,79,80,81,81,82,83,83,83],"card_choices":[{"not_picked":["Backflip","Endless Agony"],"picked":"Reflex","floor":1.0},{"not_picked":["Backflip","Acrobatics"],"picked":"Dagger Spray","floor":2.0},{"not_picked":["Endless Agony","Flechettes"],"picked":"Deflect","floor":3.0},{"not_picked":["Caltrops","Deflect"],"picked":"Noxious Fumes","floor":4.0},{"not_picked":["Deflect","Expertise"],"picked":"Sucker Punch","floor":5.0},{"not_picked":["Phantasmal Killer","Flechettes"],"picked":"Calculated Gamble","floor":6.0},{"not_picked":["Reflex","Backflip"],"picked":"Choke","floor":8.0},{"not_picked":["Dash","Finisher"],"picked":"Dagger Throw","floor":10.0},{"not_picked":["Riddle With Holes","Calculated Gamble"],"picked":"Dodge and Roll","floor":13},{"not_picked":["Reflex","Deflect"],"picked":"Distraction","floor":14},{"not_picked":["Burst","Glass Knife"],"picked":"Corpse Explosion","floor":16},{"not_picked":["Choke","Endless Agony"],"picked":"Flying Knee","floor":18},{"not_picked":["Dagger Spray","Deadly Poison"],"picked":"Bouncing Flask+1","floor":19},{"not_picked":["Flechettes","Outmaneuver"],"picked":"Backstab","floor":22},{"not_picked":["Finisher","Dash+1"],"picked":"Catalyst","floor":24},{"not_picked":["Dagger Spray","Riddle With Holes+1"],"picked":"Bane","floor":27},{"not_picked":["All Out Attack","Dodge and Roll+1"],"picked":"Footwork","floor":28},{"not_picked":["Skewer","Outmaneuver+1"],"picked":"Glass Knife","floor":30},{"not_picked":["Flying Knee+1","Terror+1"],"picked":"Prepared+1","floor":31}],"player_experience":153562,"relics_obtained":[{"floor":6.0,"key":"Turnip"},{"floor":10.0,"key":"Centennial Puzzle"},{"floor":13,"key":"Mummified Hand"},{"floor":24,"key":"Pen Nib"},{"floor":26,"key":"Darkstone Periapt"},{"floor":27,"key":"Toxic Egg 2"},{"floor":30,"key":"Omamori"}],"event_choices":[{"damage_healed":0,"gold_gain":0,"player_choice":"Simplicity","damage_taken":0,"max_hp_gain":0,"max_hp_loss":0,"event_name":"Back to Basics","floor":20,"gold_loss":0,"cards_upgraded":["Defend_G","Defend_G","Defend_G","Defend_G","Strike_G","Strike_G","Strike_G"]},{"damage_healed":0,"gold_gain":0,"player_choice":"Trade","damage_taken":0,"relics_obtained":["FaceOfCleric"],"max_hp_gain":0,"max_hp_loss":0,"event_name":"FaceTrader","floor":21,"gold_loss":0}],"is_beta":false,"boss_relics":[{"not_picked":["Eternal Feather","Calling Bell"],"picked":"Astrolabe"}],"items_purged_floors":[],"is_endless":false,"potions_floor_spawned":[3,5,13,14,19,24,31],"killed_by":"Automaton","ascension_level":1}