{"gold_per_floor":[116,126,126,139,64,64,120,150,150,164,164,178,207,218,218,218],"floor_reached":16,"playtime":903,"items_purged":["Strike_B"],"score":137,"play_id":"3b9ce118-ea05-4f6b-9b03-c7140404e364","local_time":"20181126205201","is_ascension_mode":false,"campfire_choices":[{"data":"Zap","floor":6,"key":"SMITH"},{"floor":15,"key":"RECALL"}],"neow_cost":"NONE","seed_source_timestamp":6692628765549,"circlet_count":0,"master_deck":["Strike_B","Strike_B+1","Defend_B","Defend_B","Defend_B","Defend_B+1","Zap+1","Dualcast","Ball Lightning","Go for the Eyes","Ball Lightning","Double Energy","Fusion","Conserve Battery","Hologram","Ball Lightning","Recycle"],"relics":["Cracked Core","Darkstone Periapt","Boot","Bottled Lightning","Strawberry"],"potions_floor_usage":[7,10,13,13,16],"damage_taken":[{"damage":0,"enemies":"2 Louse","floor":1,"turns":2},{"damage":2,"enemies":"Small Slimes","floor":2,"turns":2},{"damage":0,"enemies":"Jaw Worm","floor":4,"turns":2},{"damage":10,"enemies":"Gremlin Nob","floor":7,"turns":3},{"damage":19,"enemies":"3 Sentries","floor":8,"turns":6},{"damage":8,"enemies":"Large Slime","floor":10,"turns":4},{"damage":1,"enemies":"Lots of Slimes","floor":12,"turns":3},{"damage":0,"enemies":"Gremlin Nob","floor":13,"turns":2},{"damage":0,"enemies":"Exordium Thugs","floor":14,"turns":3},{"damage":48,"enemies":"The Guardian","floor":16,"turns":6}],"seed_played":"4699834699869568765","potions_obtained":[{"floor":2,"key":"FearPotion"},{"floor":8,"key":"GamblersBrew"},{"floor":10,"key":"GamblersBrew"},{"floor":12,"key":"Poison Potion"},{"floor":13,"key":"Regen Potion"}],"is_trial":false,"path_per_floor":["M","M","?","M","$","R","?","E","T","M","?","M","E","M","R","B"],"character_chosen":"DEFECT","items_purchased":[],"campfire_rested":0,"item_purchase_floors":[],"current_hp_per_floor":[82,80,64,64,64,64,54,35,35,27,27,26,33,33,33,0],"gold":218,"neow_bonus":"TEN_PERCENT_HP_BONUS","is_prod":false,"is_daily":false,"chose_seed":false,"campfire_upgraded":1,"win_rate":0,"timestamp":1543265521,"path_taken":["M","M","?","M","$","R","?","E","T","M","?","M","E","M","R","BOSS"],"build_version":"2018-11-15","purchased_purges":1,"victory":false,"max_hp_per_floor":[82,82,82,82,82,82,82,82,82,82,82,82,89,89,89,89],"card_choices":[{"not_picked":["Steam","Consume"],"picked":"Ball Lightning","floor":1},{"not_picked":["Blizzard","Cold Snap"],"picked":"Go for the Eyes","floor":2},{"not_picked":["Heatsinks","Hologram"],"picked":"Ball Lightning","floor":4},{"not_picked":["Ball Lightning","All For One"],"picked":"Double Energy","floor":7},{"not_picked":["Steam Power","Cold Snap"],"picked":"Fusion","floor":8},{"not_picked":["Streamline","Consume"],"picked":"Conserve Battery","floor":10},{"not_picked":["Force Field","Consume"],"picked":"Hologram","floor":12},{"not_picked":["Go for the Eyes","Hologram"],"picked":"Ball Lightning","floor":13},{"not_picked":["Stack","Compile Driver"],"picked":"Recycle","floor":14}],"player_experience":143616,"relics_obtained":[{"floor":7,"key":"Darkstone Periapt"},{"floor":8,"key":"Boot"},{"floor":9,"key":"Bottled Lightning"},{"floor":13,"key":"Strawberry"}],"event_choices":[{"damage_healed":0,"gold_gain":0,"player_choice":"Entered Light","damage_taken":16,"max_hp_gain":0,"max_hp_loss":0,"event_name":"Shining Light","floor":3,"gold_loss":0,"cards_upgraded":["Defend_B","Strike_B"]},{"damage_healed":0,"gold_gain":30,"player_choice":"Searched \u00273\u0027 times","damage_taken":0,"max_hp_gain":0,"max_hp_loss":0,"event_name":"Dead Adventurer","floor":7,"gold_loss":0},{"cards_removed":["Strike_B"],"damage_healed":0,"gold_gain":0,"player_choice":"Forget","damage_taken":0,"max_hp_gain":0,"max_hp_loss":0,"event_name":"Living Wall","floor":11,"gold_loss":0}],"is_beta":true,"boss_relics":[],"items_purged_floors":[5],"is_endless":false,"potions_floor_spawned":[2,8,10,12,13],"killed_by":"The Guardian","ascension_level":0}