{"gold_per_floor":[116,116,129,204,224,224,241,266,293,4,18,32,32,60,60,164,164,164],"floor_reached":18,"playtime":1390,"items_purged":[],"score":232,"play_id":"f670d130-234e-42a0-9141-f5b59532d4c6","local_time":"20190914110618","is_ascension_mode":true,"campfire_choices":[{"floor":6.0,"key":"REST"},{"floor":13.0,"key":"REST"},{"floor":15.0,"key":"REST"}],"neow_cost":"NONE","seed_source_timestamp":0,"circlet_count":0,"master_deck":["Strike_G","Strike_G","Strike_G+1","Strike_G","Strike_G","Defend_G+1","Defend_G","Defend_G","Defend_G","Defend_G","Survivor","Neutralize","Flying Knee","Blur","Sucker Punch","Prepared","Setup","Infinite Blades","Prepared","Corpse Explosion","Envenom"],"special_seed":0,"relics":["Ring of the Snake","Juzu Bracelet","Pen Nib","Happy Flower","Mango","Bag of Preparation","Black Star"],"potions_floor_usage":[],"damage_taken":[{"damage":1.0,"enemies":"Cultist","floor":1.0,"turns":4.0},{"damage":1.0,"enemies":"2 Louse","floor":3.0,"turns":2.0},{"damage":4.0,"enemies":"Jaw Worm","floor":5.0,"turns":6.0},{"damage":0.0,"enemies":"Exordium Wildlife","floor":7.0,"turns":4.0},{"damage":30.0,"enemies":"3 Sentries","floor":8.0,"turns":15.0},{"damage":10.0,"enemies":"Gremlin Gang","floor":11.0,"turns":6.0},{"damage":3.0,"enemies":"Lots of Slimes","floor":12.0,"turns":4.0},{"damage":15.0,"enemies":"Lagavulin","floor":14.0,"turns":7.0},{"damage":53.0,"enemies":"Hexaghost","floor":16.0,"turns":15.0},{"damage":70,"enemies":"Spheric Guardian","floor":18,"turns":9}],"seed_played":"6644445956763327133","potions_obtained":[{"floor":1.0,"key":"GhostInAJar"},{"floor":5.0,"key":"Dexterity Potion"},{"floor":7.0,"key":"PowerPotion"}],"is_trial":false,"path_per_floor":["M","?","M","?","M","R","M","E","T","$","M","M","R","E","R","B",null,"M"],"character_chosen":"THE_SILENT","items_purchased":["Mango"],"campfire_rested":3,"item_purchase_floors":[10],"current_hp_per_floor":[62,48,47,36,32,53,53,23,23,37,27,24,49,34,59,6,65,0],"gold":164,"neow_bonus":"RANDOM_COMMON_RELIC","is_prod":false,"is_daily":false,"chose_seed":false,"campfire_upgraded":0,"win_rate":0,"timestamp":1568473578,"path_taken":["M","?","M","?","M","R","M","E","T","$","M","M","R","E","R","BOSS","M"],"build_version":"2019-07-17","purchased_purges":0,"victory":false,"max_hp_per_floor":[70,70,70,70,70,70,70,70,70,84,84,84,84,84,84,84,84,84],"card_choices":[{"not_picked":["Concentrate","Outmaneuver"],"picked":"Flying Knee","floor":1.0},{"not_picked":["Concentrate","Prepared"],"picked":"Blur","floor":3.0},{"not_picked":["Prepared","Underhanded Strike"],"picked":"Sucker Punch","floor":5.0},{"not_picked":["Flying Knee","Poisoned Stab"],"picked":"Prepared","floor":7.0},{"not_picked":["Dagger Spray","Terror"],"picked":"Setup","floor":8.0},{"not_picked":["Finisher","Predator"],"picked":"Infinite Blades","floor":11.0},{"not_picked":["Eviscerate","Bane"],"picked":"Prepared","floor":12.0},{"not_picked":["Phantasmal Killer","Dagger Spray"],"picked":"Corpse Explosion","floor":14.0},{"not_picked":["Malaise","Burst"],"picked":"Envenom","floor":16.0}],"player_experience":595808,"relics_obtained":[{"floor":8.0,"key":"Pen Nib"},{"floor":9.0,"key":"Happy Flower"},{"floor":14.0,"key":"Bag of Preparation"}],"event_choices":[{"damage_healed":0.0,"max_hp_gain":0.0,"max_hp_loss":0.0,"gold_gain":0.0,"event_name":"Shining Light","player_choice":"Entered Light","floor":2.0,"gold_loss":0.0,"damage_taken":14.0,"cards_upgraded":["Defend_G","Strike_G"]},{"damage_healed":0.0,"max_hp_gain":0.0,"max_hp_loss":0.0,"gold_gain":75.0,"event_name":"World of Goop","player_choice":"Gather Gold","floor":4.0,"gold_loss":0.0,"damage_taken":11.0}],"is_beta":false,"boss_relics":[{"not_picked":["Coffee Dripper","Runic Pyramid"],"picked":"Black Star"}],"items_purged_floors":[],"is_endless":false,"potions_floor_spawned":[1,5,7],"killed_by":"Spheric Guardian","ascension_level":7}