{"gold_per_floor":[117,137,154,154,169,169,187,187,187,187,187,214,214,228,228,299,299,316,326,326,151,151,151,167,167,167,192,202,236,236,256,256,333,333,352,223,238,256,304,334,334,346,371,371,371,383,383,417,417,417],"floor_reached":51,"playtime":7411,"items_purged":["Writhe","Strike_G"],"score":1457,"play_id":"f0a317f0-ba0e-447e-9af4-77cfbb37610e","local_time":"20191006021229","is_ascension_mode":true,"campfire_choices":[{"data":"Poisoned Stab","floor":6.0,"key":"SMITH"},{"floor":8.0,"key":"REST"},{"floor":13.0,"key":"REST"},{"data":"Neutralize","floor":15.0,"key":"SMITH"},{"data":"Well Laid Plans","floor":23.0,"key":"SMITH"},{"floor":25.0,"key":"REST"},{"data":"PiercingWail","floor":30.0,"key":"SMITH"},{"data":"Escape Plan","floor":32.0,"key":"SMITH"},{"data":"Survivor","floor":41.0,"key":"SMITH"},{"data":"After Image","floor":45.0,"key":"SMITH"},{"data":"Defend_G","floor":47.0,"key":"SMITH"},{"floor":49,"key":"REST"}],"neow_cost":"NONE","seed_source_timestamp":15668797954694,"circlet_count":0,"master_deck":["AscendersBane","Strike_G","Strike_G","Defend_G+1","Defend_G","Defend_G","Defend_G","Defend_G","Survivor+1","Neutralize+1","PiercingWail+1","Poisoned Stab+1","Escape Plan+1","Well Laid Plans+1","Crippling Poison+1","Deadly Poison+1","Doppelganger+1","Prepared+1","Prepared+1","Crippling Poison+1","Corpse Explosion+1","Night Terror+1","Acrobatics+1","Escape Plan+1","Escape Plan+1","After Image+1","Acrobatics+1","Dodge and Roll+1","Dodge and Roll+1","Backflip+1","Catalyst+1"],"special_seed":0,"relics":["Ring of the Snake","Pocketwatch","Bottled Tornado","Toxic Egg 2","Philosopher\u0027s Stone","Potion Belt","Question Card","Art of War","Oddly Smooth Stone","Eternal Feather","Blood Vial","Unceasing Top","Pen Nib","Bottled Lightning"],"potions_floor_usage":[48],"damage_taken":[{"damage":0.0,"enemies":"2 Louse","floor":1.0,"turns":3.0},{"damage":1.0,"enemies":"Small Slimes","floor":2.0,"turns":5.0},{"damage":1.0,"enemies":"Jaw Worm","floor":3.0,"turns":5.0},{"damage":6.0,"enemies":"Gremlin Gang","floor":5.0,"turns":8.0},{"damage":16.0,"enemies":"Large Slime","floor":7.0,"turns":10.0},{"damage":16.0,"enemies":"3 Sentries","floor":12.0,"turns":10.0},{"damage":0.0,"enemies":"2 Fungi Beasts","floor":14.0,"turns":3.0},{"damage":4.0,"enemies":"Hexaghost","floor":16.0,"turns":8.0},{"damage":0.0,"enemies":"Chosen","floor":18.0,"turns":5.0},{"damage":6.0,"enemies":"2 Thieves","floor":19.0,"turns":4.0},{"damage":4.0,"enemies":"Snake Plant","floor":24.0,"turns":4.0},{"damage":13.0,"enemies":"Slavers","floor":27.0,"turns":3.0},{"damage":0.0,"enemies":"3 Cultists","floor":28.0,"turns":3.0},{"damage":0.0,"enemies":"Gremlin Leader","floor":29.0,"turns":5.0},{"damage":3.0,"enemies":"Centurion and Healer","floor":31.0,"turns":5.0},{"damage":27.0,"enemies":"Automaton","floor":33.0,"turns":8.0},{"damage":0.0,"enemies":"Orb Walker","floor":35.0,"turns":4.0},{"damage":10.0,"enemies":"3 Shapes","floor":37.0,"turns":4.0},{"damage":15.0,"enemies":"Jaw Worm Horde","floor":38.0,"turns":4.0},{"damage":1.0,"enemies":"Giant Head","floor":40.0,"turns":8.0},{"damage":5.0,"enemies":"Spire Growth","floor":42.0,"turns":6.0},{"damage":0.0,"enemies":"Transient","floor":46.0,"turns":6.0},{"damage":26,"enemies":"Reptomancer","floor":48,"turns":8},{"damage":35,"enemies":"Donu and Deca","floor":50,"turns":5}],"seed_played":"4800758312501008374","potions_obtained":[{"floor":2.0,"key":"SteroidPotion"},{"floor":3.0,"key":"EssenceOfSteel"},{"floor":7.0,"key":"Strength Potion"},{"floor":16.0,"key":"PowerPotion"},{"floor":24.0,"key":"SkillPotion"},{"floor":27.0,"key":"SpeedPotion"},{"floor":28.0,"key":"EssenceOfSteel"},{"floor":33.0,"key":"Swift Potion"},{"floor":35.0,"key":"Explosive Potion"},{"floor":42.0,"key":"Weak Potion"}],"is_trial":false,"path_per_floor":["M","M","M","?","M","R","M","R","T","?","?","E","R","M","R","B",null,"M","M","?","$","?","R","M","R","T","E","M","E","R","M","R","B",null,"M","$","M","M","T","E","R","M","T","?","R","M","R","E","R","B",null],"character_chosen":"THE_SILENT","items_purchased":["Prepared+1","Crippling Poison+1","Dodge and Roll+1"],"campfire_rested":4,"item_purchase_floors":[21,21,36],"current_hp_per_floor":[65,64,63,37,31,31,15,36,36,29,29,13,34,34,34,30,62,62,56,56,56,56,56,52,72,72,59,59,59,59,56,56,44,65,65,65,55,40,40,41,59,56,56,56,71,72,72,46,72,37],"gold":417,"neow_bonus":"TEN_PERCENT_HP_BONUS","is_prod":false,"is_daily":false,"chose_seed":false,"campfire_upgraded":8,"win_rate":0,"timestamp":1570342349,"path_taken":["M","M","M","?","M","R","M","R","T","?","?","E","R","M","R","BOSS","M","?","?","$","?","R","M","R","T","E","?","E","R","M","R","BOSS","M","$","M","M","?","E","R","M","T","?","R","M","R","E","R","BOSS"],"build_version":"2019-07-17","purchased_purges":2,"victory":true,"max_hp_per_floor":[72,72,72,72,72,72,72,72,72,72,72,72,72,72,72,72,72,72,72,72,72,72,72,72,72,72,72,72,72,72,72,72,72,72,72,72,72,72,72,72,72,72,72,72,72,72,72,72,72,72],"card_choices":[{"not_picked":["Terror","Flechettes"],"picked":"PiercingWail","floor":1.0},{"not_picked":["Quick Slash","Underhanded Strike"],"picked":"Crippling Poison","floor":2.0},{"not_picked":["Dagger Throw","Tactician"],"picked":"Poisoned Stab","floor":3.0},{"not_picked":["Accuracy","Endless Agony"],"picked":"Escape Plan","floor":5.0},{"not_picked":["Backstab","Distraction"],"picked":"Well Laid Plans","floor":7.0},{"not_picked":["Grand Finale","Dagger Throw"],"picked":"Crippling Poison","floor":12.0},{"not_picked":["Flying Knee","Finisher"],"picked":"Deadly Poison+1","floor":14.0},{"not_picked":["A Thousand Cuts","Storm of Steel+1"],"picked":"Doppelganger+1","floor":16.0},{"not_picked":["Sucker Punch+1","Blade Dance+1","Flechettes"],"picked":"SKIP","floor":18.0},{"not_picked":["Outmaneuver+1","Deadly Poison+1"],"picked":"Prepared+1","floor":19.0},{"not_picked":["Dagger Throw","Concentrate+1"],"picked":"Venomology+1","floor":24.0},{"not_picked":["Eviscerate","Deadly Poison+1","Outmaneuver+1"],"picked":"Night Terror+1","floor":27.0},{"not_picked":["Noxious Fumes","Blade Dance+1","Distraction+1"],"picked":"Acrobatics+1","floor":28.0},{"not_picked":["Setup+1","Underhanded Strike","Blade Dance+1"],"picked":"Escape Plan+1","floor":29.0},{"not_picked":["Blade Dance+1","Poisoned Stab","Dagger Spray"],"picked":"Escape Plan+1","floor":31.0},{"not_picked":["Die Die Die","Bullet Time+1","Grand Finale"],"picked":"After Image","floor":33.0},{"not_picked":["Bouncing Flask+1","Blade Dance+1","Finisher"],"picked":"Acrobatics+1","floor":35.0},{"not_picked":["Dagger Spray","Choke+1","Flechettes","Flying Knee"],"picked":"SKIP","floor":37.0},{"not_picked":["Outmaneuver+1","Setup+1","Terror+1","Grand Finale"],"picked":"SKIP","floor":38.0},{"not_picked":["Heel Hook+1","Prepared+1","Flying Knee+1"],"picked":"Dodge and Roll+1","floor":40.0},{"not_picked":["Slice+1","Quick Slash+1","Skewer","Prepared+1"],"picked":"SKIP","floor":42.0},{"not_picked":["Outmaneuver+1","PiercingWail+1","Blade Dance+1"],"picked":"Backflip+1","floor":46.0},{"not_picked":["Deadly Poison+1","Backstab","Skewer"],"picked":"Catalyst+1","floor":48}],"player_experience":697045,"relics_obtained":[{"floor":9.0,"key":"Bottled Tornado"},{"floor":12.0,"key":"Toxic Egg 2"},{"floor":26.0,"key":"Question Card"},{"floor":27.0,"key":"Art of War"},{"floor":29.0,"key":"Oddly Smooth Stone"},{"floor":39.0,"key":"Blood Vial"},{"floor":40.0,"key":"Unceasing Top"},{"floor":43.0,"key":"Pen Nib"},{"floor":48,"key":"Bottled Lightning"}],"event_choices":[{"damage_healed":0.0,"max_hp_gain":0.0,"max_hp_loss":0.0,"gold_gain":0.0,"event_name":"Scrap Ooze","player_choice":"Success","floor":4.0,"gold_loss":0.0,"damage_taken":26.0,"relics_obtained":["Pocketwatch"]},{"cards_removed":["Strike_G"],"damage_healed":0.0,"max_hp_gain":0.0,"max_hp_loss":0.0,"gold_gain":0.0,"event_name":"Golden Wing","player_choice":"Card Removal","floor":10.0,"gold_loss":0.0,"damage_taken":7.0},{"cards_removed":["Strike_G"],"damage_healed":0.0,"max_hp_gain":0.0,"max_hp_loss":0.0,"gold_gain":0.0,"event_name":"Purifier","player_choice":"Purged","floor":11.0,"gold_loss":0.0,"damage_taken":0.0},{"damage_healed":0.0,"max_hp_gain":0.0,"max_hp_loss":0.0,"gold_gain":0.0,"event_name":"The Mausoleum","player_choice":"Opened","floor":20.0,"gold_loss":0.0,"damage_taken":0.0,"relics_obtained":["Potion Belt"],"cards_obtained":["Writhe"]},{"damage_healed":0.0,"max_hp_gain":0.0,"max_hp_loss":0.0,"gold_gain":0.0,"cards_transformed":["Crippling Poison"],"event_name":"Transmorgrifier","player_choice":"Transformed","floor":22.0,"gold_loss":0.0,"damage_taken":0.0,"cards_obtained":["Corpse Explosion"]},{"cards_removed":["Venomology"],"damage_healed":0.0,"max_hp_gain":0.0,"max_hp_loss":0.0,"gold_gain":0.0,"event_name":"Falling","player_choice":"Removed Skill","floor":44.0,"gold_loss":0.0,"damage_taken":0.0}],"is_beta":false,"boss_relics":[{"not_picked":["Tiny House","Astrolabe"],"picked":"Philosopher\u0027s Stone"},{"not_picked":["Pandora\u0027s Box","Black Star"],"picked":"Eternal Feather"}],"items_purged_floors":[21,36],"is_endless":false,"potions_floor_spawned":[2,3,7,16,24,27,28,33,35,42],"ascension_level":19}