{"gold_per_floor":[111,122,122,135,149,149,149,160,160,187,187,337,356,6,6,6],"floor_reached":16,"playtime":1391,"items_purged":["Doubt"],"score":189,"play_id":"777cd706-c414-4c30-b02f-f45fa1d71263","local_time":"20191005004156","is_ascension_mode":true,"campfire_choices":[{"data":"Blade Dance","floor":6.0,"key":"SMITH"},{"floor":11.0,"key":"REST"},{"data":"Neutralize","floor":15,"key":"SMITH"}],"neow_cost":"NONE","seed_source_timestamp":2255981517412512,"circlet_count":0,"master_deck":["AscendersBane","Strike_G","Strike_G","Strike_G","Strike_G","Strike_G","Defend_G","Defend_G","Defend_G","Defend_G","Defend_G","Survivor","Neutralize+1","Cloak And Dagger+1","Blade Dance+1","Cloak And Dagger","Dodge and Roll","Choke"],"special_seed":0,"relics":["Ring of the Snake","The Courier","Lantern","Question Card"],"potions_floor_usage":[],"damage_taken":[{"damage":3.0,"enemies":"Jaw Worm","floor":1.0,"turns":4.0},{"damage":0.0,"enemies":"2 Louse","floor":2.0,"turns":3.0},{"damage":1.0,"enemies":"Cultist","floor":4.0,"turns":5.0},{"damage":0.0,"enemies":"Exordium Thugs","floor":5.0,"turns":5.0},{"damage":0.0,"enemies":"Red Slaver","floor":8.0,"turns":5.0},{"damage":39.0,"enemies":"Lagavulin","floor":10.0,"turns":9.0},{"damage":1,"enemies":"3 Louse","floor":13,"turns":6},{"damage":36,"enemies":"The Guardian","floor":16,"turns":12}],"seed_played":"-1711843463081755004","potions_obtained":[{"floor":1.0,"key":"FairyPotion"},{"floor":2.0,"key":"Energy Potion"},{"floor":4.0,"key":"Energy Potion"}],"is_trial":false,"path_per_floor":["M","M","?","M","M","R","?","M","T","E","R","?","M","$","R","B"],"character_chosen":"THE_SILENT","items_purchased":["Question Card","Choke"],"campfire_rested":1,"item_purchase_floors":[14,14],"current_hp_per_floor":[62,62,62,61,61,61,61,61,61,22,43,43,42,42,42,6],"gold":6,"neow_bonus":"TEN_PERCENT_HP_BONUS","is_prod":false,"is_daily":false,"chose_seed":false,"campfire_upgraded":2,"win_rate":0,"timestamp":1570250516,"path_taken":["M","M","?","M","M","R","?","M","T","E","R","?","M","$","R","BOSS"],"build_version":"2019-07-17","purchased_purges":1,"victory":false,"max_hp_per_floor":[72,72,72,72,72,72,72,72,72,72,72,72,72,72,72,72],"card_choices":[{"not_picked":["Backstab","Expertise","Concentrate"],"picked":"SKIP","floor":1.0},{"not_picked":["Slice","Dagger Spray"],"picked":"Cloak And Dagger","floor":2.0},{"not_picked":["Concentrate","Prepared"],"picked":"Blade Dance","floor":4.0},{"not_picked":["Distraction","Terror"],"picked":"Cloak And Dagger","floor":5.0},{"not_picked":["Expertise","Noxious Fumes","Leg Sweep"],"picked":"SKIP","floor":8.0},{"not_picked":["Dagger Spray","Poisoned Stab","Sucker Punch"],"picked":"SKIP","floor":10.0},{"not_picked":["Cloak And Dagger","Eviscerate"],"picked":"Dodge and Roll","floor":13}],"player_experience":666473,"relics_obtained":[{"floor":9.0,"key":"The Courier"},{"floor":10.0,"key":"Lantern"}],"event_choices":[{"damage_healed":0.0,"max_hp_gain":0.0,"max_hp_loss":0.0,"gold_gain":0.0,"event_name":"Living Wall","player_choice":"Grow","floor":3.0,"gold_loss":0.0,"damage_taken":0.0,"cards_upgraded":["Cloak And Dagger"]},{"damage_healed":0.0,"max_hp_gain":0.0,"max_hp_loss":0.0,"gold_gain":0.0,"event_name":"Dead Adventurer","player_choice":"Searched \u00270\u0027 times","floor":7.0,"gold_loss":0.0,"damage_taken":0.0},{"damage_healed":0.0,"max_hp_gain":0.0,"max_hp_loss":0.0,"gold_gain":150.0,"event_name":"Liars Game","player_choice":"AGREE","floor":12.0,"gold_loss":0.0,"damage_taken":0.0,"cards_obtained":["Doubt"]}],"is_beta":false,"boss_relics":[],"items_purged_floors":[14],"is_endless":false,"potions_floor_spawned":[1,2,4],"killed_by":"The Guardian","ascension_level":17}