{"gold_per_floor":[119,196,196,215,233,261,261,281,332,364,376,16,47,74,86,194,206,233,160,192,564,224,224,61,61,115,125,138,156,156,176,176,276,276,289,299,21,34,86,118,138,151,178,178,197,210,210],"floor_reached":47,"playtime":2987,"items_purged":["Strike_R","Strike_R","Strike_R"],"score":558,"play_id":"35a550c8-4fe2-4541-ae9f-10ccf1c230a7","local_time":"20190807234249","is_ascension_mode":false,"campfire_choices":[{"data":"Sword Boomerang","floor":7,"key":"SMITH"},{"data":"Sword Boomerang","floor":15,"key":"SMITH"},{"floor":23,"key":"REST"},{"data":"Metallicize","floor":25,"key":"SMITH"},{"data":"Metallicize","floor":30,"key":"SMITH"},{"data":"Pummel","floor":32,"key":"SMITH"}],"neow_cost":"NONE","seed_source_timestamp":13820214781800,"circlet_count":0,"master_deck":["Strike_R","Strike_R","Defend_R","Defend_R","Defend_R","Defend_R","Bash+1","Sword Boomerang+1","Anger+1","Sword Boomerang+1","Impervious","Thunderclap","Iron Wave+1","Pummel+1","Metallicize+1","Rage+1","Metallicize+1","Offering+1","Flame Barrier+1","Shrug It Off+1","Limit Break+1","Armaments+1","True Grit+1","Feed","Body Slam+1","Entrench+1","Injury"],"relics":["Burning Blood","Kunai","Vajra","Strawberry","Toxic Egg 2","OrangePellets","MawBank","Sozu","Charon\u0027s Ashes","Paper Frog","Juzu Bracelet","Cursed Key","Art of War","Shovel","Boot","Whetstone"],"potions_floor_usage":[13,28],"damage_taken":[{"damage":1,"enemies":"Cultist","floor":1,"turns":4},{"damage":1,"enemies":"Small Slimes","floor":4,"turns":3},{"damage":5,"enemies":"Jaw Worm","floor":5,"turns":3},{"damage":30,"enemies":"Lagavulin","floor":6,"turns":5},{"damage":8,"enemies":"Gremlin Gang","floor":8,"turns":4},{"damage":6,"enemies":"Gremlin Nob","floor":10,"turns":3},{"damage":1,"enemies":"2 Fungi Beasts","floor":11,"turns":3},{"damage":27,"enemies":"Lagavulin","floor":13,"turns":4},{"damage":0,"enemies":"Looter","floor":14,"turns":3},{"damage":25,"enemies":"The Guardian","floor":16,"turns":12},{"damage":6,"enemies":"Chosen","floor":18,"turns":3},{"damage":13,"enemies":"Spheric Guardian","floor":20,"turns":3},{"damage":6,"enemies":"Snecko","floor":27,"turns":3},{"damage":22,"enemies":"Snake Plant","floor":28,"turns":3},{"damage":6,"enemies":"3 Cultists","floor":29,"turns":6},{"damage":6,"enemies":"Centurion and Healer","floor":31,"turns":4},{"damage":31,"enemies":"Champ","floor":33,"turns":11},{"damage":3,"enemies":"Orb Walker","floor":35,"turns":4},{"damage":10,"enemies":"3 Darklings","floor":36,"turns":5},{"damage":14,"enemies":"Spire Growth","floor":38,"turns":5},{"damage":13,"enemies":"2 Orb Walkers","floor":39,"turns":3},{"damage":22,"enemies":"Reptomancer","floor":40,"turns":13},{"damage":7,"enemies":"Sphere and 2 Shapes","floor":41,"turns":5},{"damage":15,"enemies":"Transient","floor":42,"turns":5},{"damage":15,"enemies":"Spire Growth","floor":45,"turns":5},{"damage":18,"enemies":"Sphere and 2 Shapes","floor":46,"turns":4},{"damage":30,"enemies":"Jaw Worm Horde","floor":47,"turns":2}],"seed_played":"-347711424038627119","potions_obtained":[{"floor":5,"key":"BloodPotion"},{"floor":8,"key":"BloodPotion"},{"floor":10,"key":"LiquidBronze"},{"floor":13,"key":"Poison Potion"}],"is_trial":false,"path_per_floor":["M","?","?","M","M","E","R","M","T","E","M","$","E","M","R","B",null,"M","?","M","?","$","R","$","R","T","M","M","M","R","M","R","B",null,"M","M","$","M","?","E","M","M","T","$","M","M","M"],"character_chosen":"IRONCLAD","items_purchased":["OrangePellets","Metallicize","Paper Frog","Limit Break+1","Art of War"],"campfire_rested":1,"item_purchase_floors":[12,12,22,24,37],"current_hp_per_floor":[80,80,73,78,79,55,55,53,60,60,65,65,65,71,71,52,87,87,87,80,40,40,66,66,66,66,66,71,71,71,71,71,46,87,90,89,89,81,74,58,57,48,48,48,39,30,0],"gold":210,"neow_bonus":"UPGRADE_CARD","is_prod":false,"is_daily":false,"chose_seed":false,"campfire_upgraded":5,"win_rate":0,"timestamp":1565235769,"path_taken":["M","?","?","M","?","E","R","M","T","E","?","$","E","M","R","BOSS","M","?","M","?","$","R","$","R","T","M","M","M","R","M","R","BOSS","M","M","$","M","?","E","M","M","T","$","M","M","M"],"build_version":"2019-07-17","purchased_purges":3,"victory":false,"max_hp_per_floor":[80,80,80,80,80,80,80,80,87,87,87,87,87,87,87,87,87,87,87,87,87,87,87,87,87,87,87,87,87,87,87,87,87,87,90,93,93,93,93,93,93,93,93,93,93,96,96],"card_choices":[{"not_picked":["Armaments","Uppercut"],"picked":"Sword Boomerang","floor":1},{"not_picked":["Clash","Pommel Strike"],"picked":"Anger","floor":4},{"not_picked":["Clothesline","Anger"],"picked":"Sword Boomerang","floor":5},{"not_picked":["Whirlwind","Thunderclap"],"picked":"Impervious","floor":6},{"not_picked":["Wild Strike","Iron Wave"],"picked":"Thunderclap","floor":8},{"not_picked":["Clash","Evolve"],"picked":"Iron Wave","floor":10},{"not_picked":["Wild Strike","Fire Breathing"],"picked":"Pummel","floor":11},{"not_picked":["Headbutt","Clothesline"],"picked":"Rage+1","floor":13},{"not_picked":["Corruption","Clothesline"],"picked":"Metallicize","floor":14},{"not_picked":["Feed","Impervious+1"],"picked":"Offering+1","floor":16},{"not_picked":["Dropkick","Twin Strike"],"picked":"Flame Barrier+1","floor":18},{"not_picked":["Flex+1","Perfected Strike"],"picked":"Shrug It Off+1","floor":20},{"not_picked":["Body Slam","Iron Wave+1"],"picked":"Armaments+1","floor":27},{"not_picked":["Anger","Demon Form"],"picked":"True Grit+1","floor":28},{"not_picked":["Headbutt","Havoc+1","Second Wind+1"],"picked":"SKIP","floor":29},{"not_picked":["Perfected Strike","Wild Strike+1","Pommel Strike+1"],"picked":"SKIP","floor":31},{"not_picked":["Bludgeon","Juggernaut"],"picked":"Feed","floor":33},{"not_picked":["Hemokinesis","Sword Boomerang+1"],"picked":"Body Slam+1","floor":35},{"not_picked":["Pummel","Wild Strike+1"],"picked":"Entrench+1","floor":36},{"not_picked":["Armaments+1","Perfected Strike+1","Sever Soul+1"],"picked":"SKIP","floor":38},{"not_picked":["Thunderclap+1","Rupture+1","Cleave"],"picked":"SKIP","floor":40},{"not_picked":["Rampage","Heavy Blade+1","Feed"],"picked":"SKIP","floor":41},{"not_picked":["Headbutt+1","Shockwave+1","Carnage+1"],"picked":"SKIP","floor":42},{"not_picked":["Clothesline+1","True Grit+1","Spot Weakness+1"],"picked":"SKIP","floor":45},{"not_picked":["True Grit+1","Bloodletting+1","Heavy Blade+1"],"picked":"SKIP","floor":46}],"player_experience":2638670,"relics_obtained":[{"floor":6,"key":"Vajra"},{"floor":9,"key":"Strawberry"},{"floor":10,"key":"Toxic Egg 2"},{"floor":13,"key":"MawBank"},{"floor":26,"key":"Juzu Bracelet"},{"floor":39,"key":"Shovel"},{"floor":40,"key":"Boot"},{"floor":43,"key":"Whetstone"}],"event_choices":[{"damage_healed":0,"gold_gain":77,"player_choice":"Gained Gold","damage_taken":0,"max_hp_gain":0,"max_hp_loss":0,"event_name":"Golden Wing","floor":2,"gold_loss":0},{"damage_healed":0,"gold_gain":0,"player_choice":"Success","damage_taken":7,"relics_obtained":["Kunai"],"max_hp_gain":0,"max_hp_loss":0,"event_name":"Scrap Ooze","floor":3,"gold_loss":0},{"damage_healed":0,"gold_gain":0,"player_choice":"Obtained Relic","damage_taken":0,"relics_obtained":["Charon\u0027s Ashes"],"max_hp_gain":0,"max_hp_loss":0,"event_name":"Addict","floor":19,"gold_loss":85},{"damage_healed":0,"gold_gain":360,"player_choice":"GOLD GOLD GOLD GOLD ","damage_taken":40,"max_hp_gain":0,"max_hp_loss":0,"event_name":"Knowing Skull","floor":21,"potions_obtained":[],"gold_loss":0,"cards_obtained":[]},{"damage_healed":0,"gold_gain":0,"player_choice":"Fight","damage_taken":0,"max_hp_gain":0,"max_hp_loss":0,"event_name":"Mysterious Sphere","floor":39,"gold_loss":0}],"is_beta":false,"boss_relics":[{"not_picked":["Coffee Dripper","Fusion Hammer"],"picked":"Sozu"},{"not_picked":["Philosopher\u0027s Stone","Runic Dome"],"picked":"Cursed Key"}],"items_purged_floors":[12,22,37],"is_endless":false,"potions_floor_spawned":[5,8,10,13,16,20,27,28,33,35,38,40],"killed_by":"Jaw Worm Horde","ascension_level":0}