{"gold_per_floor":[116,133,1,1,1,1,1,1,26,26,60,81,81,119,119,119],"floor_reached":16,"playtime":638,"items_purged":["Writhe"],"score":212,"play_id":"37d27c7d-4c6f-4346-bf58-ce0f19b1612e","local_time":"20191004161839","is_ascension_mode":true,"campfire_choices":[{"data":"Bash","floor":6,"key":"SMITH"},{"data":"Demon Form","floor":8,"key":"SMITH"},{"data":"Fire Breathing","floor":10,"key":"SMITH"},{"floor":13,"key":"REST"},{"data":"Wild Strike","floor":15,"key":"SMITH"}],"neow_cost":"CURSE","seed_source_timestamp":665879505969600,"circlet_count":0,"master_deck":["AscendersBane","Strike_R","Strike_R","Strike_R","Strike_R","Strike_R","Defend_R","Defend_R","Defend_R","Defend_R","Bash+1","Demon Form+1","Fire Breathing+1","Cleave","Battle Trance","Sword Boomerang","Shrug It Off","Wild Strike+1"],"relics":["Burning Blood","Sundial","Golden Idol","Vajra","Prayer Wheel","FossilizedHelix"],"potions_floor_usage":[11,11,16],"damage_taken":[{"damage":4,"enemies":"Small Slimes","floor":1,"turns":4},{"damage":0,"enemies":"2 Louse","floor":2,"turns":2},{"damage":38,"enemies":"Gremlin Nob","floor":11,"turns":4},{"damage":14,"enemies":"Jaw Worm","floor":12,"turns":4},{"damage":30,"enemies":"3 Sentries","floor":14,"turns":5},{"damage":30,"enemies":"Hexaghost","floor":16,"turns":8}],"seed_played":"-3676434684454563776","potions_obtained":[{"floor":1,"key":"DuplicationPotion"},{"floor":12,"key":"SteroidPotion"}],"is_trial":false,"path_per_floor":["M","M","$","?","?","R","?","R","T","R","E","M","R","E","R","B"],"character_chosen":"IRONCLAD","items_purchased":["PowerPotion"],"campfire_rested":1,"item_purchase_floors":[3],"current_hp_per_floor":[70,75,75,64,64,64,69,69,69,69,37,29,50,26,26,0],"gold":119,"neow_bonus":"THREE_RARE_CARDS","is_prod":false,"is_daily":false,"chose_seed":false,"campfire_upgraded":4,"win_rate":0,"timestamp":1570220319,"path_taken":["M","M","$","?","?","R","?","R","T","R","E","M","R","E","R","BOSS"],"build_version":"2019-10-04","purchased_purges":1,"victory":false,"max_hp_per_floor":[75,75,75,75,68,68,73,73,73,73,73,73,73,73,73,73],"card_choices":[{"not_picked":["Impervious","Brutality"],"picked":"Demon Form","floor":0},{"not_picked":["True Grit","Havoc"],"picked":"Fire Breathing","floor":1},{"not_picked":["Perfected Strike","Armaments"],"picked":"Cleave","floor":2},{"not_picked":["Power Through","True Grit"],"picked":"Battle Trance","floor":11},{"not_picked":["Battle Trance","Heavy Blade"],"picked":"Sword Boomerang","floor":12},{"not_picked":["Clash","Rampage"],"picked":"Shrug It Off","floor":12},{"not_picked":["Impervious","Rupture"],"picked":"Wild Strike","floor":14}],"player_experience":121854,"relics_obtained":[{"floor":9,"key":"Vajra"},{"floor":11,"key":"Prayer Wheel"},{"floor":14,"key":"FossilizedHelix"}],"event_choices":[{"damage_healed":0,"gold_gain":0,"player_choice":"Success","damage_taken":11,"relics_obtained":["Sundial"],"max_hp_gain":0,"max_hp_loss":0,"event_name":"Scrap Ooze","floor":4,"gold_loss":0},{"damage_healed":0,"gold_gain":0,"player_choice":"Lose Max HP","damage_taken":0,"relics_obtained":["Golden Idol"],"max_hp_gain":0,"max_hp_loss":7,"event_name":"Golden Idol","floor":5,"gold_loss":0},{"damage_healed":0,"gold_gain":0,"player_choice":"Donut","damage_taken":0,"max_hp_gain":5,"max_hp_loss":0,"event_name":"Big Fish","floor":7,"gold_loss":0}],"is_beta":true,"boss_relics":[],"items_purged_floors":[3],"is_endless":false,"potions_floor_spawned":[1,12],"killed_by":"Hexaghost","ascension_level":20}