{"gold_per_floor":[115,131,306,85,98,131,131,131,131,153,165,9,84,84,84,213,213,231,231,264,284,309,309,309,309,360,373,408,426,462,482,482,610,610,623,623,474,494,63,63,88,131,155,155,171,186,200,241,241,241,241,241,102,141,141],"floor_reached":56,"playtime":12168,"items_purged":["Doubt","Injury","Strike_R+1"],"score":1397,"play_id":"b2808f24-4667-44f9-a3c8-caeffb32ee1a","local_time":"20190804172654","is_ascension_mode":false,"campfire_choices":[{"data":"1","floor":8,"key":"LIFT"},{"data":"2","floor":11,"key":"LIFT"},{"data":"Bash","floor":15,"key":"SMITH"},{"data":"3","floor":23,"key":"LIFT"},{"floor":32,"key":"RECALL"},{"floor":40,"key":"REST"},{"floor":49,"key":"REST"},{"floor":52,"key":"REST"}],"neow_cost":"CURSE","seed_source_timestamp":247215502068500,"circlet_count":0,"master_deck":["Defend_R+1","Defend_R+1","Defend_R+1","Defend_R+1","Bash+1","Sword Boomerang","Wild Strike","Hemokinesis","Pummel","Evolve","Offering","Clothesline+1","Burning Pact","Iron Wave","Havoc+1","Ghostly+1","Ghostly","Ghostly","Ghostly","Ghostly","Pummel","Feed","Rupture","Barricade","Bloodletting+1","Thunderclap+1","Cleave+1","Flex+1","Limit Break+1","Headbutt+1","Sword Boomerang","Pommel Strike+1","Feel No Pain","Exhume","Rage+1","Impervious","Exhume"],"relics":["Burning Blood","Girya","Lantern","Gremlin Horn","MawBank","Golden Idol","Fusion Hammer","Red Mask","Enchiridion","Dream Catcher","Bag of Marbles","Thread and Needle","Astrolabe","Paper Frog","Art of War","Magic Flower","Bottled Flame","War Paint"],"potions_floor_usage":[6,16,16,16,33,50,54,55,55],"damage_taken":[{"damage":6,"enemies":"Jaw Worm","floor":1,"turns":6},{"damage":6,"enemies":"Cultist","floor":2,"turns":3},{"damage":0,"enemies":"Small Slimes","floor":5,"turns":3},{"damage":27,"enemies":"Lagavulin","floor":6,"turns":5},{"damage":0,"enemies":"Looter","floor":10,"turns":2},{"damage":17,"enemies":"Hexaghost","floor":16,"turns":7},{"damage":3,"enemies":"Chosen","floor":18,"turns":3},{"damage":7,"enemies":"Masked Bandits","floor":20,"turns":3},{"damage":9,"enemies":"3 Byrds","floor":21,"turns":3},{"damage":6,"enemies":"Centurion and Healer","floor":22,"turns":5},{"damage":3,"enemies":"Sentry and Sphere","floor":27,"turns":4},{"damage":4,"enemies":"Gremlin Leader","floor":28,"turns":4},{"damage":1,"enemies":"Shelled Parasite and Fungi","floor":29,"turns":2},{"damage":2,"enemies":"Slavers","floor":30,"turns":5},{"damage":1,"enemies":"Snecko","floor":31,"turns":3},{"damage":7,"enemies":"Collector","floor":33,"turns":8},{"damage":2,"enemies":"3 Darklings","floor":35,"turns":4},{"damage":6,"enemies":"3 Shapes","floor":38,"turns":2},{"damage":1,"enemies":"Writhing Mass","floor":41,"turns":5},{"damage":1,"enemies":"Nemesis","floor":42,"turns":5},{"damage":2,"enemies":"3 Darklings","floor":45,"turns":4},{"damage":9,"enemies":"4 Shapes","floor":46,"turns":1},{"damage":2,"enemies":"Writhing Mass","floor":47,"turns":4},{"damage":9,"enemies":"Giant Head","floor":48,"turns":7},{"damage":17,"enemies":"Time Eater","floor":50,"turns":12},{"damage":8,"enemies":"Shield and Spear","floor":54,"turns":10},{"damage":70,"enemies":"The Heart","floor":55,"turns":11}],"seed_played":"-2498761012204548643","potions_obtained":[{"floor":2,"key":"Poison Potion"},{"floor":7,"key":"FearPotion"},{"floor":7,"key":"SpeedPotion"},{"floor":7,"key":"Weak Potion"},{"floor":10,"key":"Dexterity Potion"},{"floor":20,"key":"Explosive Potion"},{"floor":21,"key":"Dexterity Potion"},{"floor":29,"key":"LiquidBronze"},{"floor":33,"key":"BloodPotion"},{"floor":35,"key":"Energy Potion"},{"floor":38,"key":"Poison Potion"},{"floor":48,"key":"EssenceOfSteel"},{"floor":54,"key":"Regen Potion"}],"is_trial":false,"path_per_floor":["M","M","?","$","M","E","?","R","T","M","R","$","?","?","R","B",null,"M","?","?","M","M","R","?","?","T","M","E","M","E","M","R","B",null,"M","?","$","M","$","R","M","E","T","?","M","M","M","E","R","B",null,"R","$","E","B",null],"character_chosen":"IRONCLAD","items_purchased":["Lantern","Evolve","Limit Break","Sword Boomerang","Paper Frog","Impervious"],"campfire_rested":3,"item_purchase_floors":[4,12,37,39,39,53],"current_hp_per_floor":[80,80,80,80,80,59,59,59,59,65,65,65,54,34,34,23,80,80,80,79,76,76,76,40,24,24,27,29,34,38,40,40,42,43,46,46,46,49,49,49,52,52,52,52,55,55,58,58,58,50,58,58,58,61,24],"gold":141,"neow_bonus":"ONE_RARE_RELIC","is_prod":false,"is_daily":false,"chose_seed":false,"campfire_upgraded":1,"win_rate":0,"timestamp":1564954014,"path_taken":["M","M","?","$","M","E","?","R","T","?","R","$","?","?","R","BOSS","M","?","?","M","M","R","?","?","T","?","E","M","E","M","R","BOSS","M","?","?","M","$","R","M","E","T","?","?","M","M","E","R","BOSS","R","$","E","BOSS"],"build_version":"2019-07-17","purchased_purges":3,"victory":true,"max_hp_per_floor":[80,80,80,80,80,80,80,80,80,80,80,80,80,80,80,80,80,80,80,80,80,80,80,40,40,40,40,40,40,40,40,40,43,43,46,46,46,49,49,49,52,52,52,52,55,55,58,58,58,58,58,58,58,61,61],"card_choices":[{"not_picked":["Rampage","Anger"],"picked":"Sword Boomerang","floor":1},{"not_picked":["Pommel Strike","Bloodletting"],"picked":"Wild Strike","floor":2},{"not_picked":["Pommel Strike","Clothesline"],"picked":"Hemokinesis","floor":5},{"not_picked":["Headbutt","Burning Pact"],"picked":"Pummel","floor":6},{"not_picked":["Searing Blow","Headbutt","Uppercut"],"picked":"SKIP","floor":10},{"not_picked":["Brutality","Exhume"],"picked":"Offering","floor":16},{"not_picked":["Anger","Havoc"],"picked":"Clothesline+1","floor":18},{"not_picked":["Iron Wave","Flex"],"picked":"Burning Pact","floor":20},{"not_picked":["Clash","Evolve"],"picked":"Iron Wave","floor":21},{"not_picked":["Sever Soul","Thunderclap"],"picked":"Havoc+1","floor":22},{"not_picked":["Anger","Cleave+1"],"picked":"Pummel","floor":27},{"not_picked":["Wild Strike","Entrench","Rage+1"],"picked":"SKIP","floor":28},{"not_picked":["Iron Wave","Bludgeon","Clash"],"picked":"SKIP","floor":29},{"not_picked":["Iron Wave","Bludgeon","Clash"],"picked":"SKIP","floor":29},{"not_picked":["Iron Wave","Wild Strike"],"picked":"Feed","floor":30},{"not_picked":["Searing Blow","Clothesline"],"picked":"Rupture","floor":31},{"not_picked":["Impervious","Double Tap"],"picked":"Barricade","floor":33},{"not_picked":["True Grit+1","Cleave"],"picked":"Flex+1","floor":35},{"not_picked":["Reckless Charge","Pommel Strike"],"picked":"Headbutt+1","floor":38},{"not_picked":["Havoc","Clash","Hemokinesis"],"picked":"SKIP","floor":41},{"not_picked":["Bloodletting+1","Body Slam","Intimidate"],"picked":"SKIP","floor":42},{"not_picked":["Clothesline","Cleave"],"picked":"Pommel Strike+1","floor":45},{"not_picked":["Pommel Strike+1","Headbutt+1"],"picked":"Feel No Pain","floor":46},{"not_picked":["Havoc+1","Combust+1"],"picked":"Exhume","floor":47},{"not_picked":["Dual Wield","Thunderclap+1","Wild Strike+1"],"picked":"SKIP","floor":48},{"not_picked":["Warcry","Cleave+1"],"picked":"Rage+1","floor":52},{"not_picked":["Wild Strike","Perfected Strike+1"],"picked":"Exhume","floor":54}],"player_experience":2598106,"relics_obtained":[{"floor":6,"key":"Gremlin Horn"},{"floor":9,"key":"MawBank"},{"floor":20,"key":"Red Mask"},{"floor":25,"key":"Enchiridion"},{"floor":26,"key":"Dream Catcher"},{"floor":28,"key":"Bag of Marbles"},{"floor":30,"key":"Thread and Needle"},{"floor":42,"key":"Art of War"},{"floor":48,"key":"Bottled Flame"},{"floor":54,"key":"War Paint"}],"event_choices":[{"damage_healed":0,"gold_gain":175,"player_choice":"AGREE","damage_taken":0,"max_hp_gain":0,"max_hp_loss":0,"event_name":"Liars Game","floor":3,"gold_loss":0,"cards_obtained":["Doubt"]},{"damage_healed":0,"gold_gain":0,"player_choice":"Got Potions","damage_taken":0,"max_hp_gain":0,"max_hp_loss":0,"event_name":"Lab","floor":7,"gold_loss":0},{"damage_healed":0,"gold_gain":75,"player_choice":"Gather Gold","damage_taken":11,"max_hp_gain":0,"max_hp_loss":0,"event_name":"World of Goop","floor":13,"gold_loss":0},{"damage_healed":0,"gold_gain":0,"player_choice":"Take Damage","damage_taken":20,"relics_obtained":["Golden Idol"],"max_hp_gain":0,"max_hp_loss":0,"event_name":"Golden Idol","floor":14,"gold_loss":0},{"damage_healed":0,"gold_gain":0,"player_choice":"Simplicity","damage_taken":0,"max_hp_gain":0,"max_hp_loss":0,"event_name":"Back to Basics","floor":19,"gold_loss":0,"cards_upgraded":["Strike_R","Strike_R","Strike_R","Strike_R","Strike_R","Defend_R","Defend_R","Defend_R","Defend_R"]},{"damage_healed":0,"gold_gain":0,"player_choice":"Fought Bandits","damage_taken":0,"max_hp_gain":0,"max_hp_loss":0,"event_name":"Masked Bandits","floor":20,"gold_loss":0},{"damage_healed":0,"gold_gain":0,"player_choice":"Became a Ghost","damage_taken":0,"max_hp_gain":0,"max_hp_loss":40,"event_name":"Ghosts","floor":24,"gold_loss":0,"cards_obtained":["Ghostly","Ghostly","Ghostly","Ghostly","Ghostly"]},{"damage_healed":0,"gold_gain":0,"player_choice":"Obtained Book","damage_taken":16,"max_hp_gain":0,"max_hp_loss":0,"event_name":"Cursed Tome","floor":25,"gold_loss":0},{"cards_removed":["Strike_R"],"damage_healed":0,"gold_gain":0,"player_choice":"Purged","damage_taken":0,"max_hp_gain":0,"max_hp_loss":0,"event_name":"Purifier","floor":36,"gold_loss":0},{"damage_healed":0,"gold_gain":0,"player_choice":"Gave Potion","damage_taken":0,"relics_obtained":["Magic Flower"],"max_hp_gain":0,"max_hp_loss":0,"event_name":"WeMeetAgain","floor":44,"gold_loss":0}],"is_beta":false,"boss_relics":[{"not_picked":["Orrery","Black Star"],"picked":"Fusion Hammer"},{"not_picked":["Pandora\u0027s Box","White Beast Statue"],"picked":"Astrolabe"}],"items_purged_floors":[4,12,39],"is_endless":false,"potions_floor_spawned":[2,10,20,21,29,30,33,35,38,48,54],"ascension_level":0}