{"gold_per_floor":[362,372,99,99,113,113,133,133,133,153,153,164,84,95,95,171,171,185,205,255,267,284,284,199,199,199,199,212,226,226,276,276,350,350,363,373,384,404,416,416,416],"floor_reached":41,"playtime":4852,"items_purged":["Strike_G"],"score":907,"play_id":"cc8a371c-a66b-4288-9a5a-85171f67aad8","local_time":"20191006034825","is_ascension_mode":true,"campfire_choices":[{"data":"Crippling Poison","floor":8.0,"key":"SMITH"},{"floor":11.0,"key":"REST"},{"data":"Catalyst","floor":15.0,"key":"SMITH"},{"data":"Noxious Fumes","floor":23.0,"key":"SMITH"},{"data":"Outmaneuver","floor":30.0,"key":"SMITH"},{"data":"Deadly Poison","floor":32.0,"key":"SMITH"},{"floor":40,"key":"REST"}],"neow_cost":"PERCENT_DAMAGE","seed_source_timestamp":25814037751397,"circlet_count":0,"master_deck":["AscendersBane","Defend_G","Defend_G","Defend_G","Defend_G","Defend_G","Survivor","Neutralize","Crippling Poison+1","Catalyst+1","Backflip","PiercingWail","Noxious Fumes+1","Well Laid Plans","Adrenaline","Dodge and Roll","Outmaneuver+1","Underhanded Strike+1","Bite","Bite","Bite","Bite","Bite","Outmaneuver","Deadly Poison+1","Night Terror","Predator","Acrobatics"],"special_seed":0,"relics":["Ring of the Snake","Orichalcum","Sundial","Snecko Eye","Pocketwatch","Paper Crane","Busted Crown"],"potions_floor_usage":[],"damage_taken":[{"damage":0.0,"enemies":"2 Louse","floor":1.0,"turns":4.0},{"damage":7.0,"enemies":"Small Slimes","floor":2.0,"turns":4.0},{"damage":0.0,"enemies":"Cultist","floor":5.0,"turns":5.0},{"damage":0.0,"enemies":"Red Slaver","floor":7.0,"turns":6.0},{"damage":6.0,"enemies":"Large Slime","floor":10.0,"turns":14.0},{"damage":8.0,"enemies":"Lots of Slimes","floor":12.0,"turns":3.0},{"damage":7.0,"enemies":"Looter","floor":14.0,"turns":4.0},{"damage":0.0,"enemies":"Hexaghost","floor":16.0,"turns":9.0},{"damage":7.0,"enemies":"3 Byrds","floor":18.0,"turns":4.0},{"damage":2.0,"enemies":"Spheric Guardian","floor":19.0,"turns":5.0},{"damage":12.0,"enemies":"Snake Plant","floor":21.0,"turns":5.0},{"damage":2.0,"enemies":"Snecko","floor":22.0,"turns":6.0},{"damage":0.0,"enemies":"Centurion and Healer","floor":28.0,"turns":5.0},{"damage":6.0,"enemies":"Snake Plant","floor":29.0,"turns":5.0},{"damage":62.0,"enemies":"Collector","floor":33.0,"turns":9.0},{"damage":1,"enemies":"3 Shapes","floor":35,"turns":5},{"damage":31,"enemies":"3 Darklings","floor":36,"turns":4},{"damage":0,"enemies":"4 Shapes","floor":37,"turns":6},{"damage":19,"enemies":"Jaw Worm Horde","floor":38,"turns":4},{"damage":37,"enemies":"Maw","floor":39,"turns":6},{"damage":32,"enemies":"Reptomancer","floor":41,"turns":2}],"seed_played":"-3644531938333722290","potions_obtained":[{"floor":1.0,"key":"Block Potion"},{"floor":6.0,"key":"Energy Potion"},{"floor":10.0,"key":"Block Potion"},{"floor":14.0,"key":"LiquidBronze"},{"floor":16.0,"key":"PowerPotion"},{"floor":21.0,"key":"Weak Potion"},{"floor":28.0,"key":"Swift Potion"},{"floor":29.0,"key":"SkillPotion"}],"is_trial":false,"path_per_floor":["M","M","$","?","M","?","M","R","T","M","R","M","$","M","R","B",null,"M","M","?","M","M","R","?","?","T","?","M","M","R","?","R","B",null,"M","M","M","M","M","R","E"],"character_chosen":"THE_SILENT","items_purchased":["Orichalcum","Backflip","LiquidBronze"],"campfire_rested":2,"item_purchase_floors":[3,3,13],"current_hp_per_floor":[44,37,37,37,37,37,37,37,37,31,50,42,42,35,35,35,58,51,49,49,37,35,35,35,17,17,17,37,49,49,49,49,11,40,49,27,39,30,11,25,0],"gold":416,"neow_bonus":"TWO_FIFTY_GOLD","is_prod":false,"is_daily":false,"chose_seed":false,"campfire_upgraded":5,"win_rate":0,"timestamp":1570348105,"path_taken":["M","M","$","?","M","?","M","R","T","?","R","M","?","M","R","BOSS","M","M","?","?","M","R","?","?","T","?","M","M","R","?","R","BOSS","M","M","M","M","M","R","E"],"build_version":"2019-07-17","purchased_purges":1,"victory":false,"max_hp_per_floor":[66,66,66,66,66,66,66,66,66,66,66,66,66,66,66,66,66,66,66,66,66,66,66,66,71,71,49,49,49,49,49,49,49,49,49,49,49,49,49,49,49],"card_choices":[{"not_picked":["Prepared","Underhanded Strike"],"picked":"Crippling Poison","floor":1.0},{"not_picked":["Riddle With Holes","Underhanded Strike"],"picked":"Catalyst","floor":2.0},{"not_picked":["Deflect","Tactician"],"picked":"PiercingWail","floor":5.0},{"not_picked":["Deflect","Blade Dance","Distraction"],"picked":"SKIP","floor":7.0},{"not_picked":["Phantasmal Killer","Skewer"],"picked":"Noxious Fumes","floor":10.0},{"not_picked":["Dagger Throw","Noxious Fumes"],"picked":"Well Laid Plans","floor":12.0},{"not_picked":["Flying Knee","Deflect","Backstab"],"picked":"SKIP","floor":14.0},{"not_picked":["Wraith Form v2","Malaise"],"picked":"Adrenaline","floor":16.0},{"not_picked":["Cloak And Dagger","Blade Dance","Finisher"],"picked":"SKIP","floor":18.0},{"not_picked":["Cloak And Dagger","Backflip"],"picked":"Dodge and Roll","floor":19.0},{"not_picked":["Deflect","Dodge and Roll"],"picked":"Outmaneuver","floor":21.0},{"not_picked":["Dodge and Roll","Blur"],"picked":"Underhanded Strike+1","floor":22.0},{"not_picked":["Tactician","Malaise"],"picked":"Outmaneuver","floor":28.0},{"not_picked":["Backstab","Cloak And Dagger"],"picked":"Deadly Poison","floor":29.0},{"not_picked":["Unload","After Image"],"picked":"Night Terror","floor":33.0},{"not_picked":[],"picked":"Predator","floor":35},{"not_picked":[],"picked":"Acrobatics","floor":36},{"not_picked":["Skewer"],"picked":"SKIP","floor":37},{"not_picked":["Flying Knee"],"picked":"SKIP","floor":38},{"not_picked":["Flechettes+1"],"picked":"SKIP","floor":39}],"player_experience":704456,"relics_obtained":[{"floor":9.0,"key":"Sundial"},{"floor":26.0,"key":"Paper Crane"}],"event_choices":[{"damage_healed":0.0,"max_hp_gain":0.0,"max_hp_loss":0.0,"gold_gain":0.0,"event_name":"Liars Game","player_choice":"Ignored","floor":4.0,"gold_loss":0.0,"damage_taken":0.0},{"damage_healed":0.0,"max_hp_gain":0.0,"max_hp_loss":0.0,"gold_gain":0.0,"event_name":"Lab","player_choice":"Got Potions","floor":6.0,"gold_loss":0.0,"damage_taken":0.0},{"damage_healed":0.0,"max_hp_gain":0.0,"max_hp_loss":0.0,"gold_gain":50.0,"event_name":"Golden Shrine","player_choice":"Pray","floor":20.0,"gold_loss":0.0,"damage_taken":0.0},{"damage_healed":0.0,"max_hp_gain":0.0,"max_hp_loss":0.0,"gold_gain":0.0,"event_name":"Addict","player_choice":"Obtained Relic","floor":24.0,"gold_loss":85.0,"damage_taken":0.0,"relics_obtained":["Pocketwatch"]},{"damage_healed":0.0,"max_hp_gain":5.0,"max_hp_loss":0.0,"gold_gain":0.0,"event_name":"Forgotten Altar","player_choice":"Shed Blood","floor":25.0,"gold_loss":0.0,"damage_taken":23.0},{"damage_healed":0.0,"max_hp_gain":0.0,"max_hp_loss":22.0,"gold_gain":0.0,"event_name":"Vampires","player_choice":"Became a vampire","floor":27.0,"gold_loss":0.0,"damage_taken":0.0,"cards_obtained":["Bite","Bite","Bite","Bite","Bite"]},{"damage_healed":0.0,"max_hp_gain":0.0,"max_hp_loss":0.0,"gold_gain":100.0,"event_name":"The Joust","player_choice":"Bet on Murderer","floor":31.0,"gold_loss":50.0,"damage_taken":0.0}],"is_beta":false,"boss_relics":[{"not_picked":["Orrery","Lizard Tail"],"picked":"Snecko Eye"},{"not_picked":["HoveringKite","Runic Dome"],"picked":"Busted Crown"}],"items_purged_floors":[3],"is_endless":false,"potions_floor_spawned":[1,10,14,16,21,28,29],"killed_by":"Reptomancer","ascension_level":20}