{"gold_per_floor":[117,127,142,153,153,153,178,178,256,256,256,271,303,54,54,128,128,141,159,434,257,257,257,284,296,308,337,349,99,99,23,23,23],"floor_reached":33,"playtime":2831,"items_purged":["Strike_G","Regret","Strike_G"],"score":501,"play_id":"658d99dd-123f-4618-94b6-0b86f897d1d1","local_time":"20191005034039","is_ascension_mode":true,"campfire_choices":[{"data":"Poisoned Stab","floor":6.0,"key":"SMITH"},{"floor":8.0,"key":"REST"},{"data":"Deadly Poison","floor":10.0,"key":"SMITH"},{"data":"Calculated Gamble","floor":15.0,"key":"SMITH"},{"floor":23.0,"key":"REST"},{"floor":28.0,"key":"REST"},{"floor":32.0,"key":"REST"}],"neow_cost":"NONE","seed_source_timestamp":2264245738461589,"circlet_count":0,"master_deck":["AscendersBane","Strike_G+1","Strike_G+1","Strike_G+1","Defend_G+1","Defend_G+1","Defend_G+1","Defend_G+1","Defend_G+1","Survivor","Neutralize","Impatience","Poisoned Stab+1","Dodge and Roll","Deadly Poison+1","Blur","Calculated Gamble+1","Catalyst","Well Laid Plans","Backflip","Venomology","Acrobatics","Masterful Stab","Accuracy","Tactician","Blur","Infinite Blades","Cloak And Dagger","Catalyst"],"special_seed":0,"relics":["Ring of the Snake","Ice Cream","Ninja Scroll","CultistMask","Blood Vial","WristBlade","Ornamental Fan","MawBank","Bronze Scales","Pantograph"],"potions_floor_usage":[33],"damage_taken":[{"damage":2.0,"enemies":"Jaw Worm","floor":1.0,"turns":5.0},{"damage":7.0,"enemies":"Cultist","floor":2.0,"turns":5.0},{"damage":0.0,"enemies":"2 Louse","floor":3.0,"turns":2.0},{"damage":4.0,"enemies":"Red Slaver","floor":4.0,"turns":6.0},{"damage":17.0,"enemies":"Gremlin Nob","floor":7.0,"turns":4.0},{"damage":2.0,"enemies":"Large Slime","floor":12.0,"turns":7.0},{"damage":11.0,"enemies":"Lagavulin","floor":13.0,"turns":7.0},{"damage":34.0,"enemies":"Slime Boss","floor":16.0,"turns":9.0},{"damage":16.0,"enemies":"Shell Parasite","floor":18.0,"turns":8.0},{"damage":28.0,"enemies":"Spheric Guardian","floor":19.0,"turns":6.0},{"damage":27.0,"enemies":"Book of Stabbing","floor":24.0,"turns":4.0},{"damage":10.0,"enemies":"Centurion and Healer","floor":27.0,"turns":9.0},{"damage":71,"enemies":"Automaton","floor":33,"turns":10}],"seed_played":"-2245580959823411411","potions_obtained":[{"floor":3.0,"key":"FearPotion"},{"floor":7.0,"key":"Dexterity Potion"},{"floor":12.0,"key":"Fire Potion"},{"floor":19.0,"key":"Block Potion"},{"floor":24.0,"key":"Weak Potion"}],"is_trial":false,"path_per_floor":["M","M","M","M","?","R","E","R","T","R","?","M","E","$","R","B",null,"M","M","?","$","T","R","E","?","T","M","R","$","?","$","R","B"],"character_chosen":"THE_SILENT","items_purchased":["Catalyst","Well Laid Plans","Backflip","Accuracy","Infinite Blades","Cloak And Dagger","Catalyst"],"campfire_rested":4,"item_purchase_floors":[14,14,14,21,29,29,31],"current_hp_per_floor":[57,50,50,46,46,46,29,48,48,48,48,46,35,35,35,3,50,36,25,25,25,25,44,19,19,19,11,30,30,30,30,49,0],"gold":23,"neow_bonus":"RANDOM_COLORLESS","is_prod":false,"is_daily":false,"chose_seed":false,"campfire_upgraded":3,"win_rate":0,"timestamp":1570261239,"path_taken":["M","M","M","M","?","R","E","R","T","R","?","M","E","$","R","BOSS","M","M","?","$","?","R","E","?","T","?","R","?","?","$","R","BOSS"],"build_version":"2019-07-17","purchased_purges":3,"victory":false,"max_hp_per_floor":[66,66,66,66,66,66,66,66,66,66,66,66,66,66,66,66,66,66,66,66,66,66,66,66,66,66,66,66,66,66,66,66,66],"card_choices":[{"not_picked":["Dodge and Roll","Skewer","Underhanded Strike"],"picked":"SKIP","floor":1.0},{"not_picked":["Distraction","Outmaneuver"],"picked":"Poisoned Stab","floor":2.0},{"not_picked":["Distraction","Infinite Blades"],"picked":"Dodge and Roll","floor":3.0},{"not_picked":["Deflect","Endless Agony"],"picked":"Deadly Poison","floor":4.0},{"not_picked":["Bouncing Flask","Accuracy"],"picked":"Blur","floor":7.0},{"not_picked":["Sucker Punch","Prepared","Setup"],"picked":"SKIP","floor":12.0},{"not_picked":["PiercingWail","Setup"],"picked":"Calculated Gamble","floor":13.0},{"not_picked":["Malaise","Tools of the Trade"],"picked":"Venomology","floor":16.0},{"not_picked":["Slice","PiercingWail"],"picked":"Acrobatics","floor":18.0},{"not_picked":["Dagger Spray","Crippling Poison"],"picked":"Masterful Stab","floor":19.0},{"not_picked":["Underhanded Strike+1","Skewer"],"picked":"Tactician","floor":24.0},{"not_picked":["Reflex","Dagger Spray"],"picked":"Blur","floor":27.0}],"player_experience":673295,"relics_obtained":[{"floor":7.0,"key":"Ice Cream"},{"floor":9.0,"key":"Ninja Scroll"},{"floor":13.0,"key":"Blood Vial"},{"floor":22.0,"key":"Ornamental Fan"},{"floor":24.0,"key":"MawBank"},{"floor":26.0,"key":"Pantograph"}],"event_choices":[{"damage_healed":0.0,"max_hp_gain":0.0,"max_hp_loss":0.0,"gold_gain":0.0,"event_name":"Scrap Ooze","player_choice":"Fled","floor":5.0,"gold_loss":0.0,"damage_taken":0.0},{"damage_healed":0.0,"max_hp_gain":0.0,"max_hp_loss":0.0,"gold_gain":0.0,"event_name":"FaceTrader","player_choice":"Trade","floor":11.0,"gold_loss":0.0,"damage_taken":0.0,"relics_obtained":["CultistMask"]},{"damage_healed":0.0,"max_hp_gain":0.0,"max_hp_loss":0.0,"gold_gain":275.0,"event_name":"Golden Shrine","player_choice":"Desecrate","floor":20.0,"gold_loss":0.0,"damage_taken":0.0,"cards_obtained":["Regret"]},{"damage_healed":0.0,"max_hp_gain":0.0,"max_hp_loss":0.0,"gold_gain":0.0,"event_name":"WeMeetAgain","player_choice":"Gave Potion","floor":25.0,"gold_loss":0.0,"damage_taken":0.0,"relics_obtained":["Bronze Scales"]},{"damage_healed":0.0,"max_hp_gain":0.0,"max_hp_loss":0.0,"gold_gain":0.0,"event_name":"Back to Basics","player_choice":"Simplicity","floor":30.0,"gold_loss":0.0,"damage_taken":0.0,"cards_upgraded":["Strike_G","Strike_G","Strike_G","Defend_G","Defend_G","Defend_G","Defend_G","Defend_G"]}],"is_beta":false,"boss_relics":[{"not_picked":["Calling Bell","Black Star"],"picked":"WristBlade"}],"items_purged_floors":[14,21,29],"is_endless":false,"potions_floor_spawned":[3,7,12,19,24],"killed_by":"Automaton","ascension_level":17}