{"gold_per_floor":[115,140,152,169,187,187,201,231,255,282,294,327,327,342,342,413,413,424,152,170,189,209,209],"floor_reached":23,"playtime":1732,"items_purged":["Strike_R"],"score":439,"play_id":"480b0260-7ade-411d-9621-ebeb3ecb9ec3","local_time":"20190806140403","is_ascension_mode":true,"campfire_choices":[{"data":"Bash","floor":6.0,"key":"SMITH"},{"floor":15.0,"key":"REST"}],"neow_cost":"NONE","seed_source_timestamp":418278618772400,"circlet_count":0,"master_deck":["AscendersBane","Strike_R","Strike_R","Strike_R","Strike_R","Defend_R","Defend_R+1","Defend_R+1","Defend_R","Bash+1","Hemokinesis","Battle Trance","Armaments+1","Reckless Charge","Shrug It Off","Feed","Ghostly Armor","Impervious","Whirlwind","True Grit"],"special_seed":0,"relics":["Burning Blood","Smiling Mask","Ice Cream","War Paint","Happy Flower","Potion Belt","Velvet Choker","Membership Card"],"potions_floor_usage":[16,22,23,23],"damage_taken":[{"damage":2.0,"enemies":"Cultist","floor":1.0,"turns":4.0},{"damage":7.0,"enemies":"Small Slimes","floor":3.0,"turns":4.0},{"damage":6.0,"enemies":"2 Louse","floor":4.0,"turns":3.0},{"damage":28.0,"enemies":"Lots of Slimes","floor":5.0,"turns":7.0},{"damage":16.0,"enemies":"Blue Slaver","floor":7.0,"turns":4.0},{"damage":22.0,"enemies":"3 Sentries","floor":10.0,"turns":9.0},{"damage":7.0,"enemies":"Looter","floor":11.0,"turns":4.0},{"damage":9.0,"enemies":"Lagavulin","floor":12.0,"turns":6.0},{"damage":18.0,"enemies":"Gremlin Gang","floor":14.0,"turns":6.0},{"damage":24,"enemies":"The Guardian","floor":16,"turns":13},{"damage":18,"enemies":"2 Thieves","floor":18,"turns":4},{"damage":11,"enemies":"Shell Parasite","floor":20,"turns":4},{"damage":28,"enemies":"Snake Plant","floor":21,"turns":4},{"damage":34,"enemies":"Cultist and Chosen","floor":22,"turns":6},{"damage":42,"enemies":"Book of Stabbing","floor":23,"turns":4}],"seed_played":"3223888621139452013","potions_obtained":[{"floor":3.0,"key":"FearPotion"},{"floor":5.0,"key":"SpeedPotion"},{"floor":14.0,"key":"BloodPotion"},{"floor":18,"key":"GamblersBrew"},{"floor":22,"key":"Fire Potion"}],"is_trial":false,"path_per_floor":["M","T","M","M","M","R","M","?","T","E","M","E","?","M","R","B",null,"M","$","M","M","M","E"],"character_chosen":"IRONCLAD","items_purchased":["Membership Card"],"campfire_rested":1,"item_purchase_floors":[19],"current_hp_per_floor":[79,79,78,78,56,56,46,46,46,30,29,26,26,17,42,28,74,62,62,60,42,42,0],"gold":209,"neow_bonus":"TEN_PERCENT_HP_BONUS","is_prod":false,"is_daily":false,"chose_seed":false,"campfire_upgraded":1,"win_rate":0,"timestamp":1565114643,"path_taken":["M","?","?","M","M","R","M","?","T","E","M","E","?","M","R","BOSS","M","$","?","M","M","E"],"build_version":"2019-07-17","purchased_purges":1,"victory":false,"max_hp_per_floor":[82,82,82,82,82,82,82,82,82,82,82,82,82,85,85,89,89,89,89,92,96,100,100],"card_choices":[{"not_picked":["Cleave","Carnage"],"picked":"Hemokinesis","floor":1.0},{"not_picked":["Reckless Charge","Infernal Blade"],"picked":"Battle Trance","floor":3.0},{"not_picked":["Iron Wave","True Grit"],"picked":"Armaments","floor":4.0},{"not_picked":["Heavy Blade","Combust"],"picked":"Reckless Charge","floor":5.0},{"not_picked":["True Grit","Flex","Entrench"],"picked":"SKIP","floor":7.0},{"not_picked":["Flex","Iron Wave"],"picked":"Shrug It Off","floor":10.0},{"not_picked":["Warcry","Cleave","Wild Strike"],"picked":"SKIP","floor":11.0},{"not_picked":["Metallicize","Cleave"],"picked":"Feed","floor":12.0},{"not_picked":["Perfected Strike","Pommel Strike"],"picked":"Ghostly Armor","floor":14.0},{"not_picked":["Berserk","Barricade"],"picked":"Impervious","floor":16},{"not_picked":["True Grit","Cleave"],"picked":"Whirlwind","floor":18},{"not_picked":["Twin Strike+1","Carnage"],"picked":"True Grit","floor":20},{"not_picked":["Bloodletting","Flex+1","Body Slam"],"picked":"SKIP","floor":21},{"not_picked":["Clothesline","Body Slam","Armaments+1"],"picked":"SKIP","floor":22}],"player_experience":2624479,"relics_obtained":[{"floor":2.0,"key":"Smiling Mask"},{"floor":9.0,"key":"War Paint"},{"floor":10.0,"key":"Happy Flower"},{"floor":12.0,"key":"Potion Belt"}],"event_choices":[{"damage_healed":0.0,"max_hp_gain":0.0,"max_hp_loss":0.0,"gold_gain":30.0,"event_name":"Dead Adventurer","player_choice":"Searched \u00272\u0027 times","floor":8.0,"gold_loss":0.0,"damage_taken":0.0,"relics_obtained":["Ice Cream"]},{"damage_healed":0.0,"max_hp_gain":0.0,"max_hp_loss":0.0,"gold_gain":0.0,"event_name":"Accursed Blacksmith","player_choice":"Forge","floor":13.0,"gold_loss":0.0,"damage_taken":0.0,"cards_upgraded":["Armaments"]}],"is_beta":false,"boss_relics":[{"not_picked":["Empty Cage","Lizard Tail"],"picked":"Velvet Choker"}],"items_purged_floors":[19],"is_endless":false,"potions_floor_spawned":[3,5,7,11,14,18,22],"killed_by":"Book of Stabbing","ascension_level":20}