{"gold_per_floor":[116,134,134,157,170,170,204,49,76,116,116,135,135,135,135,135],"floor_reached":16,"playtime":838,"items_purged":["Strike_R"],"score":220,"play_id":"ca733910-3bd2-4f85-9adf-e380cf979e90","local_time":"20191002234249","is_ascension_mode":true,"campfire_choices":[{"data":"Bash","floor":6,"key":"SMITH"},{"data":"Shockwave","floor":11,"key":"SMITH"},{"data":"Carnage","floor":13,"key":"SMITH"},{"data":"Clothesline","floor":15,"key":"SMITH"}],"neow_cost":"NONE","seed_source_timestamp":519548511135600,"circlet_count":0,"master_deck":["AscendersBane","Strike_R","Strike_R","Strike_R","Defend_R","Defend_R","Defend_R","Defend_R","Bash+1","Carnage+1","Twin Strike","Evolve","Sever Soul","Iron Wave","Shockwave+1","Clothesline+1"],"relics":["Burning Blood","Golden Idol","Centennial Puzzle","Happy Flower","MealTicket"],"potions_floor_usage":[5,12,16,16],"damage_taken":[{"damage":5,"enemies":"2 Louse","floor":1,"turns":4},{"damage":14,"enemies":"Jaw Worm","floor":2,"turns":4},{"damage":1,"enemies":"Cultist","floor":4,"turns":3},{"damage":12,"enemies":"Lots of Slimes","floor":5,"turns":4},{"damage":32,"enemies":"Gremlin Nob","floor":7,"turns":4},{"damage":20,"enemies":"3 Sentries","floor":10,"turns":7},{"damage":4,"enemies":"2 Fungi Beasts","floor":12,"turns":2},{"damage":23,"enemies":"Slime Boss","floor":16,"turns":8}],"seed_played":"-2724868350024945265","potions_obtained":[{"floor":1,"key":"Dexterity Potion"},{"floor":4,"key":"Energy Potion"},{"floor":10,"key":"AttackPotion"},{"floor":12,"key":"Energy Potion"}],"is_trial":false,"path_per_floor":["M","M","?","M","M","R","E","$","T","E","R","M","R","?","R","B"],"character_chosen":"IRONCLAD","items_purchased":["Shockwave"],"campfire_rested":0,"item_purchase_floors":[8],"current_hp_per_floor":[76,68,68,73,67,67,41,41,41,27,27,29,29,22,22,0],"gold":135,"neow_bonus":"TEN_PERCENT_HP_BONUS","is_prod":false,"is_daily":false,"chose_seed":false,"campfire_upgraded":4,"win_rate":0,"timestamp":1570074169,"path_taken":["M","M","?","M","M","R","E","$","T","E","R","M","R","?","R","BOSS"],"build_version":"2019-10-02","purchased_purges":1,"victory":false,"max_hp_per_floor":[82,82,74,74,74,74,74,74,74,74,74,74,74,74,74,74],"card_choices":[{"not_picked":["Battle Trance","Intimidate"],"picked":"Carnage","floor":1},{"not_picked":["Clothesline","Perfected Strike"],"picked":"Twin Strike","floor":2},{"not_picked":["Ghostly Armor","Battle Trance"],"picked":"Evolve","floor":4},{"not_picked":["Flex","Shrug It Off"],"picked":"Sever Soul","floor":5},{"not_picked":["Spot Weakness","Havoc"],"picked":"Iron Wave","floor":7},{"not_picked":["Carnage","Twin Strike"],"picked":"Clothesline","floor":10},{"not_picked":["Uppercut","Infernal Blade","Headbutt"],"picked":"SKIP","floor":12}],"player_experience":121016,"relics_obtained":[{"floor":7,"key":"Centennial Puzzle"},{"floor":9,"key":"Happy Flower"},{"floor":10,"key":"MealTicket"}],"event_choices":[{"damage_healed":0,"gold_gain":0,"player_choice":"Lose Max HP","damage_taken":0,"relics_obtained":["Golden Idol"],"max_hp_gain":0,"max_hp_loss":8,"event_name":"Golden Idol","floor":3,"gold_loss":0},{"cards_removed":["Strike_R"],"damage_healed":0,"gold_gain":0,"player_choice":"Card Removal","damage_taken":7,"max_hp_gain":0,"max_hp_loss":0,"event_name":"Golden Wing","floor":14,"gold_loss":0}],"is_beta":true,"boss_relics":[],"items_purged_floors":[8],"is_endless":false,"potions_floor_spawned":[1,4,10,12],"killed_by":"Slime Boss","ascension_level":20}