{"gold_per_floor":[111,111,111,123,134,134,159,159,211,239,239,239,239,250,250,321,321,333,347,77,95,110,110],"floor_reached":23,"playtime":1444,"items_purged":["Strike_R"],"score":502,"play_id":"9b230a11-403a-42ae-b249-2dfddcd40a2e","local_time":"20190802163455","is_ascension_mode":true,"campfire_choices":[{"data":"Perfected Strike","floor":6,"key":"SMITH"},{"data":"Cleave","floor":8,"key":"SMITH"},{"data":"Spot Weakness","floor":13,"key":"SMITH"},{"data":"Combust","floor":15,"key":"SMITH"}],"neow_cost":"NONE","seed_source_timestamp":82078133715700,"circlet_count":0,"master_deck":["AscendersBane","Strike_R+1","Strike_R+1","Strike_R","Strike_R","Defend_R","Defend_R","Defend_R","Defend_R","Bash+1","Cleave+1","Shrug It Off","Perfected Strike+1","Spot Weakness+1","Combust+1","Reaper","Battle Trance+1","Shrug It Off","Metallicize","Perfected Strike+1"],"relics":["Burning Blood","Smiling Mask","Art of War","Whetstone","Oddly Smooth Stone","Velvet Choker","Bronze Scales"],"potions_floor_usage":[7,10,16,19,23],"damage_taken":[{"damage":24,"enemies":"Jaw Worm","floor":1,"turns":5},{"damage":1,"enemies":"Cultist","floor":4,"turns":3},{"damage":1,"enemies":"2 Louse","floor":5,"turns":3},{"damage":8,"enemies":"Gremlin Nob","floor":7,"turns":3},{"damage":22,"enemies":"Lagavulin","floor":10,"turns":8},{"damage":5,"enemies":"Looter","floor":14,"turns":4},{"damage":4,"enemies":"Slime Boss","floor":16,"turns":5},{"damage":34,"enemies":"3 Byrds","floor":18,"turns":5},{"damage":10,"enemies":"Spheric Guardian","floor":19,"turns":4},{"damage":24,"enemies":"Chosen and Byrds","floor":21,"turns":7},{"damage":28,"enemies":"Centurion and Healer","floor":22,"turns":5},{"damage":35,"enemies":"Book of Stabbing","floor":23,"turns":5}],"seed_played":"-3872399114052209700","potions_obtained":[{"floor":0,"key":"PowerPotion"},{"floor":0,"key":"PowerPotion"},{"floor":7,"key":"Block Potion"},{"floor":10,"key":"PowerPotion"},{"floor":16,"key":"Ancient Potion"},{"floor":18,"key":"Dexterity Potion"},{"floor":21,"key":"Strength Potion"}],"is_trial":false,"path_per_floor":["M","?","?","M","M","R","E","R","T","E","?","?","R","M","R","B",null,"M","M","$","M","M","E"],"character_chosen":"IRONCLAD","items_purchased":["Bronze Scales","Shrug It Off"],"campfire_rested":0,"item_purchase_floors":[20,20],"current_hp_per_floor":[50,50,50,55,60,60,58,58,58,42,67,49,49,50,50,52,69,45,41,41,29,27,0],"gold":110,"neow_bonus":"THREE_SMALL_POTIONS","is_prod":false,"is_daily":false,"chose_seed":false,"campfire_upgraded":4,"win_rate":0,"timestamp":1564778095,"path_taken":["M","?","?","?","M","R","E","R","T","E","?","?","R","M","R","BOSS","M","M","$","M","M","E"],"build_version":"2019-07-17","purchased_purges":1,"victory":false,"max_hp_per_floor":[75,75,75,75,75,75,75,75,75,75,75,75,75,75,75,75,75,75,75,75,75,75,75],"card_choices":[{"not_picked":["Reaper","Dual Wield"],"picked":"Cleave","floor":1},{"not_picked":["Flex","Pummel"],"picked":"Shrug It Off","floor":4},{"not_picked":["Twin Strike","Sever Soul"],"picked":"Perfected Strike","floor":5},{"not_picked":["Cleave","Infernal Blade"],"picked":"Spot Weakness","floor":7},{"not_picked":["Brutality","Pommel Strike"],"picked":"Combust","floor":10},{"not_picked":["True Grit","Bloodletting","Inflame"],"picked":"SKIP","floor":14},{"not_picked":["Dark Embrace","Berserk"],"picked":"Reaper","floor":16},{"not_picked":["Warcry","Cleave"],"picked":"Battle Trance+1","floor":18},{"not_picked":["Spot Weakness","Heavy Blade","Iron Wave+1"],"picked":"SKIP","floor":19},{"not_picked":["Armaments","Seeing Red"],"picked":"Metallicize","floor":21},{"not_picked":["Heavy Blade","Pommel Strike"],"picked":"Perfected Strike+1","floor":22}],"player_experience":2539952,"relics_obtained":[{"floor":7,"key":"Smiling Mask"},{"floor":9,"key":"Art of War"},{"floor":10,"key":"Whetstone"}],"event_choices":[{"damage_healed":0,"gold_gain":0,"player_choice":"Ignored","damage_taken":0,"max_hp_gain":0,"max_hp_loss":0,"event_name":"Golden Wing","floor":2,"gold_loss":0},{"damage_healed":0,"gold_gain":0,"player_choice":"Upgraded","damage_taken":0,"max_hp_gain":0,"max_hp_loss":0,"event_name":"Upgrade Shrine","floor":3,"gold_loss":0,"cards_upgraded":["Bash"]},{"damage_healed":25,"gold_gain":0,"player_choice":"Banana","damage_taken":0,"max_hp_gain":0,"max_hp_loss":0,"event_name":"Big Fish","floor":11,"gold_loss":0},{"damage_healed":0,"gold_gain":0,"player_choice":"Success","damage_taken":18,"relics_obtained":["Oddly Smooth Stone"],"max_hp_gain":0,"max_hp_loss":0,"event_name":"Scrap Ooze","floor":12,"gold_loss":0}],"is_beta":false,"boss_relics":[{"not_picked":["Runic Dome","Cursed Key"],"picked":"Velvet Choker"}],"items_purged_floors":[20],"is_endless":false,"potions_floor_spawned":[5,7,10,16,18,21,22],"killed_by":"Book of Stabbing","ascension_level":20}