{"gold_per_floor":[112,131,143,53,72,72,107,126,194,194,221,6,6,6,6,78,78,93,93,93,93,93,124,124,143,143,26,40,67,84,94,94,169,169,182,193,93,93,107,107,137,147,217,217,217,245,245,261,261,261],"floor_reached":51,"playtime":6586,"items_purged":["Writhe","Strike_G"],"score":1535,"play_id":"75aacf8d-3de1-41f8-8292-34465282bd31","local_time":"20191005145635","is_ascension_mode":true,"campfire_choices":[{"data":"Footwork","floor":6.0,"key":"SMITH"},{"floor":10.0,"key":"REST"},{"floor":13.0,"key":"REST"},{"data":"Apotheosis","floor":15.0,"key":"SMITH"},{"floor":24.0,"key":"REST"},{"floor":32.0,"key":"REST"},{"floor":40.0,"key":"REST"},{"floor":44.0,"key":"REST"},{"floor":49.0,"key":"REST"}],"neow_cost":"TEN_PERCENT_HP_LOSS","seed_source_timestamp":2300187654487951,"circlet_count":0,"master_deck":["AscendersBane","Strike_G","Defend_G","Defend_G","Defend_G","Defend_G","Defend_G","Survivor","Neutralize","Footwork+1","Well Laid Plans","Sucker Punch","Poisoned Stab","PiercingWail","Apotheosis+1","Quick Slash","Deadly Poison","Catalyst","Noxious Fumes","Backflip","Night Terror","Calculated Gamble+1","Burst","Escape Plan","Blur+1","Tactician+1"],"special_seed":0,"relics":["Ring of the Snake","Gambling Chip","Juzu Bracelet","Ornamental Fan","Calipers","Fusion Hammer","Pen Nib","Anchor","Kunai","Bottled Tornado","Shuriken","Empty Cage","Strawberry","Blue Candle","PreservedInsect"],"potions_floor_usage":[50],"damage_taken":[{"damage":1.0,"enemies":"Jaw Worm","floor":1.0,"turns":4.0},{"damage":4.0,"enemies":"Small Slimes","floor":2.0,"turns":4.0},{"damage":1.0,"enemies":"Cultist","floor":3.0,"turns":6.0},{"damage":9.0,"enemies":"2 Fungi Beasts","floor":5.0,"turns":4.0},{"damage":21.0,"enemies":"3 Sentries","floor":7.0,"turns":13.0},{"damage":0.0,"enemies":"Looter","floor":8.0,"turns":4.0},{"damage":12.0,"enemies":"Gremlin Nob","floor":11.0,"turns":4.0},{"damage":29.0,"enemies":"Slime Boss","floor":16.0,"turns":17.0},{"damage":0.0,"enemies":"Spheric Guardian","floor":18.0,"turns":6.0},{"damage":17.0,"enemies":"Slavers","floor":23.0,"turns":6.0},{"damage":0.0,"enemies":"Shell Parasite","floor":25.0,"turns":4.0},{"damage":0.0,"enemies":"Snake Plant","floor":28.0,"turns":4.0},{"damage":6.0,"enemies":"Book of Stabbing","floor":29.0,"turns":6.0},{"damage":14.0,"enemies":"Cultist and Chosen","floor":30.0,"turns":5.0},{"damage":6.0,"enemies":"Sentry and Sphere","floor":31.0,"turns":6.0},{"damage":17.0,"enemies":"Automaton","floor":33.0,"turns":9.0},{"damage":18.0,"enemies":"3 Darklings","floor":35.0,"turns":8.0},{"damage":1.0,"enemies":"Orb Walker","floor":36.0,"turns":6.0},{"damage":3.0,"enemies":"Sphere and 2 Shapes","floor":39.0,"turns":6.0},{"damage":10.0,"enemies":"Nemesis","floor":41.0,"turns":7.0},{"damage":12.0,"enemies":"Spire Growth","floor":42.0,"turns":4.0},{"damage":0.0,"enemies":"Giant Head","floor":46.0,"turns":3.0},{"damage":4.0,"enemies":"4 Shapes","floor":48.0,"turns":8.0},{"damage":68,"enemies":"Awakened One","floor":50,"turns":49}],"seed_played":"7933615861330407398","potions_obtained":[{"floor":1.0,"key":"Explosive Potion"},{"floor":7.0,"key":"FearPotion"},{"floor":16.0,"key":"Explosive Potion"},{"floor":18.0,"key":"SpeedPotion"},{"floor":25.0,"key":"SkillPotion"},{"floor":29.0,"key":"AttackPotion"},{"floor":35.0,"key":"SkillPotion"},{"floor":41.0,"key":"LiquidBronze"},{"floor":46.0,"key":"SteroidPotion"},{"floor":48.0,"key":"Regen Potion"}],"is_trial":false,"path_per_floor":["M","M","M","$","M","R","E","M","T","R","E","$","R","?","R","B",null,"M","?","?","?","?","E","R","M","T","$","M","E","M","M","R","B",null,"M","M","$","?","M","R","E","M","T","R","?","E","?","M","R","B",null],"character_chosen":"THE_SILENT","items_purchased":["Well Laid Plans","Apotheosis","Quick Slash","Noxious Fumes"],"campfire_rested":7,"item_purchase_floors":[4,12,12,27],"current_hp_per_floor":[58,54,53,53,44,44,23,23,23,41,29,29,47,52,52,23,55,55,55,55,55,55,38,57,57,57,57,57,51,37,31,50,33,57,39,38,38,38,35,54,51,39,39,60,60,60,60,56,72,19],"gold":261,"neow_bonus":"ONE_RARE_RELIC","is_prod":false,"is_daily":false,"chose_seed":false,"campfire_upgraded":2,"win_rate":0,"timestamp":1570301795,"path_taken":["M","M","M","$","M","R","E","M","T","R","E","$","R","?","R","BOSS","M","?","?","?","?","E","R","M","T","$","M","E","M","M","R","BOSS","M","M","$","?","M","R","E","M","T","R","?","E","?","M","R","BOSS"],"build_version":"2019-07-17","purchased_purges":2,"victory":true,"max_hp_per_floor":[60,60,60,60,60,60,60,60,60,60,60,60,60,65,65,65,65,65,65,65,65,65,65,65,65,65,65,65,65,65,65,65,65,65,65,65,65,65,65,65,72,72,72,72,72,72,72,72,72,72],"card_choices":[{"not_picked":["All Out Attack","Slice","Prepared"],"picked":"SKIP","floor":1.0},{"not_picked":["Poisoned Stab","Reflex"],"picked":"Footwork","floor":2.0},{"not_picked":["Acrobatics","Flechettes","Flying Knee"],"picked":"SKIP","floor":3.0},{"not_picked":["Acrobatics","Terror"],"picked":"Sucker Punch","floor":5.0},{"not_picked":["Wraith Form v2","Sucker Punch","Underhanded Strike"],"picked":"SKIP","floor":7.0},{"not_picked":["Cloak And Dagger","Acrobatics"],"picked":"Poisoned Stab","floor":8.0},{"not_picked":["Poisoned Stab","Dash"],"picked":"PiercingWail","floor":11.0},{"not_picked":["Infinite Blades","Deflect"],"picked":"Deadly Poison","floor":18.0},{"not_picked":["Concentrate","Infinite Blades","Backstab"],"picked":"SKIP","floor":23.0},{"not_picked":["Bane","Predator","All Out Attack"],"picked":"SKIP","floor":25.0},{"not_picked":["All Out Attack","Flying Knee"],"picked":"Backflip","floor":28.0},{"not_picked":["Dodge and Roll","Footwork+1"],"picked":"Night Terror","floor":29.0},{"not_picked":["Outmaneuver","Bane+1"],"picked":"Calculated Gamble+1","floor":30.0},{"not_picked":["Riddle With Holes","Eviscerate","Sucker Punch"],"picked":"SKIP","floor":31.0},{"not_picked":["Storm of Steel","Wraith Form v2"],"picked":"Burst","floor":33.0},{"not_picked":["Backstab+1","Dagger Spray","Bane+1"],"picked":"SKIP","floor":35.0},{"not_picked":["Calculated Gamble","Concentrate","Well Laid Plans"],"picked":"SKIP","floor":36.0},{"not_picked":["Riddle With Holes","Slice"],"picked":"Escape Plan","floor":39.0},{"not_picked":["Bane","Cloak And Dagger+1","Caltrops"],"picked":"SKIP","floor":41.0},{"not_picked":["Dodge and Roll","Predator","Noxious Fumes+1"],"picked":"SKIP","floor":42.0},{"not_picked":["Malaise","Outmaneuver"],"picked":"Blur","floor":46.0},{"not_picked":["Bane","Acrobatics"],"picked":"Tactician+1","floor":48.0}],"player_experience":682416,"relics_obtained":[{"floor":7.0,"key":"Juzu Bracelet"},{"floor":9.0,"key":"Ornamental Fan"},{"floor":11.0,"key":"Calipers"},{"floor":23.0,"key":"Kunai"},{"floor":26.0,"key":"Bottled Tornado"},{"floor":29.0,"key":"Shuriken"},{"floor":41.0,"key":"Strawberry"},{"floor":43.0,"key":"Blue Candle"},{"floor":46.0,"key":"PreservedInsect"}],"event_choices":[{"damage_healed":0.0,"max_hp_gain":5.0,"max_hp_loss":0.0,"gold_gain":0.0,"event_name":"Big Fish","player_choice":"Donut","floor":14.0,"gold_loss":0.0,"damage_taken":0.0},{"cards_removed":["Strike_G"],"damage_healed":0.0,"max_hp_gain":0.0,"max_hp_loss":0.0,"gold_gain":0.0,"event_name":"Back to Basics","player_choice":"Elegance","floor":19.0,"gold_loss":0.0,"damage_taken":0.0},{"damage_healed":0.0,"max_hp_gain":0.0,"max_hp_loss":0.0,"gold_gain":0.0,"event_name":"WeMeetAgain","player_choice":"Gave Potion","floor":20.0,"gold_loss":0.0,"damage_taken":0.0,"relics_obtained":["Pen Nib"]},{"damage_healed":0.0,"max_hp_gain":0.0,"max_hp_loss":0.0,"gold_gain":0.0,"event_name":"The Mausoleum","player_choice":"Opened","floor":21.0,"gold_loss":0.0,"damage_taken":0.0,"relics_obtained":["Anchor"],"cards_obtained":["Writhe"]},{"damage_healed":0.0,"max_hp_gain":0.0,"max_hp_loss":0.0,"gold_gain":0.0,"event_name":"The Library","player_choice":"Read","floor":22.0,"gold_loss":0.0,"damage_taken":0.0,"cards_obtained":["Catalyst"]},{"damage_healed":0.0,"max_hp_gain":0.0,"max_hp_loss":0.0,"gold_gain":0.0,"event_name":"SensoryStone","player_choice":"Memory 1","floor":38.0,"gold_loss":0.0,"damage_taken":0.0},{"damage_healed":0.0,"max_hp_gain":0.0,"max_hp_loss":0.0,"gold_gain":0.0,"event_name":"Tomb of Lord Red Mask","player_choice":"Ignored","floor":45.0,"gold_loss":0.0,"damage_taken":0.0},{"damage_healed":0.0,"max_hp_gain":0.0,"max_hp_loss":0.0,"gold_gain":0.0,"event_name":"Accursed Blacksmith","player_choice":"Forge","floor":47.0,"gold_loss":0.0,"damage_taken":0.0,"cards_upgraded":["Blur"]}],"is_beta":false,"boss_relics":[{"not_picked":["Philosopher\u0027s Stone","HoveringKite"],"picked":"Fusion Hammer"},{"not_picked":["Coffee Dripper","Lizard Tail"],"picked":"Empty Cage"}],"items_purged_floors":[27,37],"is_endless":false,"potions_floor_spawned":[1,7,16,18,25,29,35,41,46,48],"ascension_level":18}