{"gold_per_floor":[112,127,127,127,141,201,240,240,266,266,304,320,345,13,13,143,143,168,93,18,18,31,31,45,89,89,89,105,37,55,55,55,157,157,175,227,227,227,244,244,279,279,279,304,304,304,304,314,314,314],"floor_reached":51,"playtime":2086,"items_purged":["Strike_R"],"score":756,"play_id":"97fbbd0a-9a79-438e-843d-65bc61709653","local_time":"20190909190958","is_ascension_mode":false,"campfire_choices":[{"data":"Carnage","floor":8.0,"key":"SMITH"},{"data":"Anger","floor":10.0,"key":"SMITH"},{"data":"1","floor":15.0,"key":"LIFT"},{"data":"2","floor":23.0,"key":"LIFT"},{"data":"3","floor":27.0,"key":"LIFT"},{"data":"Whirlwind","floor":32.0,"key":"SMITH"},{"data":"Inflame","floor":40.0,"key":"SMITH"},{"data":"Shrug It Off","floor":42.0,"key":"SMITH"},{"data":"Panache","floor":47,"key":"SMITH"},{"data":"Master of Strategy","floor":49,"key":"SMITH"}],"neow_cost":"","seed_source_timestamp":421329978464900,"circlet_count":0,"master_deck":["Strike_R","Strike_R","Strike_R","Defend_R","Defend_R","Defend_R","Bash+1","Carnage+1","Headbutt","Iron Wave","Anger+1","Shrug It Off+1","Feed","Whirlwind+1","Inflame+1","Armaments+1","Shrug It Off","Anger+1","Master of Strategy+1","Panache+1"],"special_seed":0,"relics":["Burning Blood","Bloody Idol","Lantern","MealTicket","Lizard Tail","Girya","Busted Crown","Centennial Puzzle","Bottled Flame","Coffee Dripper","Ice Cream","Kunai","Bottled Lightning","Ancient Tea Set","Anchor"],"potions_floor_usage":[44,50,50,50],"damage_taken":[{"damage":1.0,"enemies":"2 Louse","floor":1.0,"turns":3.0},{"damage":6.0,"enemies":"Jaw Worm","floor":2.0,"turns":3.0},{"damage":10.0,"enemies":"Small Slimes","floor":5.0,"turns":4.0},{"damage":18.0,"enemies":"Gremlin Nob","floor":7.0,"turns":4.0},{"damage":13.0,"enemies":"3 Sentries","floor":11.0,"turns":5.0},{"damage":5.0,"enemies":"Looter","floor":12.0,"turns":3.0},{"damage":0.0,"enemies":"Blue Slaver","floor":13.0,"turns":1.0},{"damage":55.0,"enemies":"The Guardian","floor":16.0,"turns":10.0},{"damage":10.0,"enemies":"3 Byrds","floor":18.0,"turns":5.0},{"damage":17.0,"enemies":"Shell Parasite","floor":22.0,"turns":4.0},{"damage":5.0,"enemies":"Chosen and Byrds","floor":24.0,"turns":4.0},{"damage":35.0,"enemies":"Gremlin Leader","floor":25.0,"turns":4.0},{"damage":4.0,"enemies":"Snake Plant","floor":28.0,"turns":3.0},{"damage":5.0,"enemies":"Shelled Parasite and Fungi","floor":30.0,"turns":2.0},{"damage":69.0,"enemies":"Champ","floor":33.0,"turns":9.0},{"damage":8.0,"enemies":"3 Shapes","floor":35.0,"turns":4.0},{"damage":22.0,"enemies":"2 Orb Walkers","floor":36.0,"turns":3.0},{"damage":5.0,"enemies":"3 Darklings","floor":39.0,"turns":4.0},{"damage":26.0,"enemies":"Reptomancer","floor":41.0,"turns":4.0},{"damage":30,"enemies":"Nemesis","floor":44,"turns":3},{"damage":1,"enemies":"Maw","floor":48,"turns":4},{"damage":58,"enemies":"Awakened One","floor":50,"turns":10}],"seed_played":"7074946453405783703","potions_obtained":[{"floor":5.0,"key":"AttackPotion"},{"floor":7.0,"key":"LiquidBronze"},{"floor":12.0,"key":"Fruit Juice"},{"floor":21.0,"key":"Block Potion"},{"floor":21.0,"key":"Dexterity Potion"},{"floor":30.0,"key":"GamblersBrew"},{"floor":44,"key":"Energy Potion"}],"is_trial":false,"path_per_floor":["M","M","?","?","M","?","E","R","T","R","E","M","M","$","R","B",null,"M","$","?","?","M","R","M","E","T","R","M","$","M","?","R","B",null,"M","?","?","?","M","R","E","R","T","E","?","T","R","M","R","B",null],"character_chosen":"IRONCLAD","items_purchased":["Girya","Shrug It Off","Inflame"],"campfire_rested":0,"item_purchase_floors":[14,14,29],"current_hp_per_floor":[80,80,80,60,56,56,44,44,44,44,37,38,44,59,59,15,85,84,88,88,88,77,77,81,55,55,55,60,75,76,76,76,18,97,97,89,89,89,95,95,80,80,80,61,51,51,51,61,61,9],"gold":314,"neow_bonus":"","is_prod":false,"is_daily":false,"chose_seed":false,"campfire_upgraded":7,"win_rate":0.0,"timestamp":1568070598,"path_taken":["M","M","?","?","M","?","E","R","T","R","E","M","M","$","R","BOSS","M","$","?","?","M","R","M","E","T","R","M","$","?","?","R","BOSS","M","?","?","?","M","R","E","R","T","E","?","?","R","M","R","BOSS"],"build_version":"2019-09-09","purchased_purges":1,"victory":true,"max_hp_per_floor":[80,80,80,80,80,80,80,80,80,80,80,80,80,80,80,85,85,88,88,88,88,88,88,91,94,94,94,97,97,97,97,97,97,97,97,100,100,95,95,95,95,95,95,95,95,95,95,95,95,95],"card_choices":[{"not_picked":["Body Slam","Battle Trance"],"picked":"Carnage","floor":1.0},{"not_picked":["Uppercut","Clothesline"],"picked":"Headbutt","floor":2.0},{"not_picked":["Headbutt","Cleave"],"picked":"Iron Wave","floor":5.0},{"not_picked":["Shrug It Off","Carnage"],"picked":"Anger","floor":7.0},{"not_picked":["Clothesline","Anger","Ghostly Armor"],"picked":"SKIP","floor":11.0},{"not_picked":["Sword Boomerang","Clothesline","Clash"],"picked":"SKIP","floor":12.0},{"not_picked":["Iron Wave","Perfected Strike","Flex"],"picked":"SKIP","floor":13.0},{"not_picked":["Berserk","Double Tap"],"picked":"Feed","floor":16.0},{"not_picked":[],"picked":"Whirlwind","floor":18.0},{"not_picked":["Body Slam"],"picked":"SKIP","floor":22.0},{"not_picked":["Power Through"],"picked":"SKIP","floor":24.0},{"not_picked":["Warcry"],"picked":"SKIP","floor":25.0},{"not_picked":["Combust"],"picked":"SKIP","floor":28.0},{"not_picked":["Rage+1"],"picked":"SKIP","floor":30.0},{"not_picked":["Warcry+1"],"picked":"SKIP","floor":35.0},{"not_picked":[],"picked":"Armaments+1","floor":36.0},{"not_picked":["Flex"],"picked":"SKIP","floor":39.0},{"not_picked":[],"picked":"Shrug It Off","floor":41.0},{"not_picked":["Anger+1"],"picked":"SKIP","floor":44},{"not_picked":[],"picked":"Anger+1","floor":44},{"not_picked":[],"picked":"Master of Strategy","floor":45},{"not_picked":[],"picked":"Panache","floor":45},{"not_picked":["Headbutt+1"],"picked":"SKIP","floor":48}],"player_experience":0,"relics_obtained":[{"floor":7.0,"key":"Lantern"},{"floor":9.0,"key":"MealTicket"},{"floor":11.0,"key":"Lizard Tail"},{"floor":25.0,"key":"Centennial Puzzle"},{"floor":26.0,"key":"Bottled Flame"},{"floor":36.0,"key":"Ice Cream"},{"floor":41.0,"key":"Kunai"},{"floor":43.0,"key":"Bottled Lightning"},{"floor":44,"key":"Ancient Tea Set"},{"floor":46,"key":"Anchor"}],"event_choices":[{"damage_healed":0.0,"max_hp_gain":0.0,"max_hp_loss":0.0,"gold_gain":0.0,"event_name":"Living Wall","player_choice":"Grow","floor":3.0,"gold_loss":0.0,"damage_taken":0.0,"cards_upgraded":["Bash"]},{"damage_healed":0.0,"max_hp_gain":0.0,"max_hp_loss":0.0,"gold_gain":0.0,"event_name":"Golden Idol","player_choice":"Take Damage","floor":4.0,"gold_loss":0.0,"damage_taken":20.0,"relics_obtained":["Golden Idol"]},{"damage_healed":0.0,"max_hp_gain":0.0,"max_hp_loss":0.0,"gold_gain":60.0,"event_name":"Golden Wing","player_choice":"Gained Gold","floor":6.0,"gold_loss":0.0,"damage_taken":0.0},{"cards_removed":["Strike_R"],"damage_healed":0.0,"max_hp_gain":0.0,"max_hp_loss":0.0,"gold_gain":0.0,"event_name":"Beggar","player_choice":"Gave Gold","floor":20.0,"gold_loss":75.0,"damage_taken":0.0},{"damage_healed":0.0,"max_hp_gain":0.0,"max_hp_loss":0.0,"gold_gain":0.0,"event_name":"Lab","player_choice":"Got Potions","floor":21.0,"gold_loss":0.0,"damage_taken":0.0},{"damage_healed":0.0,"max_hp_gain":0.0,"max_hp_loss":0.0,"gold_gain":0.0,"event_name":"Forgotten Altar","player_choice":"Gave Idol","floor":31.0,"relics_lost":["Golden Idol"],"gold_loss":0.0,"damage_taken":0.0,"relics_obtained":["Bloody Idol"]},{"damage_healed":0.0,"max_hp_gain":0.0,"max_hp_loss":0.0,"gold_gain":0.0,"event_name":"Mysterious Sphere","player_choice":"Fight","floor":36.0,"gold_loss":0.0,"damage_taken":0.0},{"cards_removed":["Defend_R"],"damage_healed":0.0,"max_hp_gain":0.0,"max_hp_loss":0.0,"gold_gain":0.0,"event_name":"Falling","player_choice":"Removed Skill","floor":37.0,"gold_loss":0.0,"damage_taken":0.0},{"damage_healed":0.0,"max_hp_gain":0.0,"max_hp_loss":5.0,"gold_gain":0.0,"event_name":"Winding Halls","player_choice":"Max HP","floor":38.0,"gold_loss":0.0,"damage_taken":0.0},{"damage_healed":0,"gold_gain":0,"player_choice":"Memory 3","damage_taken":10,"max_hp_gain":0,"max_hp_loss":0,"event_name":"SensoryStone","floor":45,"gold_loss":0}],"is_beta":true,"boss_relics":[{"not_picked":["Runic Cube","Tiny House"],"picked":"Busted Crown"},{"not_picked":["Cursed Key","Black Star"],"picked":"Coffee Dripper"}],"items_purged_floors":[19],"is_endless":false,"potions_floor_spawned":[5,7,12,30,33,35,44],"ascension_level":0}