{"gold_per_floor":[116,116,130,143,143,143,176,176,176,136,17,17,17,55,55,55],"floor_reached":16,"playtime":603,"items_purged":["Strike_R"],"score":212,"play_id":"49293b83-32fc-4ff2-af31-4133f8e59e2d","local_time":"20190924002702","is_ascension_mode":true,"campfire_choices":[{"data":"Bash","floor":6.0,"key":"SMITH"},{"data":"Armaments","floor":8.0,"key":"SMITH"},{"data":"Disarm","floor":15,"key":"SMITH"}],"neow_cost":"NONE","seed_source_timestamp":781897530581600,"circlet_count":0,"master_deck":["AscendersBane","Strike_R","Strike_R","Strike_R","Defend_R","Defend_R","Defend_R","Defend_R","Bash+1","Rampage","Disarm+1","Spot Weakness","Armaments+1","Feel No Pain","Metallicize"],"special_seed":0,"relics":["Burning Blood","Golden Idol","Orichalcum","Mummified Hand","CeramicFish"],"potions_floor_usage":[14,16],"damage_taken":[{"damage":8.0,"enemies":"2 Louse","floor":1.0,"turns":3.0},{"damage":14.0,"enemies":"Jaw Worm","floor":3.0,"turns":5.0},{"damage":2.0,"enemies":"Small Slimes","floor":4.0,"turns":4.0},{"damage":47.0,"enemies":"3 Sentries","floor":7.0,"turns":9.0},{"damage":5.0,"enemies":"Looter","floor":10.0,"turns":4.0},{"damage":12,"enemies":"Gremlin Nob","floor":14,"turns":4},{"damage":30,"enemies":"The Guardian","floor":16,"turns":2}],"seed_played":"1645128762867932855","potions_obtained":[{"floor":1.0,"key":"SteroidPotion"},{"floor":3.0,"key":"SkillPotion"},{"floor":7.0,"key":"EssenceOfSteel"},{"floor":14,"key":"GamblersBrew"}],"is_trial":false,"path_per_floor":["M","?","M","M","?","R","E","R","T","M","$","$","?","E","R","B"],"character_chosen":"IRONCLAD","items_purchased":["Metallicize"],"campfire_rested":0,"item_purchase_floors":[11],"current_hp_per_floor":[73,66,58,62,62,62,21,21,21,22,22,22,22,16,16,0],"gold":55,"neow_bonus":"TEN_PERCENT_HP_BONUS","is_prod":false,"is_daily":false,"chose_seed":false,"campfire_upgraded":3,"win_rate":0,"timestamp":1569299222,"path_taken":["M","?","M","M","?","R","E","R","T","M","?","$","?","E","R","BOSS"],"build_version":"2019-09-23","purchased_purges":1,"victory":false,"max_hp_per_floor":[82,82,82,82,74,74,74,74,74,74,74,74,74,74,74,74],"card_choices":[{"not_picked":["True Grit","Flex"],"picked":"Rampage","floor":1.0},{"not_picked":["Ghostly Armor","Heavy Blade"],"picked":"Disarm","floor":3.0},{"not_picked":["Disarm","Evolve"],"picked":"Spot Weakness","floor":4.0},{"not_picked":["Intimidate","Blood for Blood"],"picked":"Armaments","floor":7.0},{"not_picked":["Seeing Red","Clash"],"picked":"Feel No Pain","floor":10.0},{"not_picked":["Evolve","Fire Breathing","Dropkick"],"picked":"SKIP","floor":14}],"player_experience":96373,"relics_obtained":[{"floor":7.0,"key":"Orichalcum"},{"floor":9.0,"key":"Mummified Hand"},{"floor":14,"key":"CeramicFish"}],"event_choices":[{"cards_removed":["Strike_R"],"damage_healed":0.0,"max_hp_gain":0.0,"max_hp_loss":0.0,"gold_gain":0.0,"event_name":"Golden Wing","player_choice":"Card Removal","floor":2.0,"gold_loss":0.0,"damage_taken":7.0},{"damage_healed":0.0,"max_hp_gain":0.0,"max_hp_loss":8.0,"gold_gain":0.0,"event_name":"Golden Idol","player_choice":"Lose Max HP","floor":5.0,"gold_loss":0.0,"damage_taken":0.0,"relics_obtained":["Golden Idol"]},{"damage_healed":0.0,"max_hp_gain":0.0,"max_hp_loss":0.0,"gold_gain":0.0,"event_name":"Liars Game","player_choice":"Ignored","floor":13.0,"gold_loss":0.0,"damage_taken":0.0}],"is_beta":true,"boss_relics":[],"items_purged_floors":[11],"is_endless":false,"potions_floor_spawned":[1,3,7,14],"killed_by":"The Guardian","ascension_level":20}