{"gold_per_floor":[111,123,139,139,139,171,181,146,172,187,187,203,221,237,237,237],"floor_reached":16,"playtime":1110,"items_purged":[],"score":212,"play_id":"810b5c6d-d4fe-44aa-9c64-ebd3eb05c60b","local_time":"20190802112030","is_ascension_mode":true,"campfire_choices":[{"data":"Cleave","floor":15,"key":"SMITH"}],"neow_cost":"NONE","seed_source_timestamp":63437886771900,"circlet_count":0,"master_deck":["AscendersBane","Strike_R","Strike_R","Strike_R","Strike_R","Defend_R+1","Defend_R+1","Defend_R","Defend_R","Bash+1","Spot Weakness","Headbutt","Cleave+1","Iron Wave","Shockwave","Heavy Blade","Shrug It Off"],"special_seed":0,"relics":["Burning Blood","War Paint","Centennial Puzzle","Omamori"],"potions_floor_usage":[16,16],"damage_taken":[{"damage":2.0,"enemies":"2 Louse","floor":1.0,"turns":4.0},{"damage":1.0,"enemies":"Small Slimes","floor":2.0,"turns":4.0},{"damage":9.0,"enemies":"Jaw Worm","floor":3.0,"turns":4.0},{"damage":32.0,"enemies":"Lagavulin","floor":6.0,"turns":5.0},{"damage":18,"enemies":"Exordium Thugs","floor":7,"turns":5},{"damage":17,"enemies":"Gremlin Gang","floor":10,"turns":3},{"damage":11,"enemies":"Large Slime","floor":12,"turns":5},{"damage":0,"enemies":"3 Louse","floor":13,"turns":4},{"damage":2,"enemies":"Looter","floor":14,"turns":5},{"damage":45,"enemies":"Slime Boss","floor":16,"turns":7}],"seed_played":"4062421135880161327","potions_obtained":[{"floor":1.0,"key":"Ancient Potion"},{"floor":2.0,"key":"PowerPotion"},{"floor":10,"key":"GamblersBrew"},{"floor":12,"key":"AttackPotion"},{"floor":13,"key":"EssenceOfSteel"}],"is_trial":false,"path_per_floor":["M","M","M","?","?","E","M","?","T","M","?","M","M","M","R","B"],"character_chosen":"IRONCLAD","items_purchased":[],"campfire_rested":0,"item_purchase_floors":[],"current_hp_per_floor":[79,82,79,79,68,42,30,50,50,39,32,27,33,37,37,0],"gold":237,"neow_bonus":"TEN_PERCENT_HP_BONUS","is_prod":false,"is_daily":false,"chose_seed":false,"campfire_upgraded":1,"win_rate":0,"timestamp":1564759230,"path_taken":["M","M","M","?","?","E","M","?","T","M","?","?","M","M","R","BOSS"],"build_version":"2019-07-17","purchased_purges":0,"victory":false,"max_hp_per_floor":[82,82,82,82,82,82,82,82,82,82,82,82,82,82,82,82],"card_choices":[{"not_picked":["Havoc","Evolve"],"picked":"Spot Weakness","floor":1.0},{"not_picked":["Infernal Blade","Feel No Pain"],"picked":"Headbutt","floor":2.0},{"not_picked":["Wild Strike","Warcry"],"picked":"Cleave","floor":3.0},{"not_picked":["Pummel","Double Tap"],"picked":"Iron Wave","floor":6.0},{"not_picked":["Wild Strike","Heavy Blade"],"picked":"Shockwave","floor":7},{"not_picked":["Flame Barrier","Cleave"],"picked":"Heavy Blade","floor":10},{"not_picked":["Headbutt","Heavy Blade"],"picked":"Shrug It Off","floor":12},{"not_picked":["Clash","Sever Soul","Anger"],"picked":"SKIP","floor":13},{"not_picked":["Pommel Strike","Iron Wave","Havoc"],"picked":"SKIP","floor":14}],"player_experience":2538842,"relics_obtained":[{"floor":6.0,"key":"Centennial Puzzle"},{"floor":9,"key":"Omamori"}],"event_choices":[{"damage_healed":0.0,"max_hp_gain":0.0,"max_hp_loss":0.0,"gold_gain":0.0,"event_name":"Living Wall","player_choice":"Grow","floor":4.0,"gold_loss":0.0,"damage_taken":0.0,"cards_upgraded":["Bash"]},{"damage_healed":0.0,"max_hp_gain":0.0,"max_hp_loss":0.0,"gold_gain":0.0,"event_name":"Scrap Ooze","player_choice":"Success","floor":5.0,"gold_loss":0.0,"damage_taken":11.0,"relics_obtained":["War Paint"]},{"damage_healed":20,"gold_gain":0,"player_choice":"Healed","damage_taken":0,"max_hp_gain":0,"max_hp_loss":0,"event_name":"The Cleric","floor":8,"gold_loss":35},{"cards_removed":["Strike_R"],"damage_healed":0,"gold_gain":0,"player_choice":"Card Removal","damage_taken":7,"max_hp_gain":0,"max_hp_loss":0,"event_name":"Golden Wing","floor":11,"gold_loss":0}],"is_beta":false,"boss_relics":[],"items_purged_floors":[],"is_endless":false,"potions_floor_spawned":[1,2,10,12,13,14],"killed_by":"Slime Boss","ascension_level":20}