{"gold_per_floor":[110,185,203,203,203,203,238,238,238,263,276,299,299,330,330,330],"floor_reached":16,"playtime":729,"items_purged":[],"score":270,"play_id":"1c315736-edb8-41c8-903e-c9ed9a1291cf","local_time":"20191006193114","is_ascension_mode":true,"campfire_choices":[{"data":"Bullet Time","floor":6.0,"key":"SMITH"},{"data":"Noxious Fumes","floor":8.0,"key":"SMITH"},{"data":"Catalyst","floor":15,"key":"SMITH"}],"neow_cost":"NONE","seed_source_timestamp":86928104621790,"circlet_count":0,"master_deck":["AscendersBane","Strike_G","Strike_G","Strike_G","Strike_G","Defend_G","Defend_G","Defend_G","Defend_G","Defend_G","Survivor","Neutralize","Poisoned Stab","Injury","Bullet Time+1","Footwork","Quick Slash","Neutralize","Noxious Fumes+1","Dodge and Roll","Catalyst+1"],"special_seed":0,"relics":["Ring of the Snake","NeowsBlessing","Golden Idol","Lantern","Pear","Singing Bowl"],"potions_floor_usage":[],"damage_taken":[{"damage":0.0,"enemies":"Jaw Worm","floor":1.0,"turns":1.0},{"damage":0.0,"enemies":"Small Slimes","floor":3.0,"turns":1.0},{"damage":0.0,"enemies":"Lagavulin","floor":7.0,"turns":1.0},{"damage":1.0,"enemies":"Cultist","floor":10.0,"turns":4.0},{"damage":0.0,"enemies":"2 Fungi Beasts","floor":11.0,"turns":3.0},{"damage":4.0,"enemies":"Exordium Wildlife","floor":12.0,"turns":4.0},{"damage":22.0,"enemies":"Gremlin Nob","floor":14.0,"turns":4.0},{"damage":27,"enemies":"Hexaghost","floor":16,"turns":7}],"seed_played":"3753057904172193064","potions_obtained":[{"floor":3.0,"key":"Poison Potion"},{"floor":10.0,"key":"Weak Potion"}],"is_trial":false,"path_per_floor":["M","?","M","?","?","R","E","R","T","M","M","M","?","E","R","B"],"character_chosen":"THE_SILENT","items_purchased":[],"campfire_rested":0,"item_purchase_floors":[],"current_hp_per_floor":[59,48,48,48,48,48,48,48,58,57,57,53,46,26,26,0],"gold":330,"neow_bonus":"THREE_ENEMY_KILL","is_prod":false,"is_daily":false,"chose_seed":false,"campfire_upgraded":3,"win_rate":0,"timestamp":1570404674,"path_taken":["M","?","M","?","?","R","E","R","T","M","M","?","?","E","R","BOSS"],"build_version":"2019-07-17","purchased_purges":0,"victory":false,"max_hp_per_floor":[66,66,66,66,66,66,66,66,76,76,76,76,76,78,78,78],"card_choices":[{"not_picked":["Dodge and Roll","Outmaneuver"],"picked":"Poisoned Stab","floor":1.0},{"not_picked":["Eviscerate","Sucker Punch","Dagger Throw"],"picked":"SKIP","floor":3.0},{"not_picked":["Underhanded Strike","Predator"],"picked":"Noxious Fumes","floor":7.0},{"not_picked":["Skewer","Predator"],"picked":"Dodge and Roll","floor":10.0},{"not_picked":["Acrobatics","Predator"],"picked":"Catalyst","floor":11.0},{"not_picked":["Bane","Dagger Spray","A Thousand Cuts"],"picked":"SKIP","floor":12.0},{"not_picked":["Concentrate","Setup","Quick Slash"],"picked":"Singing Bowl","floor":14.0}],"player_experience":724035,"relics_obtained":[{"floor":7.0,"key":"Lantern"},{"floor":9.0,"key":"Pear"},{"floor":14.0,"key":"Singing Bowl"}],"event_choices":[{"damage_healed":0.0,"max_hp_gain":0.0,"max_hp_loss":0.0,"gold_gain":75.0,"event_name":"World of Goop","player_choice":"Gather Gold","floor":2.0,"gold_loss":0.0,"damage_taken":11.0},{"damage_healed":0.0,"max_hp_gain":0.0,"max_hp_loss":0.0,"gold_gain":0.0,"event_name":"Golden Idol","player_choice":"Take Wound","floor":4.0,"gold_loss":0.0,"damage_taken":0.0,"relics_obtained":["Golden Idol"],"cards_obtained":["Injury"]},{"damage_healed":0.0,"max_hp_gain":0.0,"max_hp_loss":0.0,"gold_gain":0.0,"event_name":"Match and Keep!","player_choice":"4 cards matched","floor":5.0,"gold_loss":0.0,"damage_taken":0.0,"cards_obtained":["Bullet Time","Footwork","Quick Slash","Neutralize"]},{"cards_removed":["Strike_G"],"damage_healed":0.0,"max_hp_gain":0.0,"max_hp_loss":0.0,"gold_gain":0.0,"event_name":"Golden Wing","player_choice":"Card Removal","floor":13.0,"gold_loss":0.0,"damage_taken":7.0}],"is_beta":false,"boss_relics":[],"items_purged_floors":[],"is_endless":false,"potions_floor_spawned":[3,10,11],"killed_by":"Hexaghost","ascension_level":20}