{"gold_per_floor":[118,418,418,432,162,162,190,190,190,217,232,232,245,269,269,346,346,346,246,246,11,11,11,11,11,11,11,11,11,11,11,11,11,11,11,11,11,11,11,11,11,11,11,11,11,11,11,11,11,11],"floor_reached":50,"playtime":3788,"items_purged":["Strike_R"],"score":1121,"play_id":"31885c47-bf2e-47e2-bbde-5a5968cae52e","local_time":"20190922003729","is_ascension_mode":true,"campfire_choices":[{"data":"Bash","floor":6.0,"key":"SMITH"},{"data":"Demon Form","floor":8.0,"key":"SMITH"},{"data":"Anger","floor":15.0,"key":"SMITH"},{"data":"Disarm","floor":23.0,"key":"SMITH"},{"data":"Corruption","floor":25.0,"key":"SMITH"},{"data":"Shockwave","floor":27.0,"key":"SMITH"},{"data":"Ghostly","floor":29,"key":"SMITH"},{"data":"Ghostly","floor":32,"key":"SMITH"},{"data":"Ghostly","floor":40,"key":"SMITH"},{"floor":49,"key":"RECALL"}],"neow_cost":"NONE","seed_source_timestamp":606555804225800,"circlet_count":0,"master_deck":["AscendersBane","Strike_R","Strike_R","Strike_R","Defend_R","Defend_R","Defend_R","Defend_R","Bash+1","Anger+1","Twin Strike","Cleave","Shrug It Off","Disarm+1","Demon Form+1","Twin Strike","Carnage","Hemokinesis","Sword Boomerang","Shockwave+1","Limit Break","Corruption+1","Ghostly Armor","Ghostly+1","Ghostly+1","Ghostly+1","True Grit+1","Pommel Strike+1","Feed","CurseOfTheBell","Sword Boomerang+1","Pummel","Shrug It Off","Pummel+1","Shrug It Off"],"special_seed":0,"relics":["Burning Blood","Old Coin","Orrery","Pear","Pantograph","Red Skull","Odd Mushroom","Ectoplasm","Anchor","Pen Nib","Potion Belt","Calling Bell","Bronze Scales","Question Card","Incense Burner","Thread and Needle","PreservedInsect","Self Forming Clay","Bag of Marbles"],"potions_floor_usage":[28,33,33,48,50,50],"damage_taken":[{"damage":4.0,"enemies":"2 Louse","floor":1.0,"turns":3.0},{"damage":7.0,"enemies":"Jaw Worm","floor":4.0,"turns":3.0},{"damage":32.0,"enemies":"Gremlin Nob","floor":7.0,"turns":4.0},{"damage":28.0,"enemies":"3 Sentries","floor":10.0,"turns":4.0},{"damage":0.0,"enemies":"Small Slimes","floor":11.0,"turns":3.0},{"damage":4.0,"enemies":"Looter","floor":13.0,"turns":2.0},{"damage":9.0,"enemies":"The Mushroom Lair","floor":14.0,"turns":3.0},{"damage":16.0,"enemies":"Slime Boss","floor":16.0,"turns":5.0},{"damage":12.0,"enemies":"Chosen","floor":18.0,"turns":4.0},{"damage":42.0,"enemies":"2 Thieves","floor":19.0,"turns":4.0},{"damage":36.0,"enemies":"Snake Plant","floor":20.0,"turns":4.0},{"damage":6,"enemies":"Book of Stabbing","floor":28,"turns":5},{"damage":3,"enemies":"3 Cultists","floor":30,"turns":5},{"damage":8,"enemies":"Gremlin Leader","floor":31,"turns":7},{"damage":27,"enemies":"Champ","floor":33,"turns":10},{"damage":17,"enemies":"Orb Walker","floor":35,"turns":4},{"damage":6,"enemies":"3 Darklings","floor":37,"turns":5},{"damage":1,"enemies":"Mind Bloom Boss Battle","floor":38,"turns":4},{"damage":19,"enemies":"Spire Growth","floor":39,"turns":5},{"damage":13,"enemies":"Transient","floor":41,"turns":6},{"damage":12,"enemies":"Nemesis","floor":44,"turns":5},{"damage":0,"enemies":"3 Darklings","floor":46,"turns":4},{"damage":14,"enemies":"Giant Head","floor":47,"turns":6},{"damage":4,"enemies":"Jaw Worm Horde","floor":48,"turns":5},{"damage":78,"enemies":"Awakened One","floor":50,"turns":11}],"seed_played":"8974123296145798694","potions_obtained":[{"floor":4.0,"key":"BloodPotion"},{"floor":10.0,"key":"Block Potion"},{"floor":16.0,"key":"Strength Potion"},{"floor":20.0,"key":"LiquidBronze"},{"floor":30,"key":"Weak Potion"},{"floor":31,"key":"SteroidPotion"},{"floor":35,"key":"GamblersBrew"},{"floor":39,"key":"ElixirPotion"},{"floor":46,"key":"Energy Potion"},{"floor":48,"key":"SkillPotion"}],"is_trial":false,"path_per_floor":["M","?","?","M","$","R","E","R","T","E","M","?","M","?","R","B",null,"M","M","M","$","?","R","?","R","T","R","E","R","M","E","R","B",null,"M","?","M","?","M","R","M","?","T","E","$","M","E","M","R","B"],"character_chosen":"IRONCLAD","items_purchased":["Twin Strike","Cleave","Orrery","Anchor"],"campfire_rested":0,"item_purchase_floors":[5,5,5,21],"current_hp_per_floor":[77,66,59,58,58,58,42,42,42,20,26,26,28,25,25,40,79,73,37,25,25,25,25,25,25,25,25,25,25,28,26,26,25,41,30,30,30,46,33,33,26,26,26,20,20,26,18,20,20,0],"gold":11,"neow_bonus":"TEN_PERCENT_HP_BONUS","is_prod":false,"is_daily":false,"chose_seed":false,"campfire_upgraded":9,"win_rate":0,"timestamp":1569127049,"path_taken":["M","?","?","M","$","R","E","R","T","E","M","?","M","?","R","BOSS","M","M","M","$","?","R","?","R","T","R","E","R","?","E","R","BOSS","M","?","M","?","M","R","?","?","T","E","?","M","E","M","R","BOSS"],"build_version":"2019-09-20","purchased_purges":1,"victory":false,"max_hp_per_floor":[82,82,82,82,82,82,92,92,92,92,92,92,92,92,92,92,92,92,92,92,92,46,46,46,46,46,46,46,46,46,46,46,46,46,46,46,46,46,46,46,46,46,46,46,46,46,46,46,46,46],"card_choices":[{"not_picked":["Headbutt","Clothesline"],"picked":"Anger","floor":1.0},{"not_picked":["Burning Pact","Flex","Warcry"],"picked":"SKIP","floor":4.0},{"not_picked":["Carnage","Cleave"],"picked":"Shrug It Off","floor":5.0},{"not_picked":["Pummel","Sword Boomerang"],"picked":"Disarm","floor":5.0},{"not_picked":["Blood for Blood","Sword Boomerang"],"picked":"Demon Form","floor":5.0},{"not_picked":["Reckless Charge","Seeing Red"],"picked":"Twin Strike","floor":5.0},{"not_picked":["Flex","Blood for Blood"],"picked":"Carnage","floor":5.0},{"not_picked":["Perfected Strike","Feel No Pain"],"picked":"Hemokinesis","floor":7.0},{"not_picked":["Dark Embrace","Headbutt","Iron Wave"],"picked":"SKIP","floor":10.0},{"not_picked":["Spot Weakness","Metallicize","Anger"],"picked":"SKIP","floor":11.0},{"not_picked":["Wild Strike","Reckless Charge"],"picked":"Sword Boomerang","floor":13.0},{"not_picked":["Rampage","Perfected Strike"],"picked":"Shockwave","floor":14.0},{"not_picked":["Bludgeon","Impervious"],"picked":"Limit Break","floor":16.0},{"not_picked":["Headbutt","Armaments"],"picked":"Corruption","floor":18.0},{"not_picked":["Clothesline","Seeing Red"],"picked":"Ghostly Armor","floor":19.0},{"not_picked":["Body Slam","Twin Strike","Warcry"],"picked":"SKIP","floor":20.0},{"not_picked":["Cleave","Twin Strike","Immolate"],"picked":"SKIP","floor":28},{"not_picked":["Body Slam","Corruption"],"picked":"Pommel Strike+1","floor":30},{"not_picked":["Inflame","Armaments","Anger+1"],"picked":"SKIP","floor":31},{"not_picked":["Brutality","Berserk"],"picked":"Feed","floor":33},{"not_picked":["Anger","Corruption+1","Perfected Strike+1","Pommel Strike"],"picked":"SKIP","floor":35},{"not_picked":["Pommel Strike+1","Twin Strike","Clash+1"],"picked":"Sword Boomerang+1","floor":37},{"not_picked":["Iron Wave","Twin Strike","Fire Breathing"],"picked":"Pummel","floor":38},{"not_picked":["Clothesline","Intimidate","Carnage","Twin Strike"],"picked":"SKIP","floor":39},{"not_picked":["Intimidate","Thunderclap","Flex+1"],"picked":"Shrug It Off","floor":41},{"not_picked":["Dual Wield","Iron Wave","Headbutt+1"],"picked":"Pummel+1","floor":44},{"not_picked":["Warcry","Reckless Charge","Inflame","Headbutt+1"],"picked":"SKIP","floor":46},{"not_picked":["Cleave","Immolate","Pommel Strike"],"picked":"Shrug It Off","floor":47},{"not_picked":["Flex","Perfected Strike","Blood for Blood","Thunderclap"],"picked":"SKIP","floor":48}],"player_experience":72300,"relics_obtained":[{"floor":7.0,"key":"Pear"},{"floor":9.0,"key":"Pantograph"},{"floor":10.0,"key":"Red Skull"},{"floor":14.0,"key":"Odd Mushroom"},{"floor":28,"key":"Pen Nib"},{"floor":31,"key":"Potion Belt"},{"floor":34,"key":"Bronze Scales"},{"floor":34,"key":"Question Card"},{"floor":34,"key":"Incense Burner"},{"floor":38,"key":"Thread and Needle"},{"floor":43,"key":"PreservedInsect"},{"floor":44,"key":"Self Forming Clay"},{"floor":47,"key":"Bag of Marbles"}],"event_choices":[{"damage_healed":0.0,"max_hp_gain":0.0,"max_hp_loss":0.0,"gold_gain":0.0,"event_name":"Scrap Ooze","player_choice":"Success","floor":2.0,"gold_loss":0.0,"damage_taken":11.0,"relics_obtained":["Old Coin"]},{"cards_removed":["Strike_R"],"damage_healed":0.0,"max_hp_gain":0.0,"max_hp_loss":0.0,"gold_gain":0.0,"event_name":"Golden Wing","player_choice":"Card Removal","floor":3.0,"gold_loss":0.0,"damage_taken":7.0},{"damage_healed":0.0,"max_hp_gain":0.0,"max_hp_loss":0.0,"gold_gain":0.0,"event_name":"Liars Game","player_choice":"Ignored","floor":12.0,"gold_loss":0.0,"damage_taken":0.0},{"damage_healed":0.0,"max_hp_gain":0.0,"max_hp_loss":0.0,"gold_gain":0.0,"event_name":"Mushrooms","player_choice":"Fought Mushrooms","floor":14.0,"gold_loss":0.0,"damage_taken":0.0},{"damage_healed":0.0,"max_hp_gain":0.0,"max_hp_loss":46.0,"gold_gain":0.0,"event_name":"Ghosts","player_choice":"Became a Ghost","floor":22.0,"gold_loss":0.0,"damage_taken":0.0,"cards_obtained":["Ghostly","Ghostly","Ghostly"]},{"damage_healed":0.0,"max_hp_gain":0.0,"max_hp_loss":0.0,"gold_gain":0.0,"event_name":"Match and Keep!","player_choice":"1 cards matched","floor":24.0,"gold_loss":0.0,"damage_taken":0.0,"cards_obtained":["True Grit"]},{"damage_healed":0,"gold_gain":0,"player_choice":"Ignored","damage_taken":0,"max_hp_gain":0,"max_hp_loss":0,"event_name":"Mysterious Sphere","floor":36,"gold_loss":0},{"damage_healed":0,"gold_gain":0,"player_choice":"Fight","damage_taken":0,"max_hp_gain":0,"max_hp_loss":0,"event_name":"MindBloom","floor":38,"gold_loss":0},{"damage_healed":0,"gold_gain":0,"player_choice":"Upgraded","damage_taken":0,"max_hp_gain":0,"max_hp_loss":0,"event_name":"Upgrade Shrine","floor":42,"gold_loss":0,"cards_upgraded":["True Grit"]}],"is_beta":true,"boss_relics":[{"not_picked":["Runic Dome","Cursed Key"],"picked":"Ectoplasm"},{"not_picked":["Mark of Pain","Fusion Hammer"],"picked":"Calling Bell"}],"items_purged_floors":[21],"is_endless":false,"potions_floor_spawned":[4,10,11,16,20,30,31,35,39,46,47,48],"killed_by":"Awakened One","ascension_level":20}