{"gold_per_floor":[117,133,149,168,181,181,210,210],"floor_reached":8,"playtime":899,"items_purged":[],"score":120,"play_id":"5e2c68e5-db7f-4b05-8d63-a5bfded504c6","local_time":"20191006191407","is_ascension_mode":true,"campfire_choices":[{"data":"Blur","floor":6.0,"key":"SMITH"}],"neow_cost":"NONE","seed_source_timestamp":85927899698505,"circlet_count":0,"master_deck":["AscendersBane","Strike_G","Strike_G","Strike_G","Strike_G","Strike_G","Defend_G","Defend_G","Defend_G","Defend_G","Defend_G","Survivor","Neutralize","Deadly Poison","Footwork","Blur+1","Dodge and Roll","Acrobatics"],"special_seed":0,"relics":["Ring of the Snake","Bottled Lightning"],"potions_floor_usage":[],"damage_taken":[{"damage":1.0,"enemies":"Small Slimes","floor":1.0,"turns":4.0},{"damage":4.0,"enemies":"Jaw Worm","floor":2.0,"turns":4.0},{"damage":2.0,"enemies":"Cultist","floor":3.0,"turns":5.0},{"damage":2.0,"enemies":"3 Louse","floor":4.0,"turns":5.0},{"damage":14.0,"enemies":"2 Fungi Beasts","floor":5.0,"turns":6.0},{"damage":35.0,"enemies":"3 Sentries","floor":7.0,"turns":17.0},{"damage":11,"enemies":"Gremlin Gang","floor":8,"turns":3}],"seed_played":"1023941469220718804","potions_obtained":[{"floor":5.0,"key":"Regen Potion"}],"is_trial":false,"path_per_floor":["M","M","M","M","M","R","E","M"],"character_chosen":"THE_SILENT","items_purchased":[],"campfire_rested":0,"item_purchase_floors":[],"current_hp_per_floor":[64,60,58,56,42,42,22,11],"gold":210,"neow_bonus":"TEN_PERCENT_HP_BONUS","is_prod":false,"is_daily":false,"chose_seed":false,"campfire_upgraded":1,"win_rate":0,"timestamp":1570403647,"path_taken":["M","M","M","M","M","R","E","M"],"build_version":"2019-07-17","purchased_purges":0,"victory":false,"max_hp_per_floor":[72,72,72,72,72,72,72,72],"card_choices":[{"not_picked":["Poisoned Stab","Blade Dance"],"picked":"Deadly Poison","floor":1.0},{"not_picked":["Poisoned Stab","Slice"],"picked":"Footwork","floor":2.0},{"not_picked":["Backflip","Masterful Stab"],"picked":"Blur","floor":3.0},{"not_picked":["Setup","Sucker Punch","Bane"],"picked":"SKIP","floor":4.0},{"not_picked":["Infinite Blades","Outmaneuver"],"picked":"Dodge and Roll","floor":5.0},{"not_picked":["Acrobatics","Caltrops","Flying Knee"],"picked":"SKIP","floor":7.0},{"not_picked":["Caltrops","Flying Knee"],"picked":"Acrobatics","floor":7.0}],"player_experience":723136,"relics_obtained":[{"floor":7.0,"key":"Bottled Lightning"}],"event_choices":[],"is_beta":false,"boss_relics":[],"items_purged_floors":[],"is_endless":false,"potions_floor_spawned":[5],"killed_by":"Gremlin Gang","ascension_level":20}