{"gold_per_floor":[115,115,127,143,123,123,148,159,186,200,200,215,246,246,246,320,320,339,339,22,82,97,97,112,193,193,243,293],"floor_reached":28,"playtime":1759,"items_purged":[],"score":460,"play_id":"812eaaf4-1378-4117-9196-f22be79bcada","local_time":"20190918223110","is_ascension_mode":true,"campfire_choices":[{"data":"Bash","floor":6,"key":"SMITH"},{"data":"Anger","floor":15,"key":"SMITH"},{"data":"Evolve","floor":23,"key":"SMITH"}],"neow_cost":"NONE","seed_source_timestamp":341941654100800,"circlet_count":0,"master_deck":["AscendersBane","Strike_R","Strike_R","Strike_R","Strike_R","Strike_R","Defend_R","Defend_R","Defend_R","Defend_R","Bash+1","Shrug It Off","Twin Strike+1","Anger+1","Flame Barrier","Evolve+1","Thunderclap","Battle Trance","Limit Break","Power Through+1","Disarm","True Grit","Feel No Pain"],"relics":["Burning Blood","InkBottle","MealTicket","PreservedInsect","Champion Belt","Coffee Dripper","SsserpentHead","Pocketwatch","Bottled Flame","Nloth\u0027s Gift"],"potions_floor_usage":[7,16,25],"damage_taken":[{"damage":7,"enemies":"Small Slimes","floor":1,"turns":4},{"damage":11,"enemies":"Jaw Worm","floor":3,"turns":11},{"damage":0,"enemies":"Cultist","floor":4,"turns":3},{"damage":32,"enemies":"Gremlin Nob","floor":7,"turns":4},{"damage":5,"enemies":"Blue Slaver","floor":8,"turns":4},{"damage":8,"enemies":"Large Slime","floor":10,"turns":6},{"damage":8,"enemies":"Exordium Thugs","floor":12,"turns":4},{"damage":27,"enemies":"Lagavulin","floor":13,"turns":5},{"damage":13,"enemies":"Slime Boss","floor":16,"turns":8},{"damage":19,"enemies":"Shell Parasite","floor":18,"turns":6},{"damage":0,"enemies":"Chosen","floor":21,"turns":5},{"damage":18,"enemies":"Snake Plant","floor":22,"turns":5},{"damage":32,"enemies":"Shelled Parasite and Fungi","floor":24,"turns":6},{"damage":39,"enemies":"Masked Bandits","floor":25,"turns":5},{"damage":19,"enemies":"Snecko","floor":28,"turns":4}],"seed_played":"-2186306337243353418","potions_obtained":[{"floor":3,"key":"LiquidBronze"},{"floor":4,"key":"SkillPotion"},{"floor":5,"key":"SteroidPotion"},{"floor":10,"key":"Strength Potion"},{"floor":21,"key":"DuplicationPotion"}],"is_trial":false,"path_per_floor":["M","?","M","M","?","R","E","M","T","M","?","M","E","?","R","B",null,"M","?","$","M","M","R","M","?","T","?","M"],"character_chosen":"IRONCLAD","items_purchased":["Pocketwatch"],"campfire_rested":0,"item_purchase_floors":[20],"current_hp_per_floor":[74,63,58,64,64,64,38,39,39,37,64,62,41,41,41,34,70,57,57,72,78,66,66,40,7,7,7,0],"gold":293,"neow_bonus":"TEN_PERCENT_HP_BONUS","is_prod":false,"is_daily":false,"chose_seed":false,"campfire_upgraded":3,"win_rate":0,"timestamp":1568860270,"path_taken":["M","?","M","M","?","R","E","M","T","?","?","M","E","?","R","BOSS","M","?","$","?","M","R","M","?","T","?","?"],"build_version":"2019-09-18","purchased_purges":0,"victory":false,"max_hp_per_floor":[82,82,82,82,82,82,82,82,82,82,82,82,82,82,82,82,82,82,82,82,82,82,82,82,82,82,82,82],"card_choices":[{"not_picked":["Pommel Strike","Sever Soul"],"picked":"Shrug It Off","floor":1},{"not_picked":["Burning Pact","Headbutt"],"picked":"Twin Strike","floor":3},{"not_picked":["Power Through","Clash"],"picked":"Anger","floor":4},{"not_picked":["Intimidate","True Grit"],"picked":"Flame Barrier","floor":7},{"not_picked":["Anger","Clothesline"],"picked":"Evolve","floor":8},{"not_picked":["Disarm","Pommel Strike","Clothesline"],"picked":"SKIP","floor":10},{"not_picked":["Clothesline","Disarm"],"picked":"Thunderclap","floor":12},{"not_picked":["Brutality","Anger"],"picked":"Battle Trance","floor":13},{"not_picked":["Barricade","Demon Form"],"picked":"Limit Break","floor":16},{"not_picked":["Disarm","Perfected Strike"],"picked":"Power Through+1","floor":18},{"not_picked":["Sword Boomerang","Wild Strike"],"picked":"Disarm","floor":21},{"not_picked":["Twin Strike","Evolve","Anger+1"],"picked":"SKIP","floor":22},{"not_picked":["Armaments","Sever Soul"],"picked":"True Grit","floor":24},{"not_picked":["Shockwave","Armaments"],"picked":"Feel No Pain","floor":25}],"player_experience":34214,"relics_obtained":[{"floor":7,"key":"MealTicket"},{"floor":9,"key":"PreservedInsect"},{"floor":13,"key":"Champion Belt"},{"floor":25,"key":"Red Mask"},{"floor":26,"key":"Bottled Flame"}],"event_choices":[{"damage_healed":0,"gold_gain":0,"player_choice":"Success","damage_taken":11,"relics_obtained":["InkBottle"],"max_hp_gain":0,"max_hp_loss":0,"event_name":"Scrap Ooze","floor":2,"gold_loss":0},{"damage_healed":0,"gold_gain":0,"player_choice":"Bought 1 Potion","damage_taken":0,"max_hp_gain":0,"max_hp_loss":0,"event_name":"The Woman in Blue","floor":5,"gold_loss":0},{"damage_healed":27,"gold_gain":0,"player_choice":"Banana","damage_taken":0,"max_hp_gain":0,"max_hp_loss":0,"event_name":"Big Fish","floor":11,"gold_loss":0},{"damage_healed":0,"gold_gain":0,"player_choice":"Grow","damage_taken":0,"max_hp_gain":0,"max_hp_loss":0,"event_name":"Living Wall","floor":14,"gold_loss":0,"cards_upgraded":["Twin Strike"]},{"damage_healed":0,"gold_gain":0,"player_choice":"Trade","damage_taken":0,"relics_obtained":["SsserpentHead"],"max_hp_gain":0,"max_hp_loss":0,"event_name":"FaceTrader","floor":19,"gold_loss":0},{"damage_healed":0,"gold_gain":0,"player_choice":"Fought Bandits","damage_taken":0,"max_hp_gain":0,"max_hp_loss":0,"event_name":"Masked Bandits","floor":25,"gold_loss":0},{"damage_healed":0,"gold_gain":0,"player_choice":"Traded Relic","damage_taken":0,"relics_obtained":["Nloth\u0027s Gift"],"max_hp_gain":0,"max_hp_loss":0,"event_name":"N\u0027loth","floor":27,"relics_lost":["Red Mask"],"gold_loss":0}],"is_beta":true,"boss_relics":[{"not_picked":["Runic Cube","Black Star"],"picked":"Coffee Dripper"}],"items_purged_floors":[],"is_endless":false,"potions_floor_spawned":[3,4,10,13,21],"killed_by":"Snecko","ascension_level":20}