{"gold_per_floor":[113,130,130,1,1,1,26,39,39,39,49,74,86,119,119,205,205,231,231,146,146,156,156,176,176,201,208,249,274,274],"floor_reached":30,"playtime":1720,"items_purged":[],"score":561,"play_id":"2f0f7196-01a5-4d50-a9e6-3b251a55af26","local_time":"20191005093657","is_ascension_mode":true,"campfire_choices":[{"data":"Bash","floor":6.0,"key":"SMITH"},{"floor":10.0,"key":"REST"},{"data":"Perfected Strike","floor":15.0,"key":"SMITH"},{"data":"Burning Pact","floor":23,"key":"SMITH"},{"floor":27,"key":"REST"}],"neow_cost":"NONE","seed_source_timestamp":3018892562900,"circlet_count":0,"master_deck":["AscendersBane","Strike_R+1","Strike_R+1","Strike_R+1","Strike_R+1","Defend_R+1","Defend_R+1","Defend_R+1","Defend_R+1","Bash+1","Heavy Blade","Wild Strike","Fire Breathing","Wild Strike","Perfected Strike+1","Burning Pact+1","Spot Weakness","Dark Embrace","Sentinel+1","Ghostly Armor+1","Uppercut","True Grit","Power Through"],"special_seed":0,"relics":["Burning Blood","Dodecahedron","Lantern","PreservedInsect","Lizard Tail","CeramicFish","Snecko Eye","Mango","Dream Catcher","Champion Belt"],"potions_floor_usage":[28,30],"damage_taken":[{"damage":7.0,"enemies":"Cultist","floor":1.0,"turns":4.0},{"damage":7.0,"enemies":"Small Slimes","floor":2.0,"turns":3.0},{"damage":55.0,"enemies":"Lagavulin","floor":7.0,"turns":8.0},{"damage":2.0,"enemies":"Jaw Worm","floor":8.0,"turns":4.0},{"damage":5.0,"enemies":"Gremlin Gang","floor":11.0,"turns":5.0},{"damage":10.0,"enemies":"3 Sentries","floor":12.0,"turns":4.0},{"damage":1.0,"enemies":"Exordium Wildlife","floor":13.0,"turns":2.0},{"damage":15.0,"enemies":"Lagavulin","floor":14.0,"turns":3.0},{"damage":77.0,"enemies":"The Guardian","floor":16.0,"turns":12.0},{"damage":33.0,"enemies":"2 Thieves","floor":18.0,"turns":3.0},{"damage":24,"enemies":"3 Byrds","floor":22,"turns":5},{"damage":2,"enemies":"Snecko","floor":24,"turns":3},{"damage":39,"enemies":"Slavers","floor":28,"turns":4},{"damage":18,"enemies":"Shelled Parasite and Fungi","floor":29,"turns":3},{"damage":43,"enemies":"Book of Stabbing","floor":30,"turns":5}],"seed_played":"6253187590219321481","potions_obtained":[{"floor":7.0,"key":"SpeedPotion"},{"floor":11.0,"key":"Weak Potion"},{"floor":12.0,"key":"AttackPotion"},{"floor":14.0,"key":"PowerPotion"},{"floor":22,"key":"Swift Potion"},{"floor":24,"key":"BloodPotion"},{"floor":28,"key":"Dexterity Potion"}],"is_trial":false,"path_per_floor":["M","M","?","$","?","R","E","M","T","R","M","E","M","E","R","B",null,"M","?","?","?","M","R","M","?","T","R","E","M","E"],"character_chosen":"IRONCLAD","items_purchased":["Wild Strike","Fire Breathing"],"campfire_rested":2,"item_purchase_floors":[4,4],"current_hp_per_floor":[74,73,62,62,62,62,13,17,17,41,42,38,43,34,34,9,64,37,37,51,51,33,33,37,37,37,65,51,39,0],"gold":274,"neow_bonus":"TEN_PERCENT_HP_BONUS","is_prod":false,"is_daily":false,"chose_seed":false,"campfire_upgraded":3,"win_rate":0,"timestamp":1570282617,"path_taken":["M","?","?","$","?","R","E","M","T","R","?","E","M","E","R","BOSS","M","?","?","?","?","R","M","?","T","R","E","M","E"],"build_version":"2019-10-04","purchased_purges":0,"victory":false,"max_hp_per_floor":[82,82,82,82,82,82,82,82,82,82,82,82,82,82,82,82,82,82,82,96,96,96,96,96,96,96,96,96,96,96],"card_choices":[{"not_picked":["Warcry","Clash","Rage"],"picked":"SKIP","floor":1.0},{"not_picked":["Cleave","Infernal Blade"],"picked":"Heavy Blade","floor":2.0},{"not_picked":["Iron Wave","Bloodletting"],"picked":"Wild Strike","floor":7.0},{"not_picked":["Anger","Flex"],"picked":"Perfected Strike","floor":8.0},{"not_picked":["Dropkick","Limit Break","Thunderclap"],"picked":"SKIP","floor":11.0},{"not_picked":["Twin Strike","Sword Boomerang","Headbutt"],"picked":"SKIP","floor":12.0},{"not_picked":["Armaments","Iron Wave"],"picked":"Burning Pact","floor":13.0},{"not_picked":["Battle Trance","Cleave"],"picked":"Spot Weakness","floor":14.0},{"not_picked":["Brutality","Exhume"],"picked":"Dark Embrace","floor":16.0},{"not_picked":["Sword Boomerang","True Grit"],"picked":"Sentinel+1","floor":18.0},{"not_picked":["Headbutt","Dark Embrace","Warcry"],"picked":"SKIP","floor":22},{"not_picked":["Perfected Strike","Entrench+1"],"picked":"Ghostly Armor","floor":24},{"not_picked":["Battle Trance","Anger"],"picked":"Uppercut","floor":27},{"not_picked":["Dual Wield","Clothesline"],"picked":"True Grit","floor":28},{"not_picked":["Twin Strike","Flex"],"picked":"Power Through","floor":29}],"player_experience":123389,"relics_obtained":[{"floor":7.0,"key":"Lantern"},{"floor":9.0,"key":"PreservedInsect"},{"floor":12.0,"key":"Lizard Tail"},{"floor":14.0,"key":"CeramicFish"},{"floor":26,"key":"Dream Catcher"},{"floor":28,"key":"Champion Belt"}],"event_choices":[{"damage_healed":0.0,"max_hp_gain":0.0,"max_hp_loss":0.0,"gold_gain":0.0,"event_name":"Scrap Ooze","player_choice":"Success","floor":3.0,"gold_loss":0.0,"damage_taken":11.0,"relics_obtained":["Dodecahedron"]},{"damage_healed":0.0,"max_hp_gain":0.0,"max_hp_loss":0.0,"gold_gain":0.0,"event_name":"Match and Keep!","player_choice":"0 cards matched","floor":5.0,"gold_loss":0.0,"damage_taken":0.0,"cards_obtained":[]},{"damage_healed":0.0,"max_hp_gain":0.0,"max_hp_loss":0.0,"gold_gain":0.0,"event_name":"Back to Basics","player_choice":"Simplicity","floor":19.0,"gold_loss":0.0,"damage_taken":0.0,"cards_upgraded":["Strike_R","Strike_R","Strike_R","Strike_R","Strike_R","Defend_R","Defend_R","Defend_R","Defend_R"]},{"damage_healed":0.0,"max_hp_gain":0.0,"max_hp_loss":0.0,"gold_gain":0.0,"event_name":"Addict","player_choice":"Obtained Relic","floor":20.0,"gold_loss":85.0,"damage_taken":0.0,"relics_obtained":["Mango"]},{"cards_removed":["Strike_R"],"damage_healed":0.0,"max_hp_gain":0.0,"max_hp_loss":0.0,"gold_gain":0.0,"event_name":"Purifier","player_choice":"Purged","floor":21.0,"gold_loss":0.0,"damage_taken":0.0},{"damage_healed":0,"gold_gain":0,"player_choice":"Upgraded","damage_taken":0,"max_hp_gain":0,"max_hp_loss":0,"event_name":"Upgrade Shrine","floor":25,"gold_loss":0,"cards_upgraded":["Ghostly Armor"]}],"is_beta":true,"boss_relics":[{"not_picked":["SlaversCollar","Runic Cube"],"picked":"Snecko Eye"}],"items_purged_floors":[],"is_endless":false,"potions_floor_spawned":[7,11,12,13,14,22,24,28],"killed_by":"Book of Stabbing","ascension_level":20}