{"gold_per_floor":[361,375,375,19,36,36,51,62,133,144,176,176,202,230,230,304,304,316,316,334,104,29,29,29,29,75,91,61,61,79,107,107,184,184,202,255,255,265,278,278,34,66,66,96,96,96,109,119,119,119],"floor_reached":50,"playtime":3055,"items_purged":["Pain","Strike_R","Strike_R"],"score":1180,"play_id":"cc5b96e4-bc7f-4d16-8d1b-bbaf3ad1e5b4","local_time":"20190901014451","is_ascension_mode":true,"campfire_choices":[{"data":"Hemokinesis","floor":6.0,"key":"SMITH"},{"data":"Whirlwind","floor":12.0,"key":"SMITH"},{"data":"1","floor":15.0,"key":"LIFT"},{"data":"2","floor":23.0,"key":"LIFT"},{"data":"3","floor":25.0,"key":"LIFT"},{"data":"Fiend Fire","floor":29.0,"key":"SMITH"},{"floor":32.0,"key":"REST"},{"data":"Strike_R","floor":40.0,"key":"PURGE"},{"floor":45,"key":"REST"},{"floor":49,"key":"RECALL"}],"neow_cost":"PERCENT_DAMAGE","seed_source_timestamp":1225868054993100,"circlet_count":0,"master_deck":["AscendersBane","Defend_R","Defend_R","Defend_R","Defend_R","Bash","Whirlwind+1","Shrug It Off","Hemokinesis+1","Battle Trance","Thunderclap","Dropkick","Seeing Red","Fiend Fire+1","Spot Weakness","Shrug It Off","Second Wind","Shrug It Off","Inflame","Anger","Feel No Pain","Pummel","Rupture+1","Parasite"],"special_seed":0,"relics":["Burning Blood","WarpedTongs","Bag of Marbles","Singing Bowl","WingedGreaves","Vajra","Girya","Busted Crown","Enchiridion","Regal Pillow","PreservedInsect","Cursed Key","Peace Pipe","Question Card","Strawberry","Bag of Preparation"],"potions_floor_usage":[44,48,50],"damage_taken":[{"damage":1.0,"enemies":"Cultist","floor":1.0,"turns":3.0},{"damage":9.0,"enemies":"Jaw Worm","floor":2.0,"turns":6.0},{"damage":3.0,"enemies":"Small Slimes","floor":5.0,"turns":1.0},{"damage":2.0,"enemies":"Exordium Thugs","floor":7.0,"turns":2.0},{"damage":0.0,"enemies":"Blue Slaver","floor":8.0,"turns":1.0},{"damage":2.0,"enemies":"2 Fungi Beasts","floor":10.0,"turns":2.0},{"damage":34.0,"enemies":"Lagavulin","floor":11.0,"turns":4.0},{"damage":8.0,"enemies":"Gremlin Nob","floor":13.0,"turns":3.0},{"damage":10.0,"enemies":"3 Sentries","floor":14.0,"turns":2.0},{"damage":15.0,"enemies":"Hexaghost","floor":16.0,"turns":7.0},{"damage":13.0,"enemies":"3 Byrds","floor":18.0,"turns":3.0},{"damage":13.0,"enemies":"Spheric Guardian","floor":20.0,"turns":3.0},{"damage":2.0,"enemies":"Centurion and Healer","floor":27.0,"turns":3.0},{"damage":1.0,"enemies":"Cultist and Chosen","floor":30.0,"turns":2.0},{"damage":12.0,"enemies":"Gremlin Leader","floor":31.0,"turns":4.0},{"damage":26.0,"enemies":"Collector","floor":33.0,"turns":4.0},{"damage":22.0,"enemies":"3 Shapes","floor":35.0,"turns":2.0},{"damage":23.0,"enemies":"2 Orb Walkers","floor":36.0,"turns":3.0},{"damage":12.0,"enemies":"3 Darklings","floor":38.0,"turns":2.0},{"damage":6.0,"enemies":"4 Shapes","floor":39.0,"turns":6.0},{"damage":0.0,"enemies":"Reptomancer","floor":42.0,"turns":1.0},{"damage":57,"enemies":"Nemesis","floor":44,"turns":7},{"damage":0,"enemies":"Sphere and 2 Shapes","floor":47,"turns":2},{"damage":28,"enemies":"Maw","floor":48,"turns":4},{"damage":68,"enemies":"Awakened One","floor":50,"turns":3}],"seed_played":"-3932455592453830473","potions_obtained":[{"floor":1.0,"key":"SkillPotion"},{"floor":5.0,"key":"SkillPotion"},{"floor":7.0,"key":"Explosive Potion"},{"floor":8.0,"key":"BloodPotion"},{"floor":14.0,"key":"PowerPotion"},{"floor":18.0,"key":"Fruit Juice"},{"floor":30.0,"key":"Poison Potion"},{"floor":33.0,"key":"Strength Potion"},{"floor":38.0,"key":"Energy Potion"},{"floor":44,"key":"SkillPotion"}],"is_trial":false,"path_per_floor":["M","M","?","$","M","R","M","M","T","M","E","R","E","E","R","B",null,"M","?","M","$","?","R","?","R","T","M","$","R","M","E","R","B",null,"M","?","?","M","M","R","$","E","T","E","R","$","M","M","R","B"],"character_chosen":"IRONCLAD","items_purchased":["Bag of Marbles","Hemokinesis","Battle Trance","Spot Weakness","Shrug It Off","Shrug It Off","Feel No Pain","Pummel"],"campfire_rested":2,"item_purchase_floors":[4,4,4,21,21,28,41,41],"current_hp_per_floor":[55,52,52,52,55,55,59,65,65,71,63,63,61,59,59,50,73,68,47,42,42,42,42,42,42,42,48,48,48,53,49,89,76,91,77,62,62,58,58,58,58,71,71,22,70,70,78,58,58,0],"gold":119,"neow_bonus":"TWO_FIFTY_GOLD","is_prod":false,"is_daily":false,"chose_seed":false,"campfire_upgraded":3,"win_rate":0,"timestamp":1567316691,"path_taken":["M","?","?","$","M","R","M","M","T","?","E","R","E","E","R","BOSS","M","?","M","?","?","R","?","R","T","?","$","R","M","E","R","BOSS","M","?","?","?","M","R","$","E","T","E","R","$","M","M","R","BOSS"],"build_version":"2019-07-17","purchased_purges":3,"victory":false,"max_hp_per_floor":[75,75,75,75,75,75,75,75,75,77,79,79,79,81,81,81,81,83,83,85,85,85,85,85,85,85,87,87,87,87,89,89,96,96,98,100,100,102,102,102,102,109,109,111,111,111,113,115,115,115],"card_choices":[{"not_picked":["Seeing Red","Flex"],"picked":"Whirlwind","floor":1.0},{"not_picked":["Perfected Strike","Rupture"],"picked":"Shrug It Off","floor":2.0},{"not_picked":["Sword Boomerang","Pommel Strike"],"picked":"Thunderclap","floor":5.0},{"not_picked":["Ghostly Armor","Body Slam"],"picked":"Dropkick","floor":7.0},{"not_picked":["Clash","Heavy Blade","Dual Wield"],"picked":"SKIP","floor":8.0},{"not_picked":["Clothesline","Bloodletting","Pummel"],"picked":"Singing Bowl","floor":10.0},{"not_picked":["Pummel","Armaments","Heavy Blade"],"picked":"Singing Bowl","floor":11.0},{"not_picked":["Clothesline","Immolate"],"picked":"Seeing Red","floor":13.0},{"not_picked":["Fire Breathing","Wild Strike","Bloodletting"],"picked":"Singing Bowl","floor":14.0},{"not_picked":["Exhume","Berserk"],"picked":"Fiend Fire","floor":16.0},{"not_picked":["Dual Wield"],"picked":"Singing Bowl","floor":18.0},{"not_picked":["Pommel Strike"],"picked":"Singing Bowl","floor":20.0},{"not_picked":["Sever Soul"],"picked":"Singing Bowl","floor":27.0},{"not_picked":[],"picked":"Inflame","floor":30.0},{"not_picked":["Entrench"],"picked":"Singing Bowl","floor":31.0},{"not_picked":["Demon Form"],"picked":"Singing Bowl","floor":33.0},{"not_picked":["Iron Wave"],"picked":"Singing Bowl","floor":35.0},{"not_picked":["Corruption+1"],"picked":"Singing Bowl","floor":36.0},{"not_picked":["Iron Wave","Thunderclap"],"picked":"Singing Bowl","floor":38.0},{"not_picked":["Armaments"],"picked":"Anger","floor":39.0},{"not_picked":["Immolate"],"picked":"Rupture+1","floor":42.0},{"not_picked":["Cleave+1","Blood for Blood"],"picked":"Singing Bowl","floor":44},{"not_picked":["Armaments","Anger"],"picked":"Singing Bowl","floor":47},{"not_picked":["Blood for Blood","Body Slam"],"picked":"Singing Bowl","floor":48}],"player_experience":2724000,"relics_obtained":[{"floor":9.0,"key":"Singing Bowl"},{"floor":11.0,"key":"WingedGreaves"},{"floor":13.0,"key":"Vajra"},{"floor":14.0,"key":"Girya"},{"floor":19.0,"key":"Enchiridion"},{"floor":26.0,"key":"Regal Pillow"},{"floor":31.0,"key":"PreservedInsect"},{"floor":36.0,"key":"Peace Pipe"},{"floor":42.0,"key":"Strawberry"},{"floor":44,"key":"Bag of Preparation"}],"event_choices":[{"damage_healed":0.0,"max_hp_gain":0.0,"max_hp_loss":0.0,"gold_gain":0.0,"event_name":"Accursed Blacksmith","player_choice":"Rummage","floor":3.0,"gold_loss":0.0,"damage_taken":0.0,"relics_obtained":["WarpedTongs"],"cards_obtained":["Pain"]},{"damage_healed":0.0,"max_hp_gain":0.0,"max_hp_loss":0.0,"gold_gain":0.0,"event_name":"Cursed Tome","player_choice":"Obtained Book","floor":19.0,"gold_loss":0.0,"damage_taken":21.0},{"cards_removed":["Strike_R"],"damage_healed":0.0,"max_hp_gain":0.0,"max_hp_loss":0.0,"gold_gain":0.0,"event_name":"Beggar","player_choice":"Gave Gold","floor":22.0,"gold_loss":75.0,"damage_taken":0.0},{"damage_healed":0.0,"max_hp_gain":0.0,"max_hp_loss":0.0,"gold_gain":0.0,"cards_transformed":["Strike_R"],"event_name":"Transmorgrifier","player_choice":"Transformed","floor":24.0,"gold_loss":0.0,"damage_taken":0.0,"cards_obtained":["Second Wind"]},{"damage_healed":0.0,"max_hp_gain":0.0,"max_hp_loss":0.0,"gold_gain":0.0,"event_name":"Mysterious Sphere","player_choice":"Fight","floor":36.0,"gold_loss":0.0,"damage_taken":0.0},{"damage_healed":0.0,"max_hp_gain":0.0,"max_hp_loss":0.0,"gold_gain":0.0,"event_name":"WeMeetAgain","player_choice":"Gave Potion","floor":37.0,"gold_loss":0.0,"damage_taken":0.0,"relics_obtained":["Question Card"]}],"is_beta":false,"boss_relics":[{"not_picked":["Pandora\u0027s Box","Orrery"],"picked":"Busted Crown"},{"not_picked":["Mark of Pain","Tiny House"],"picked":"Cursed Key"}],"items_purged_floors":[4,21,41],"is_endless":false,"potions_floor_spawned":[1,5,7,8,14,18,30,33,38,42,44,47],"killed_by":"Awakened One","ascension_level":20}