{"gold_per_floor":[119,119,119,25,25,25,38,73,155,169,185,211,211,223,223,300,300,311,323,5,5,5,5,31,31,31,45,95,95,20,32,32,103,103,122,22,22,22,22,22],"floor_reached":40,"playtime":1781,"items_purged":["Strike_R","Strike_R"],"score":820,"play_id":"b84a9cb2-1186-495f-bb44-cfdc11d273a0","local_time":"20190928010926","is_ascension_mode":true,"campfire_choices":[{"data":"Bash","floor":6,"key":"SMITH"},{"data":"Carnage","floor":13,"key":"SMITH"},{"data":"Demon Form","floor":15,"key":"SMITH"},{"data":"Disarm","floor":23,"key":"SMITH"},{"data":"Burning Pact","floor":25,"key":"SMITH"},{"data":"Twin Strike","floor":29,"key":"SMITH"},{"data":"True Grit","floor":32,"key":"SMITH"}],"neow_cost":"NONE","seed_source_timestamp":91804695156900,"circlet_count":0,"master_deck":["AscendersBane","Strike_R","Strike_R","Defend_R","Defend_R","Defend_R","Defend_R","Bash+1","Thunderclap","Disarm+1","Anger","Headbutt","Impervious","Carnage+1","Twin Strike+1","Demon Form+1","Ghostly Armor","Feed","Burning Pact+1","Ghostly","Ghostly","Ghostly","Sword Boomerang+1","True Grit+1","Pain"],"relics":["Burning Blood","Bag of Preparation","Meat on the Bone","Paper Frog","Mango","Velvet Choker","Vajra","Sling","HornCleat","StrikeDummy","Black Star","WarpedTongs"],"potions_floor_usage":[12,14,24,40],"damage_taken":[{"damage":1,"enemies":"Cultist","floor":1,"turns":3},{"damage":4,"enemies":"Jaw Worm","floor":7,"turns":4},{"damage":36,"enemies":"Lagavulin","floor":8,"turns":5},{"damage":3,"enemies":"2 Louse","floor":10,"turns":3},{"damage":4,"enemies":"2 Fungi Beasts","floor":11,"turns":4},{"damage":8,"enemies":"Gremlin Nob","floor":12,"turns":4},{"damage":0,"enemies":"Looter","floor":14,"turns":1},{"damage":10,"enemies":"Slime Boss","floor":16,"turns":8},{"damage":15,"enemies":"3 Byrds","floor":18,"turns":6},{"damage":16,"enemies":"Shell Parasite","floor":19,"turns":2},{"damage":37,"enemies":"Slavers","floor":24,"turns":5},{"damage":3,"enemies":"Snake Plant","floor":27,"turns":5},{"damage":3,"enemies":"Snecko","floor":31,"turns":5},{"damage":7,"enemies":"Champ","floor":33,"turns":10},{"damage":10,"enemies":"3 Shapes","floor":35,"turns":7},{"damage":60,"enemies":"Reptomancer","floor":40,"turns":8}],"seed_played":"-3056964800635714774","potions_obtained":[{"floor":8,"key":"SkillPotion"},{"floor":11,"key":"SpeedPotion"},{"floor":12,"key":"Fire Potion"},{"floor":16,"key":"Energy Potion"},{"floor":24,"key":"Ancient Potion"},{"floor":27,"key":"Block Potion"}],"is_trial":false,"path_per_floor":["M","?","?","$","?","R","M","E","T","M","M","E","R","M","R","B",null,"M","M","$","?","?","R","E","R","T","M","?","R","$","M","R","B",null,"M","$","?","?","?","E"],"character_chosen":"IRONCLAD","items_purchased":["Disarm","Anger","Vajra","Sling"],"campfire_rested":0,"item_purchase_floors":[4,4,20,20],"current_hp_per_floor":[80,69,74,74,67,67,69,39,39,54,56,68,68,74,74,70,93,84,74,74,74,50,50,34,34,34,40,40,40,40,46,46,45,56,55,55,55,55,55,0],"gold":22,"neow_bonus":"TEN_PERCENT_HP_BONUS","is_prod":false,"is_daily":false,"chose_seed":false,"campfire_upgraded":7,"win_rate":0,"timestamp":1569647366,"path_taken":["M","?","?","$","?","R","M","E","T","M","M","E","R","M","R","BOSS","M","M","$","?","?","R","E","R","T","M","?","R","?","M","R","BOSS","M","$","?","?","?","E"],"build_version":"2019-09-27","purchased_purges":2,"victory":false,"max_hp_per_floor":[82,82,87,87,87,87,87,87,87,87,87,101,101,101,101,101,101,101,101,101,101,50,50,53,53,53,56,56,56,56,59,59,59,59,62,62,59,59,59,59],"card_choices":[{"not_picked":["Clothesline","Sever Soul"],"picked":"Thunderclap","floor":1},{"not_picked":["Blood for Blood","Armaments"],"picked":"Headbutt","floor":7},{"not_picked":["Reckless Charge","Dual Wield"],"picked":"Impervious","floor":8},{"not_picked":["Sword Boomerang","Dropkick"],"picked":"Carnage","floor":10},{"not_picked":["Clash","Shrug It Off"],"picked":"Twin Strike","floor":11},{"not_picked":["Pommel Strike","Evolve"],"picked":"Demon Form","floor":12},{"not_picked":["Thunderclap","Warcry"],"picked":"Ghostly Armor","floor":14},{"not_picked":["Bludgeon","Dark Embrace"],"picked":"Feed","floor":16},{"not_picked":["Perfected Strike+1","Clash"],"picked":"Burning Pact","floor":18},{"not_picked":["Pommel Strike","Uppercut+1","Sever Soul"],"picked":"SKIP","floor":19},{"not_picked":["Perfected Strike","Armaments"],"picked":"Sword Boomerang+1","floor":24},{"not_picked":["Twin Strike","Iron Wave","Sever Soul"],"picked":"SKIP","floor":27},{"not_picked":["Headbutt","Twin Strike"],"picked":"True Grit","floor":31},{"not_picked":["Searing Blow","Body Slam","Entrench"],"picked":"SKIP","floor":35}],"player_experience":113895,"relics_obtained":[{"floor":8,"key":"Meat on the Bone"},{"floor":9,"key":"Paper Frog"},{"floor":12,"key":"Mango"},{"floor":24,"key":"HornCleat"},{"floor":26,"key":"StrikeDummy"}],"event_choices":[{"damage_healed":0,"gold_gain":0,"player_choice":"Success","damage_taken":11,"relics_obtained":["Bag of Preparation"],"max_hp_gain":0,"max_hp_loss":0,"event_name":"Scrap Ooze","floor":2,"gold_loss":0},{"damage_healed":0,"gold_gain":0,"player_choice":"Donut","damage_taken":0,"max_hp_gain":5,"max_hp_loss":0,"event_name":"Big Fish","floor":3,"gold_loss":0},{"cards_removed":["Strike_R"],"damage_healed":0,"gold_gain":0,"player_choice":"Card Removal","damage_taken":7,"max_hp_gain":0,"max_hp_loss":0,"event_name":"Golden Wing","floor":5,"gold_loss":0},{"damage_healed":0,"gold_gain":0,"player_choice":"Ignored","damage_taken":0,"max_hp_gain":0,"max_hp_loss":0,"event_name":"The Mausoleum","floor":21,"gold_loss":0},{"damage_healed":0,"gold_gain":0,"player_choice":"Became a Ghost","damage_taken":0,"max_hp_gain":0,"max_hp_loss":51,"event_name":"Ghosts","floor":22,"gold_loss":0,"cards_obtained":["Ghostly","Ghostly","Ghostly"]},{"damage_healed":0,"gold_gain":50,"player_choice":"Stole From Cult","damage_taken":0,"max_hp_gain":0,"max_hp_loss":0,"event_name":"Nest","floor":28,"gold_loss":0},{"damage_healed":0,"gold_gain":0,"player_choice":"Max HP","damage_taken":0,"max_hp_gain":0,"max_hp_loss":3,"event_name":"Winding Halls","floor":37,"gold_loss":0},{"damage_healed":0,"gold_gain":0,"player_choice":"Ignored","damage_taken":0,"max_hp_gain":0,"max_hp_loss":0,"event_name":"Mysterious Sphere","floor":38,"gold_loss":0},{"damage_healed":0,"gold_gain":0,"player_choice":"Rummage","damage_taken":0,"relics_obtained":["WarpedTongs"],"max_hp_gain":0,"max_hp_loss":0,"event_name":"Accursed Blacksmith","floor":39,"gold_loss":0,"cards_obtained":["Pain"]}],"is_beta":true,"boss_relics":[{"not_picked":["Cursed Key","Runic Cube"],"picked":"Velvet Choker"},{"not_picked":["Black Blood","Fusion Hammer"],"picked":"Black Star"}],"items_purged_floors":[30,36],"is_endless":false,"potions_floor_spawned":[8,11,12,16,19,24,27],"killed_by":"Reptomancer","ascension_level":20}