{"gold_per_floor":[214,177,252,5,5,5,40,40,122,157,170,170,198,211,211,211],"floor_reached":16,"playtime":889,"items_purged":[],"score":232,"play_id":"b3ce8e76-c65c-40d6-b71f-892ea53c3244","local_time":"20190920095830","is_ascension_mode":true,"campfire_choices":[{"data":"Bash","floor":6,"key":"SMITH"},{"floor":8,"key":"REST"},{"floor":12,"key":"REST"},{"data":"Disarm","floor":15,"key":"SMITH"}],"neow_cost":"NONE","seed_source_timestamp":470399237955100,"circlet_count":0,"master_deck":["AscendersBane","Strike_R","Strike_R","Strike_R","Strike_R","Strike_R","Defend_R","Defend_R","Defend_R","Defend_R","Bash+1","Rampage","Inflame","Corruption","Shrug It Off","Offering","Disarm+1","Twin Strike","Feel No Pain"],"special_seed":0,"relics":["Burning Blood","OrangePellets","Sundial","Pen Nib","Kunai","Ginger","Magic Flower"],"potions_floor_usage":[12,13],"damage_taken":[{"damage":6,"enemies":"Cultist","floor":1,"turns":4},{"damage":37,"enemies":"Gremlin Nob","floor":7,"turns":4},{"damage":42,"enemies":"3 Sentries","floor":10,"turns":11},{"damage":2,"enemies":"Jaw Worm","floor":11,"turns":3},{"damage":14,"enemies":"Gremlin Nob","floor":13,"turns":3},{"damage":0,"enemies":"2 Louse","floor":14,"turns":2},{"damage":46,"enemies":"Hexaghost","floor":16,"turns":9}],"seed_played":"3976498514559919607","potions_obtained":[{"floor":1,"key":"Fruit Juice"},{"floor":7,"key":"SpeedPotion"},{"floor":10,"key":"Fire Potion"}],"is_trial":false,"path_per_floor":["M","$","?","$","T","R","E","R","T","E","M","R","E","M","R","B"],"character_chosen":"IRONCLAD","items_purchased":["Inflame","OrangePellets","Corruption"],"campfire_rested":2,"item_purchase_floors":[2,4,4],"current_hp_per_floor":[68,68,57,57,57,57,26,48,48,12,16,45,37,46,46,0],"gold":211,"neow_bonus":"HUNDRED_GOLD","is_prod":false,"is_daily":false,"chose_seed":false,"campfire_upgraded":2,"win_rate":0,"timestamp":1568987910,"path_taken":["M","?","?","$","?","R","E","R","T","E","M","R","E","M","R","BOSS"],"build_version":"2019-09-19","purchased_purges":0,"victory":false,"max_hp_per_floor":[75,75,75,75,75,75,75,75,75,75,75,80,80,80,80,80],"card_choices":[{"not_picked":["Pommel Strike","Clothesline"],"picked":"Rampage","floor":1},{"not_picked":["Dual Wield","Blood for Blood"],"picked":"Shrug It Off","floor":7},{"not_picked":["Whirlwind","Armaments"],"picked":"Offering","floor":10},{"not_picked":["Flex","Sword Boomerang"],"picked":"Disarm","floor":11},{"not_picked":["Clash","Cleave"],"picked":"Twin Strike","floor":13},{"not_picked":["Entrench","Sword Boomerang"],"picked":"Feel No Pain","floor":14}],"player_experience":57633,"relics_obtained":[{"floor":5,"key":"Sundial"},{"floor":7,"key":"Pen Nib"},{"floor":9,"key":"Kunai"},{"floor":10,"key":"Ginger"},{"floor":13,"key":"Magic Flower"}],"event_choices":[{"damage_healed":0,"gold_gain":75,"player_choice":"Gather Gold","damage_taken":11,"max_hp_gain":0,"max_hp_loss":0,"event_name":"World of Goop","floor":3,"gold_loss":0}],"is_beta":true,"boss_relics":[],"items_purged_floors":[],"is_endless":false,"potions_floor_spawned":[1,7,10],"killed_by":"Hexaghost","ascension_level":20}