{"gold_per_floor":[116,126,143,163,88,88,88,100,127,137,154,229,52,70,70,70],"floor_reached":16,"playtime":1178,"items_purged":["Strike_G"],"score":192,"play_id":"6ea97c53-d620-425f-8326-92dbedfbe007","local_time":"20191006041046","is_ascension_mode":true,"campfire_choices":[{"data":"Poisoned Stab","floor":6.0,"key":"SMITH"},{"data":"Footwork","floor":15,"key":"SMITH"}],"neow_cost":"NONE","seed_source_timestamp":31386640180911,"circlet_count":0,"master_deck":["AscendersBane","Strike_G","Strike_G","Strike_G","Strike_G","Defend_G","Defend_G","Defend_G","Defend_G","Defend_G","Survivor","Neutralize","Crippling Poison+1","PiercingWail","Poisoned Stab+1","Footwork+1","Burst","Dodge and Roll"],"special_seed":0,"relics":["Ring of the Snake","Omamori","Centennial Puzzle"],"potions_floor_usage":[16,16],"damage_taken":[{"damage":6.0,"enemies":"Cultist","floor":1.0,"turns":5.0},{"damage":4.0,"enemies":"Small Slimes","floor":2.0,"turns":3.0},{"damage":3.0,"enemies":"2 Louse","floor":3.0,"turns":4.0},{"damage":2.0,"enemies":"2 Fungi Beasts","floor":4.0,"turns":4.0},{"damage":6,"enemies":"Exordium Wildlife","floor":8,"turns":6},{"damage":1,"enemies":"3 Louse","floor":10,"turns":2},{"damage":2,"enemies":"2 Fungi Beasts","floor":11,"turns":3},{"damage":1,"enemies":"Exordium Wildlife","floor":14,"turns":3},{"damage":17,"enemies":"Hexaghost","floor":16,"turns":12}],"seed_played":"-5342436975273862650","potions_obtained":[{"floor":1.0,"key":"Swift Potion"},{"floor":3.0,"key":"FearPotion"},{"floor":11,"key":"Weak Potion"}],"is_trial":false,"path_per_floor":["M","M","M","M","$","R","?","M","T","M","M","?","$","M","R","B"],"character_chosen":"THE_SILENT","items_purchased":["Burst"],"campfire_rested":0,"item_purchase_floors":[13],"current_hp_per_floor":[53,49,46,44,44,44,44,38,38,37,35,24,24,23,23,6],"gold":70,"neow_bonus":"RANDOM_COMMON_RELIC","is_prod":false,"is_daily":false,"chose_seed":false,"campfire_upgraded":2,"win_rate":0,"timestamp":1570349446,"path_taken":["M","M","M","M","$","R","?","M","T","M","M","?","$","M","R","BOSS"],"build_version":"2019-07-17","purchased_purges":1,"victory":false,"max_hp_per_floor":[66,66,66,66,66,66,66,66,66,66,66,66,66,66,66,66],"card_choices":[{"not_picked":["Predator","Tactician"],"picked":"Crippling Poison","floor":1.0},{"not_picked":["Outmaneuver","Concentrate","Choke"],"picked":"SKIP","floor":2.0},{"not_picked":["Sucker Punch","Dagger Spray"],"picked":"PiercingWail","floor":3.0},{"not_picked":["Flechettes","Accuracy"],"picked":"Poisoned Stab","floor":4.0},{"not_picked":["Caltrops","PiercingWail"],"picked":"Footwork","floor":8},{"not_picked":["Acrobatics","Setup","Prepared"],"picked":"SKIP","floor":10},{"not_picked":["Accuracy","Terror","Sucker Punch"],"picked":"SKIP","floor":11},{"not_picked":["Blade Dance","Sucker Punch"],"picked":"Dodge and Roll","floor":14}],"player_experience":709308,"relics_obtained":[{"floor":9,"key":"Centennial Puzzle"}],"event_choices":[{"damage_healed":0,"gold_gain":0,"player_choice":"Grow","damage_taken":0,"max_hp_gain":0,"max_hp_loss":0,"event_name":"Living Wall","floor":7,"gold_loss":0,"cards_upgraded":["Crippling Poison"]},{"damage_healed":0,"gold_gain":75,"player_choice":"Gather Gold","damage_taken":11,"max_hp_gain":0,"max_hp_loss":0,"event_name":"World of Goop","floor":12,"gold_loss":0}],"is_beta":false,"boss_relics":[],"items_purged_floors":[5],"is_endless":false,"potions_floor_spawned":[1,3,10,11],"killed_by":"Hexaghost","ascension_level":20}