{"gold_per_floor":[119,139,139,150,61,61,73,73,148,159,188,204,204,223,223,302,302,322,338,338,358,369,369,394,394,394,426,444,444,460,483,483,560,560,580,596,187,205,205,205,234,245,245,245,255,268,268,286,286,286],"floor_reached":51,"playtime":6290,"items_purged":["Strike_G"],"score":1258,"play_id":"52b34b80-ac6c-4b18-892c-11d853056731","local_time":"20191005061832","is_ascension_mode":true,"campfire_choices":[{"data":"Bouncing Flask","floor":6.0,"key":"SMITH"},{"floor":8.0,"key":"REST"},{"data":"Catalyst","floor":15.0,"key":"SMITH"},{"data":"Tactician","floor":23.0,"key":"SMITH"},{"data":"Prepared","floor":25.0,"key":"SMITH"},{"data":"Burst","floor":29.0,"key":"SMITH"},{"floor":32.0,"key":"REST"},{"data":"1","floor":40.0,"key":"LIFT"},{"floor":47.0,"key":"REST"},{"floor":49,"key":"REST"}],"neow_cost":"NONE","seed_source_timestamp":2268412891702298,"circlet_count":0,"master_deck":["AscendersBane","Strike_G","Strike_G+1","Strike_G+1","Defend_G","Defend_G","Defend_G","Defend_G","Defend_G","Survivor","Neutralize","Burst+1","Bouncing Flask+1","Bandage Up","Catalyst+1","PiercingWail","After Image","Deadly Poison","PiercingWail","Neutralize","Tactician+1","Prepared+1","Catalyst","Calculated Gamble","Madness","Madness","Concentrate","PiercingWail","Night Terror"],"special_seed":0,"relics":["Ring of the Snake","CultistMask","Mummified Hand","Anchor","Runic Pyramid","Bag of Preparation","Girya","Red Mask","Pen Nib","Fusion Hammer","Mango","Whetstone","Ornamental Fan"],"potions_floor_usage":[48,48],"damage_taken":[{"damage":0.0,"enemies":"Cultist","floor":1.0,"turns":6.0},{"damage":4.0,"enemies":"Small Slimes","floor":2.0,"turns":4.0},{"damage":4.0,"enemies":"Jaw Worm","floor":4.0,"turns":4.0},{"damage":20.0,"enemies":"Gremlin Gang","floor":7.0,"turns":4.0},{"damage":3.0,"enemies":"Looter","floor":10.0,"turns":3.0},{"damage":19.0,"enemies":"Lagavulin","floor":11.0,"turns":6.0},{"damage":8.0,"enemies":"Blue Slaver","floor":12.0,"turns":4.0},{"damage":1.0,"enemies":"Exordium Thugs","floor":14.0,"turns":5.0},{"damage":15.0,"enemies":"The Guardian","floor":16.0,"turns":6.0},{"damage":0.0,"enemies":"Spheric Guardian","floor":18.0,"turns":6.0},{"damage":6.0,"enemies":"Shell Parasite","floor":19.0,"turns":4.0},{"damage":0.0,"enemies":"Snecko","floor":21.0,"turns":3.0},{"damage":2.0,"enemies":"Shelled Parasite and Fungi","floor":22.0,"turns":4.0},{"damage":15.0,"enemies":"Slavers","floor":24.0,"turns":10.0},{"damage":26.0,"enemies":"Masked Bandits","floor":27.0,"turns":6.0},{"damage":1.0,"enemies":"Cultist and Chosen","floor":28.0,"turns":5.0},{"damage":2.0,"enemies":"3 Cultists","floor":30.0,"turns":6.0},{"damage":7.0,"enemies":"Champ","floor":33.0,"turns":5.0},{"damage":0.0,"enemies":"3 Shapes","floor":35.0,"turns":7.0},{"damage":5.0,"enemies":"3 Darklings","floor":36.0,"turns":9.0},{"damage":0.0,"enemies":"4 Shapes","floor":38.0,"turns":9.0},{"damage":34.0,"enemies":"Nemesis","floor":41.0,"turns":5.0},{"damage":1.0,"enemies":"Writhing Mass","floor":42.0,"turns":6.0},{"damage":0.0,"enemies":"Maw","floor":45.0,"turns":5.0},{"damage":29.0,"enemies":"Jaw Worm Horde","floor":46.0,"turns":7.0},{"damage":1,"enemies":"4 Shapes","floor":48,"turns":8},{"damage":22,"enemies":"Donu and Deca","floor":50,"turns":7}],"seed_played":"-2817503152987389760","potions_obtained":[{"floor":4.0,"key":"Strength Potion"},{"floor":10.0,"key":"SpeedPotion"},{"floor":16.0,"key":"Fire Potion"},{"floor":19.0,"key":"GamblersBrew"},{"floor":24.0,"key":"Weak Potion"},{"floor":27.0,"key":"GamblersBrew"},{"floor":28.0,"key":"EntropicBrew"},{"floor":30.0,"key":"SteroidPotion"},{"floor":38.0,"key":"SteroidPotion"},{"floor":46.0,"key":"Regen Potion"}],"is_trial":false,"path_per_floor":["M","M","?","M","$","R","M","R","T","M","E","M","?","M","R","B",null,"M","M","?","M","M","R","E","R","T","?","M","R","M","T","R","B",null,"M","M","$","M","?","R","E","M","T","?","M","M","R","M","R","B",null],"character_chosen":"THE_SILENT","items_purchased":["Bandage Up","Mango"],"campfire_rested":4,"item_purchase_floors":[5,37],"current_hp_per_floor":[59,55,55,51,51,51,35,54,54,55,40,36,36,39,39,28,57,61,59,59,59,61,61,50,50,50,28,31,31,33,33,52,49,62,66,62,76,80,66,66,36,43,43,43,47,22,46,68,80,62],"gold":286,"neow_bonus":"ONE_RANDOM_RARE_CARD","is_prod":false,"is_daily":false,"chose_seed":false,"campfire_upgraded":5,"win_rate":0,"timestamp":1570270712,"path_taken":["M","M","?","M","?","R","?","R","T","M","E","M","?","M","R","BOSS","M","M","?","?","M","R","E","R","T","?","M","R","M","?","R","BOSS","M","M","$","M","?","R","E","M","T","?","M","M","R","M","R","BOSS"],"build_version":"2019-07-17","purchased_purges":1,"victory":true,"max_hp_per_floor":[66,66,66,66,66,66,66,66,66,66,66,66,66,66,66,66,66,66,66,66,66,66,66,66,66,66,66,66,66,66,66,66,66,66,66,66,80,80,80,80,80,80,80,80,80,80,80,80,80,80],"card_choices":[{"not_picked":["Backflip","Quick Slash"],"picked":"Bouncing Flask","floor":1.0},{"not_picked":["Flying Knee","Accuracy","Deflect"],"picked":"SKIP","floor":2.0},{"not_picked":["Caltrops","Riddle With Holes","Underhanded Strike"],"picked":"SKIP","floor":4.0},{"not_picked":["Caltrops","Riddle With Holes","Underhanded Strike"],"picked":"SKIP","floor":4.0},{"not_picked":["Caltrops","Riddle With Holes","Underhanded Strike"],"picked":"SKIP","floor":4.0},{"not_picked":["Distraction","Expertise","Cloak And Dagger"],"picked":"SKIP","floor":7.0},{"not_picked":["Backstab","Flying Knee","Quick Slash"],"picked":"SKIP","floor":10.0},{"not_picked":["Escape Plan","Phantasmal Killer"],"picked":"Catalyst","floor":11.0},{"not_picked":["Flechettes","Quick Slash"],"picked":"PiercingWail","floor":12.0},{"not_picked":["Blade Dance","Quick Slash","Flying Knee"],"picked":"SKIP","floor":14.0},{"not_picked":["Malaise","Adrenaline"],"picked":"After Image","floor":16.0},{"not_picked":["Backflip+1","All Out Attack","Bouncing Flask"],"picked":"SKIP","floor":18.0},{"not_picked":["Skewer","Blade Dance"],"picked":"Deadly Poison","floor":19.0},{"not_picked":["Noxious Fumes","Poisoned Stab","Blade Dance"],"picked":"SKIP","floor":21.0},{"not_picked":["Blur","Outmaneuver"],"picked":"Tactician","floor":22.0},{"not_picked":["Crippling Poison","Die Die Die"],"picked":"Prepared","floor":24.0},{"not_picked":["Tactician","Eviscerate","Acrobatics"],"picked":"SKIP","floor":28.0},{"not_picked":["Expertise","Accuracy"],"picked":"Catalyst","floor":30.0},{"not_picked":["Leg Sweep","Quick Slash","Choke+1"],"picked":"SKIP","floor":35.0},{"not_picked":["Slice","Dagger Spray","Acrobatics"],"picked":"SKIP","floor":36.0},{"not_picked":["Poisoned Stab","Dagger Throw"],"picked":"Calculated Gamble","floor":38.0},{"not_picked":["Poisoned Stab","Flying Knee"],"picked":"Concentrate","floor":41.0},{"not_picked":["Slice","Finisher+1","Dodge and Roll"],"picked":"SKIP","floor":42.0},{"not_picked":["Flechettes","Infinite Blades"],"picked":"PiercingWail","floor":45.0},{"not_picked":["Flying Knee","Tactician","Predator"],"picked":"SKIP","floor":46.0},{"not_picked":["Underhanded Strike","Outmaneuver"],"picked":"Night Terror","floor":48}],"player_experience":676126,"relics_obtained":[{"floor":9.0,"key":"Mummified Hand"},{"floor":11.0,"key":"Anchor"},{"floor":24.0,"key":"Bag of Preparation"},{"floor":26.0,"key":"Girya"},{"floor":27.0,"key":"Red Mask"},{"floor":31.0,"key":"Pen Nib"},{"floor":41.0,"key":"Whetstone"},{"floor":43.0,"key":"Ornamental Fan"}],"event_choices":[{"damage_healed":0.0,"max_hp_gain":0.0,"max_hp_loss":0.0,"gold_gain":0.0,"event_name":"FaceTrader","player_choice":"Trade","floor":3.0,"gold_loss":0.0,"damage_taken":0.0,"relics_obtained":["CultistMask"]},{"damage_healed":0.0,"max_hp_gain":0.0,"max_hp_loss":0.0,"gold_gain":0.0,"event_name":"Scrap Ooze","player_choice":"Fled","floor":13.0,"gold_loss":0.0,"damage_taken":0.0},{"damage_healed":0.0,"max_hp_gain":0.0,"max_hp_loss":0.0,"gold_gain":0.0,"event_name":"Match and Keep!","player_choice":"2 cards matched","floor":20.0,"gold_loss":0.0,"damage_taken":0.0,"cards_obtained":["PiercingWail","Neutralize"]},{"damage_healed":0.0,"max_hp_gain":0.0,"max_hp_loss":0.0,"gold_gain":0.0,"event_name":"Masked Bandits","player_choice":"Fought Bandits","floor":27.0,"gold_loss":0.0,"damage_taken":0.0},{"damage_healed":0.0,"max_hp_gain":0.0,"max_hp_loss":0.0,"gold_gain":0.0,"event_name":"Winding Halls","player_choice":"Embrace Madness","floor":39.0,"gold_loss":0.0,"damage_taken":14.0,"cards_obtained":["Madness","Madness"]},{"cards_removed":["Strike_G"],"damage_healed":0.0,"max_hp_gain":0.0,"max_hp_loss":0.0,"gold_gain":0.0,"event_name":"Falling","player_choice":"Removed Attack","floor":44.0,"gold_loss":0.0,"damage_taken":0.0}],"is_beta":false,"boss_relics":[{"not_picked":["Lizard Tail","Velvet Choker"],"picked":"Runic Pyramid"},{"not_picked":["Black Star","Orrery"],"picked":"Fusion Hammer"}],"items_purged_floors":[37],"is_endless":false,"potions_floor_spawned":[4,10,16,19,21,24,27,28,30,38,46],"ascension_level":17}