{"gold_per_floor":[118,131,131,206,221,1,1,11,11,22,37,63,76,109,109,212,212,225,324,29,42,52,77,92,92,92,106,120,30,43,75,75,75],"floor_reached":33,"playtime":2884,"items_purged":["Strike_R","Strike_R"],"score":303,"play_id":"8f5f0673-23ec-4507-a15b-6c1ec6b62fb8","local_time":"20190808010630","is_ascension_mode":false,"campfire_choices":[{"data":"Armaments","floor":7,"key":"SMITH"},{"data":"Rage","floor":15,"key":"SMITH"},{"data":"Feel No Pain","floor":25,"key":"SMITH"},{"data":"Impervious","floor":32,"key":"SMITH"}],"neow_cost":"NONE","seed_source_timestamp":18944099447700,"circlet_count":0,"master_deck":["Strike_R","Strike_R","Defend_R","Defend_R","Defend_R","Defend_R","Bash+1","Shrug It Off","Armaments+1","Whirlwind","Feel No Pain+1","Reckless Charge","Havoc","Iron Wave","Rage+1","Iron Wave+1","Impervious+1","Battle Trance","Metallicize+1"],"relics":["Burning Blood","Matryoshka","Bottled Flame","Blood Vial","Snecko Eye","Chemical X","Potion Belt","Smiling Mask","Lantern","Thread and Needle"],"potions_floor_usage":[8,12,16,16,21,22,23,31,31],"damage_taken":[{"damage":6,"enemies":"Jaw Worm","floor":1,"turns":3},{"damage":2,"enemies":"2 Louse","floor":2,"turns":3},{"damage":1,"enemies":"Cultist","floor":5,"turns":3},{"damage":2,"enemies":"Exordium Thugs","floor":8,"turns":5},{"damage":2,"enemies":"Looter","floor":10,"turns":3},{"damage":0,"enemies":"Gremlin Gang","floor":11,"turns":5},{"damage":14,"enemies":"Gremlin Nob","floor":12,"turns":4},{"damage":1,"enemies":"2 Fungi Beasts","floor":13,"turns":3},{"damage":16,"enemies":"3 Sentries","floor":14,"turns":7},{"damage":62,"enemies":"The Guardian","floor":16,"turns":13},{"damage":7,"enemies":"2 Thieves","floor":18,"turns":5},{"damage":0,"enemies":"Spheric Guardian","floor":21,"turns":5},{"damage":0,"enemies":"Snake Plant","floor":22,"turns":4},{"damage":18,"enemies":"Gremlin Leader","floor":23,"turns":10},{"damage":34,"enemies":"Chosen and Byrds","floor":24,"turns":8},{"damage":6,"enemies":"Cultist and Chosen","floor":27,"turns":8},{"damage":3,"enemies":"Centurion and Healer","floor":28,"turns":8},{"damage":17,"enemies":"Chosen and Byrds","floor":30,"turns":7},{"damage":2,"enemies":"Book of Stabbing","floor":31,"turns":6},{"damage":64,"enemies":"Champ","floor":33,"turns":13}],"seed_played":"7537860485550451327","potions_obtained":[{"floor":1,"key":"Swift Potion"},{"floor":5,"key":"LiquidBronze"},{"floor":11,"key":"Strength Potion"},{"floor":14,"key":"EntropicBrew"},{"floor":21,"key":"AttackPotion"},{"floor":24,"key":"LiquidBronze"},{"floor":28,"key":"SneckoOil"}],"is_trial":false,"path_per_floor":["M","M","?","?","M","$","R","M","T","M","M","E","M","E","R","B",null,"M","?","$","M","M","E","M","R","T","M","M","?","M","E","R","B"],"character_chosen":"IRONCLAD","items_purchased":["Feel No Pain","Reckless Charge","Chemical X"],"campfire_rested":0,"item_purchase_floors":[6,6,20],"current_hp_per_floor":[80,80,85,74,79,79,79,83,83,85,85,77,82,72,72,18,85,84,84,84,85,85,73,47,47,47,49,54,54,45,51,51,0],"gold":75,"neow_bonus":"UPGRADE_CARD","is_prod":false,"is_daily":false,"chose_seed":false,"campfire_upgraded":4,"win_rate":0,"timestamp":1565240790,"path_taken":["M","M","?","?","M","?","R","M","T","?","M","E","M","E","R","BOSS","M","?","$","M","M","E","M","R","T","M","M","?","?","E","R","BOSS"],"build_version":"2019-07-17","purchased_purges":2,"victory":false,"max_hp_per_floor":[80,80,85,85,85,85,85,85,85,85,85,85,85,85,85,85,85,85,85,85,85,85,85,85,85,85,85,85,85,85,85,85,85],"card_choices":[{"not_picked":["Uppercut","Cleave"],"picked":"Shrug It Off","floor":1},{"not_picked":["Havoc","Wild Strike"],"picked":"Armaments","floor":2},{"not_picked":["Infernal Blade","Dropkick"],"picked":"Whirlwind","floor":5},{"not_picked":["Sword Boomerang","Warcry","Evolve"],"picked":"SKIP","floor":8},{"not_picked":["Flex","Warcry"],"picked":"Havoc","floor":10},{"not_picked":["Juggernaut","Clothesline"],"picked":"Iron Wave","floor":11},{"not_picked":["Warcry","Wild Strike"],"picked":"Rage","floor":12},{"not_picked":["Anger","Havoc","Metallicize"],"picked":"SKIP","floor":13},{"not_picked":["Juggernaut","Thunderclap"],"picked":"Iron Wave","floor":14},{"not_picked":["Juggernaut","Feed"],"picked":"Impervious","floor":16},{"not_picked":["Perfected Strike","Twin Strike","Havoc"],"picked":"SKIP","floor":18},{"not_picked":["Rage","Second Wind"],"picked":"Battle Trance","floor":21},{"not_picked":["Power Through","Cleave","Clothesline"],"picked":"SKIP","floor":22},{"not_picked":["Armaments","Iron Wave+1","Uppercut"],"picked":"SKIP","floor":23},{"not_picked":["Double Tap","Sword Boomerang+1","Anger+1"],"picked":"SKIP","floor":24},{"not_picked":["Corruption+1","Cleave+1","Dual Wield+1"],"picked":"SKIP","floor":27},{"not_picked":["Armaments","Flex+1"],"picked":"Metallicize+1","floor":28},{"not_picked":["Cleave","Shrug It Off","Perfected Strike"],"picked":"SKIP","floor":30},{"not_picked":["Burning Pact+1","Warcry","Whirlwind"],"picked":"SKIP","floor":31}],"player_experience":2641657,"relics_obtained":[{"floor":9,"key":"Matryoshka"},{"floor":12,"key":"Bottled Flame"},{"floor":14,"key":"Blood Vial"},{"floor":23,"key":"Potion Belt"},{"floor":26,"key":"Smiling Mask"},{"floor":26,"key":"Lantern"},{"floor":31,"key":"Thread and Needle"}],"event_choices":[{"damage_healed":0,"gold_gain":0,"player_choice":"Donut","damage_taken":0,"max_hp_gain":5,"max_hp_loss":0,"event_name":"Big Fish","floor":3,"gold_loss":0},{"damage_healed":0,"gold_gain":75,"player_choice":"Gather Gold","damage_taken":11,"max_hp_gain":0,"max_hp_loss":0,"event_name":"World of Goop","floor":4,"gold_loss":0},{"damage_healed":0,"gold_gain":99,"player_choice":"Stole From Cult","damage_taken":0,"max_hp_gain":0,"max_hp_loss":0,"event_name":"Nest","floor":19,"gold_loss":0},{"cards_removed":["Strike_R"],"damage_healed":0,"gold_gain":0,"player_choice":"Upgrade and Remove","damage_taken":0,"max_hp_gain":0,"max_hp_loss":0,"event_name":"Designer","floor":29,"gold_loss":90,"cards_upgraded":["Iron Wave"]}],"is_beta":false,"boss_relics":[{"not_picked":["Runic Pyramid","Sozu"],"picked":"Snecko Eye"}],"items_purged_floors":[6,20],"is_endless":false,"potions_floor_spawned":[1,5,11,14,16,21,24,28],"killed_by":"Champ","ascension_level":0}