{"gold_per_floor":[118,130,140,140,156,156,22,22,49,62,92,167,167,182,182,256,256,275,275,275,290,306,306,306,306,306,333,345,357],"floor_reached":29,"playtime":2037,"items_purged":["Strike_G"],"score":464,"play_id":"859afedf-9d2b-4143-88e3-299cf28e94c7","local_time":"20191005164049","is_ascension_mode":true,"campfire_choices":[{"data":"Bouncing Flask","floor":6.0,"key":"SMITH"},{"data":"Neutralize","floor":13.0,"key":"SMITH"},{"data":"Noxious Fumes","floor":15.0,"key":"SMITH"},{"data":"Deadly Poison","floor":23.0,"key":"SMITH"},{"data":"Dodge and Roll","floor":25.0,"key":"SMITH"}],"neow_cost":"NONE","seed_source_timestamp":0,"circlet_count":0,"master_deck":["AscendersBane","Defend_G+1","Defend_G+1","Defend_G+1","Defend_G+1","Survivor","Neutralize+1","Bouncing Flask+1","Dodge and Roll+1","Adrenaline","Deadly Poison+1","Noxious Fumes+1","Doppelganger","Bite","Bite","Bite","Bite","Bite","Prepared+1","Blur"],"special_seed":0,"relics":["Ring of the Snake","Juzu Bracelet","Bronze Scales","Philosopher\u0027s Stone","MawBank"],"potions_floor_usage":[],"damage_taken":[{"damage":0.0,"enemies":"2 Louse","floor":1.0,"turns":4.0},{"damage":2.0,"enemies":"Jaw Worm","floor":2.0,"turns":4.0},{"damage":1.0,"enemies":"Small Slimes","floor":3.0,"turns":5.0},{"damage":0.0,"enemies":"Blue Slaver","floor":5.0,"turns":5.0},{"damage":1.0,"enemies":"Large Slime","floor":10.0,"turns":6.0},{"damage":7.0,"enemies":"Lagavulin","floor":11.0,"turns":5.0},{"damage":2.0,"enemies":"2 Fungi Beasts","floor":14.0,"turns":3.0},{"damage":4.0,"enemies":"Hexaghost","floor":16.0,"turns":7.0},{"damage":14.0,"enemies":"3 Byrds","floor":18.0,"turns":4.0},{"damage":20.0,"enemies":"Chosen","floor":21.0,"turns":5.0},{"damage":38.0,"enemies":"Centurion and Healer","floor":22.0,"turns":10.0},{"damage":36.0,"enemies":"Chosen and Byrds","floor":27.0,"turns":5.0},{"damage":37,"enemies":"Snecko","floor":29,"turns":6}],"seed_played":"3181948713200545115","potions_obtained":[{"floor":1.0,"key":"SteroidPotion"},{"floor":2.0,"key":"SkillPotion"},{"floor":3.0,"key":"AttackPotion"},{"floor":11.0,"key":"EssenceOfSteel"}],"is_trial":false,"path_per_floor":["M","M","M","?","M","R","$","?","T","M","E","?","R","M","R","B",null,"M","?","?","M","M","R","?","R","T","M","$","M"],"character_chosen":"THE_SILENT","items_purchased":["Deadly Poison"],"campfire_rested":0,"item_purchase_floors":[7],"current_hp_per_floor":[65,63,62,62,62,62,62,55,55,54,47,36,36,34,34,30,62,48,48,35,29,29,29,29,29,29,9,9,0],"gold":357,"neow_bonus":"TEN_PERCENT_HP_BONUS","is_prod":false,"is_daily":false,"chose_seed":false,"campfire_upgraded":5,"win_rate":0,"timestamp":1570308049,"path_taken":["M","M","M","?","M","R","$","?","T","M","E","?","R","M","R","BOSS","M","?","?","M","M","R","?","R","T","M","$","M"],"build_version":"2019-07-17","purchased_purges":1,"victory":false,"max_hp_per_floor":[72,72,72,72,72,72,72,72,72,72,72,72,72,72,72,72,72,72,50,55,55,55,55,55,55,55,55,55,55],"card_choices":[{"not_picked":["Caltrops","Dagger Spray"],"picked":"Bouncing Flask","floor":1.0},{"not_picked":["Slice","Blade Dance","Terror"],"picked":"SKIP","floor":2.0},{"not_picked":["Flechettes","Blade Dance"],"picked":"Dodge and Roll","floor":3.0},{"not_picked":["Deadly Poison","Bouncing Flask"],"picked":"Adrenaline","floor":5.0},{"not_picked":["Underhanded Strike","Prepared"],"picked":"Noxious Fumes","floor":10.0},{"not_picked":["Bouncing Flask","Leg Sweep","Outmaneuver"],"picked":"SKIP","floor":11.0},{"not_picked":["Bane","Underhanded Strike","Sucker Punch"],"picked":"SKIP","floor":14.0},{"not_picked":["Storm of Steel","Bullet Time"],"picked":"Doppelganger","floor":16.0},{"not_picked":["Setup","Quick Slash","Poisoned Stab"],"picked":"SKIP","floor":18.0},{"not_picked":["Quick Slash","Blade Dance"],"picked":"Prepared+1","floor":21.0},{"not_picked":["Noxious Fumes","Deadly Poison","Dagger Spray"],"picked":"SKIP","floor":22.0},{"not_picked":["Underhanded Strike","Deadly Poison"],"picked":"Blur","floor":27.0}],"player_experience":689845,"relics_obtained":[{"floor":9.0,"key":"Juzu Bracelet"},{"floor":11.0,"key":"Bronze Scales"},{"floor":26.0,"key":"MawBank"}],"event_choices":[{"damage_healed":0.0,"max_hp_gain":0.0,"max_hp_loss":0.0,"gold_gain":0.0,"event_name":"Liars Game","player_choice":"Ignored","floor":4.0,"gold_loss":0.0,"damage_taken":0.0},{"cards_removed":["Defend_G"],"damage_healed":0.0,"max_hp_gain":0.0,"max_hp_loss":0.0,"gold_gain":0.0,"event_name":"Golden Wing","player_choice":"Card Removal","floor":8.0,"gold_loss":0.0,"damage_taken":7.0},{"damage_healed":0.0,"max_hp_gain":0.0,"max_hp_loss":0.0,"gold_gain":75.0,"event_name":"World of Goop","player_choice":"Gather Gold","floor":12.0,"gold_loss":0.0,"damage_taken":11.0},{"damage_healed":0.0,"max_hp_gain":0.0,"max_hp_loss":22.0,"gold_gain":0.0,"event_name":"Vampires","player_choice":"Became a vampire","floor":19.0,"gold_loss":0.0,"damage_taken":0.0,"cards_obtained":["Bite","Bite","Bite","Bite","Bite"]},{"damage_healed":0.0,"max_hp_gain":5.0,"max_hp_loss":0.0,"gold_gain":0.0,"event_name":"Forgotten Altar","player_choice":"Shed Blood","floor":20.0,"gold_loss":0.0,"damage_taken":18.0},{"damage_healed":0.0,"max_hp_gain":0.0,"max_hp_loss":0.0,"gold_gain":0.0,"event_name":"Back to Basics","player_choice":"Simplicity","floor":24.0,"gold_loss":0.0,"damage_taken":0.0,"cards_upgraded":["Defend_G","Defend_G","Defend_G","Defend_G"]}],"is_beta":false,"boss_relics":[{"not_picked":["Runic Dome","Fusion Hammer"],"picked":"Philosopher\u0027s Stone"}],"items_purged_floors":[7],"is_endless":false,"potions_floor_spawned":[1,2,3,11],"killed_by":"Snecko","ascension_level":19}