{"gold_per_floor":[114,114,138,153,171,214,214,245,313,313,57,73,94,109,109,229,229],"floor_reached":17,"playtime":1007,"items_purged":[],"score":169,"play_id":"b8b3eb5e-3e49-4898-ba73-122c2d566300","local_time":"20190808105749","is_ascension_mode":false,"campfire_choices":[{"data":"Perfected Strike","floor":7,"key":"SMITH"},{"data":"Perfected Strike","floor":10,"key":"SMITH"},{"data":"Perfected Strike","floor":15,"key":"SMITH"}],"neow_cost":"NONE","seed_source_timestamp":1519758672800,"circlet_count":0,"master_deck":["Bash+1","Perfected Strike+1","Perfected Strike+1","Battle Trance","Pommel Strike","Twin Strike","Perfected Strike+1","Impervious","Blood for Blood","Battle Trance","Barricade","Iron Wave","Sentinel","Hemokinesis","Fiend Fire","Blood for Blood","Berserk"],"relics":["Burning Blood","Golden Idol","Bronze Scales","Gambling Chip","Kunai","Mummified Hand","Pandora\u0027s Box"],"potions_floor_usage":[6,16],"damage_taken":[{"damage":3,"enemies":"Jaw Worm","floor":1,"turns":8},{"damage":0,"enemies":"2 Louse","floor":3,"turns":3},{"damage":0,"enemies":"Small Slimes","floor":4,"turns":4},{"damage":9,"enemies":"Blue Slaver","floor":5,"turns":3},{"damage":6,"enemies":"Gremlin Nob","floor":6,"turns":3},{"damage":26,"enemies":"Lagavulin","floor":8,"turns":6},{"damage":6,"enemies":"Exordium Wildlife","floor":12,"turns":3},{"damage":0,"enemies":"Large Slime","floor":13,"turns":3},{"damage":2,"enemies":"Blue Slaver","floor":14,"turns":2},{"damage":37,"enemies":"The Guardian","floor":16,"turns":9}],"seed_played":"-216395282733030167","potions_obtained":[{"floor":1,"key":"Explosive Potion"},{"floor":3,"key":"LiquidBronze"},{"floor":5,"key":"PowerPotion"},{"floor":12,"key":"Fire Potion"},{"floor":16,"key":"SneckoOil"}],"is_trial":false,"path_per_floor":["M","?","M","M","M","E","R","E","T","R","$","M","M","M","R","B",null],"character_chosen":"IRONCLAD","items_purchased":["Mummified Hand"],"campfire_rested":0,"item_purchase_floors":[11],"current_hp_per_floor":[80,60,66,72,69,69,69,49,49,49,49,49,55,59,59,28,80],"gold":229,"neow_bonus":"UPGRADE_CARD","is_prod":false,"is_daily":false,"chose_seed":false,"campfire_upgraded":3,"win_rate":0,"timestamp":1565276269,"path_taken":["M","?","M","M","M","E","R","E","T","R","$","M","M","M","R","BOSS"],"build_version":"2019-07-17","purchased_purges":0,"victory":false,"max_hp_per_floor":[80,80,80,80,80,80,80,80,80,80,80,80,80,80,80,80,80],"card_choices":[{"not_picked":["Pummel","Reckless Charge"],"picked":"Perfected Strike","floor":1},{"not_picked":["Pummel","Sword Boomerang"],"picked":"Perfected Strike","floor":3},{"not_picked":["Whirlwind","Headbutt","Sword Boomerang"],"picked":"SKIP","floor":4},{"not_picked":["Spot Weakness","Iron Wave","Cleave"],"picked":"SKIP","floor":5},{"not_picked":["Wild Strike","Carnage"],"picked":"Battle Trance","floor":6},{"not_picked":["Thunderclap","Shockwave"],"picked":"Pommel Strike","floor":8},{"not_picked":["Inflame","Iron Wave","Dual Wield"],"picked":"SKIP","floor":12},{"not_picked":["Havoc","Battle Trance"],"picked":"Twin Strike","floor":13},{"not_picked":["Brutality","Headbutt"],"picked":"Perfected Strike","floor":14},{"not_picked":["Exhume","Limit Break"],"picked":"Impervious","floor":16}],"player_experience":2644541,"relics_obtained":[{"floor":6,"key":"Bronze Scales"},{"floor":8,"key":"Gambling Chip"},{"floor":9,"key":"Kunai"}],"event_choices":[{"damage_healed":0,"gold_gain":0,"player_choice":"Take Damage","damage_taken":20,"relics_obtained":["Golden Idol"],"max_hp_gain":0,"max_hp_loss":0,"event_name":"Golden Idol","floor":2,"gold_loss":0}],"is_beta":false,"boss_relics":[{"not_picked":["Lizard Tail","White Beast Statue"],"picked":"Pandora\u0027s Box"}],"items_purged_floors":[],"is_endless":false,"potions_floor_spawned":[1,3,5,12,16],"ascension_level":0}