{"gold_per_floor":[115,10,10,26,42,68,94,94,144,144,144,164,164,198,198,271,271,289,90,102,102,102,135,135,167,224,99,99,132,132,149,149,224,224,241,241,292,302,141,176,176,207,207,207,34,52,82,98,98,98,98,98,98,98,129,129],"floor_reached":57,"playtime":4566,"items_purged":["Strike_R","Strike_R","Strike_R"],"score":2854,"play_id":"875af1f1-d0c1-49b1-840f-b92b37883be0","local_time":"20190908191211","is_ascension_mode":true,"campfire_choices":[{"data":"Offering","floor":8.0,"key":"SMITH"},{"floor":11.0,"key":"REST"},{"data":"Inflame","floor":13.0,"key":"SMITH"},{"data":"Limit Break","floor":15.0,"key":"SMITH"},{"floor":28.0,"key":"REST"},{"floor":32.0,"key":"RECALL"},{"floor":41.0,"key":"REST"},{"floor":44.0,"key":"REST"},{"floor":49.0,"key":"REST"},{"floor":53.0,"key":"REST"}],"neow_cost":"NONE","seed_source_timestamp":332302034959700,"circlet_count":0,"master_deck":["AscendersBane","Strike_R+1","Strike_R+1","Defend_R","Defend_R","Defend_R","Defend_R","Bash","Offering+1","Thunderclap","Pommel Strike","Inflame+1","Fiend Fire","Limit Break+1","Exhume","Shrug It Off","Spot Weakness","Disarm","Feed","Feel No Pain","Shrug It Off+1","Dropkick","True Grit+1","Impervious","Seeing Red","Shrug It Off"],"special_seed":0,"relics":["Burning Blood","Bronze Scales","Anchor","Bag of Marbles","Strawberry","Fusion Hammer","Matryoshka","Mummified Hand","MutagenicStrength","Lantern","Happy Flower","Tiny Chest","Kunai","Whetstone","WingedGreaves","Runic Pyramid","Bag of Preparation","Incense Burner","Bottled Lightning","Centennial Puzzle","Art of War","Mango","Ornamental Fan"],"potions_floor_usage":[56,56],"damage_taken":[{"damage":6.0,"enemies":"Cultist","floor":1.0,"turns":2.0},{"damage":6.0,"enemies":"Small Slimes","floor":4.0,"turns":2.0},{"damage":14.0,"enemies":"Jaw Worm","floor":5.0,"turns":3.0},{"damage":36.0,"enemies":"3 Sentries","floor":6.0,"turns":9.0},{"damage":6.0,"enemies":"Large Slime","floor":12.0,"turns":1.0},{"damage":6.0,"enemies":"Gremlin Nob","floor":14.0,"turns":1.0},{"damage":32.0,"enemies":"The Guardian","floor":16.0,"turns":9.0},{"damage":6.0,"enemies":"2 Thieves","floor":18.0,"turns":2.0},{"damage":6.0,"enemies":"Chosen","floor":20.0,"turns":2.0},{"damage":32.0,"enemies":"Slavers","floor":23.0,"turns":4.0},{"damage":11.0,"enemies":"Book of Stabbing","floor":25.0,"turns":3.0},{"damage":16.0,"enemies":"Slavers","floor":29.0,"turns":2.0},{"damage":9.0,"enemies":"3 Cultists","floor":31.0,"turns":4.0},{"damage":78.0,"enemies":"Automaton","floor":33.0,"turns":7.0},{"damage":6.0,"enemies":"3 Shapes","floor":35.0,"turns":1.0},{"damage":6.0,"enemies":"3 Darklings","floor":38.0,"turns":4.0},{"damage":40.0,"enemies":"Reptomancer","floor":40.0,"turns":3.0},{"damage":12.0,"enemies":"Giant Head","floor":42.0,"turns":5.0},{"damage":22.0,"enemies":"4 Shapes","floor":46.0,"turns":6.0},{"damage":21.0,"enemies":"Nemesis","floor":47.0,"turns":3.0},{"damage":2.0,"enemies":"Writhing Mass","floor":48.0,"turns":4.0},{"damage":30.0,"enemies":"Awakened One","floor":50.0,"turns":9.0},{"damage":18.0,"enemies":"Time Eater","floor":51.0,"turns":6.0},{"damage":37,"enemies":"Shield and Spear","floor":55,"turns":6},{"damage":76,"enemies":"The Heart","floor":56,"turns":8}],"seed_played":"2104694216748317121","potions_obtained":[{"floor":1.0,"key":"Swift Potion"},{"floor":4.0,"key":"GamblersBrew"},{"floor":6.0,"key":"Ancient Potion"},{"floor":14.0,"key":"SkillPotion"},{"floor":18.0,"key":"Strength Potion"},{"floor":29.0,"key":"BloodPotion"},{"floor":33.0,"key":"GamblersBrew"},{"floor":38.0,"key":"SteroidPotion"}],"is_trial":false,"path_per_floor":["M","$","?","M","M","E","T","R","T","?","R","M","R","E","R","B",null,"M","$","M","T","?","E","?","E","T","$","R","E","T","M","R","B",null,"M","?","T","M","$","E","R","E","T","R","$","M","E","M","R","B","B",null,"R","$","E","B",null],"character_chosen":"IRONCLAD","items_purchased":["Pommel Strike","Shrug It Off","Spot Weakness","Bag of Preparation","Art of War"],"campfire_rested":6,"item_purchase_floors":[2,19,19,39,45],"current_hp_per_floor":[68,68,73,73,65,35,35,35,35,23,47,47,47,54,54,28,72,72,72,72,72,72,46,46,41,41,41,67,57,57,57,57,7,69,72,72,72,72,72,38,65,59,59,86,86,76,75,82,116,95,83,110,119,119,91,24],"gold":129,"neow_bonus":"ONE_RANDOM_RARE_CARD","is_prod":false,"is_daily":false,"chose_seed":false,"campfire_upgraded":3,"win_rate":0,"timestamp":1567984331,"path_taken":["M","?","?","M","M","E","?","R","T","?","R","M","R","E","R","BOSS","M","$","M","?","?","E","?","E","T","?","R","E","?","M","R","BOSS","M","?","?","?","?","E","R","E","T","R","$","M","E","M","R","BOSS","BOSS","R","$","E","BOSS"],"build_version":"2019-07-17","purchased_purges":3,"victory":true,"max_hp_per_floor":[75,75,80,80,80,80,80,80,80,80,80,80,80,87,87,87,87,87,87,87,87,87,87,87,87,87,87,87,87,87,90,90,90,90,93,93,93,93,93,93,93,93,93,93,93,99,113,116,116,119,119,119,119,119,122,125],"card_choices":[{"not_picked":["Warcry","Wild Strike"],"picked":"Thunderclap","floor":1.0},{"not_picked":["Warcry","Flex","Sentinel"],"picked":"SKIP","floor":4.0},{"not_picked":["Dropkick","Pommel Strike"],"picked":"Inflame","floor":5.0},{"not_picked":["Second Wind","Anger"],"picked":"Fiend Fire","floor":6.0},{"not_picked":["Wild Strike","Seeing Red","True Grit"],"picked":"SKIP","floor":12.0},{"not_picked":["Burning Pact","Shrug It Off"],"picked":"Limit Break","floor":14.0},{"not_picked":["Fiend Fire","Barricade"],"picked":"Exhume","floor":16.0},{"not_picked":["Sword Boomerang","Searing Blow+1","Body Slam"],"picked":"SKIP","floor":18.0},{"not_picked":["Iron Wave","True Grit","Flex"],"picked":"SKIP","floor":20.0},{"not_picked":["Headbutt","Wild Strike","Havoc"],"picked":"SKIP","floor":23.0},{"not_picked":["Blood for Blood","Bloodletting","Clash"],"picked":"SKIP","floor":25.0},{"not_picked":["Anger","Thunderclap"],"picked":"Feed","floor":29.0},{"not_picked":["Wild Strike","Infernal Blade+1"],"picked":"Feel No Pain","floor":31.0},{"not_picked":["Anger+1","Headbutt+1","Metallicize"],"picked":"SKIP","floor":35.0},{"not_picked":["Body Slam","Intimidate+1"],"picked":"Shrug It Off+1","floor":38.0},{"not_picked":["Perfected Strike+1","Fire Breathing","Spot Weakness"],"picked":"SKIP","floor":40.0},{"not_picked":["Anger","Carnage"],"picked":"Dropkick","floor":42.0},{"not_picked":["Armaments+1","Body Slam"],"picked":"True Grit+1","floor":46.0},{"not_picked":["Headbutt","Body Slam"],"picked":"Impervious","floor":47.0},{"not_picked":["Wild Strike","Iron Wave"],"picked":"Seeing Red","floor":48.0},{"not_picked":["Sword Boomerang","Immolate"],"picked":"Shrug It Off","floor":55}],"player_experience":2756331,"relics_obtained":[{"floor":6.0,"key":"Bronze Scales"},{"floor":7.0,"key":"Anchor"},{"floor":9.0,"key":"Bag of Marbles"},{"floor":14.0,"key":"Strawberry"},{"floor":21.0,"key":"Matryoshka"},{"floor":23.0,"key":"Mummified Hand"},{"floor":25.0,"key":"Lantern"},{"floor":26.0,"key":"Happy Flower"},{"floor":26.0,"key":"Tiny Chest"},{"floor":29.0,"key":"Kunai"},{"floor":30.0,"key":"Whetstone"},{"floor":30.0,"key":"WingedGreaves"},{"floor":40.0,"key":"Incense Burner"},{"floor":42.0,"key":"Bottled Lightning"},{"floor":43.0,"key":"Centennial Puzzle"},{"floor":47.0,"key":"Mango"},{"floor":55,"key":"Ornamental Fan"}],"event_choices":[{"damage_healed":0.0,"max_hp_gain":5.0,"max_hp_loss":0.0,"gold_gain":0.0,"event_name":"Big Fish","player_choice":"Donut","floor":3.0,"gold_loss":0.0,"damage_taken":0.0},{"damage_healed":0.0,"max_hp_gain":0.0,"max_hp_loss":0.0,"gold_gain":0.0,"event_name":"Wheel of Change","player_choice":"Damaged","floor":10.0,"gold_loss":0.0,"damage_taken":12.0},{"damage_healed":0.0,"max_hp_gain":0.0,"max_hp_loss":0.0,"gold_gain":0.0,"event_name":"The Library","player_choice":"Read","floor":22.0,"gold_loss":0.0,"damage_taken":0.0,"cards_obtained":["Disarm"]},{"damage_healed":0.0,"max_hp_gain":0.0,"max_hp_loss":0.0,"gold_gain":0.0,"event_name":"Drug Dealer","player_choice":"Inject Mutagens","floor":24.0,"gold_loss":0.0,"damage_taken":0.0,"relics_obtained":["MutagenicStrength"]},{"damage_healed":0.0,"max_hp_gain":0.0,"max_hp_loss":0.0,"gold_gain":0.0,"event_name":"Tomb of Lord Red Mask","player_choice":"Ignored","floor":36.0,"gold_loss":0.0,"damage_taken":0.0}],"is_beta":false,"boss_relics":[{"not_picked":["Orrery","Runic Dome"],"picked":"Fusion Hammer"},{"not_picked":["Coffee Dripper","Empty Cage"],"picked":"Runic Pyramid"}],"items_purged_floors":[2,19,27],"is_endless":false,"potions_floor_spawned":[1,4,6,14,18,29,33,38,42,46],"ascension_level":20}