{"gold_per_floor":[113,123,135,135,147,159,159,159,185,203,203,221,221,234,234,307,307,326,326,337,357,84,113,113,113,189,189,218,5,60,80,80,156,156,173,192,207,220,3,3,33,33,33,60,60,95,144,158,158,158,158],"floor_reached":52,"playtime":8346,"items_purged":["Strike_G","Strike_G","Strike_G"],"score":2388,"play_id":"16c50919-57df-4e8a-b5c5-f5d39b74a5e3","local_time":"20191007002015","is_ascension_mode":true,"campfire_choices":[{"data":"Poisoned Stab","floor":11.0,"key":"SMITH"},{"data":"Neutralize","floor":13.0,"key":"SMITH"},{"data":"Backflip","floor":15.0,"key":"SMITH"},{"floor":25.0,"key":"REST"},{"floor":32.0,"key":"REST"},{"floor":40.0,"key":"RECALL"},{"floor":42.0,"key":"REST"},{"floor":45.0,"key":"REST"},{"floor":49.0,"key":"REST"}],"neow_cost":"NONE","seed_source_timestamp":93695850086004,"circlet_count":0,"master_deck":["AscendersBane","Strike_G","Defend_G","Defend_G","Defend_G","Defend_G","Defend_G+1","Survivor+1","Neutralize+1","Crippling Poison+1","Corpse Explosion","Backflip+1","Poisoned Stab+1","Tactician+1","Expertise+1","Doppelganger+1","PiercingWail+1","Escape Plan+1","Backflip+1","Night Terror+1","Concentrate+1","Reflex+1","Calculated Gamble+1","Burst+1","Dodge and Roll+1","Deadly Poison+1","Acrobatics+1","Bouncing Flask+1","Acrobatics+1","Catalyst+1","Deadly Poison+1","PiercingWail+1","Outmaneuver+1"],"special_seed":0,"relics":["Ring of the Snake","Smiling Mask","Toxic Egg 2","Snake Skull","Fusion Hammer","Ancient Tea Set","Calipers","Gremlin Horn","MutagenicStrength","Lantern","Oddly Smooth Stone","Tiny Chest","Orrery","War Paint","Meat on the Bone","Unceasing Top","Molten Egg 2","Letter Opener","Ice Cream"],"potions_floor_usage":[50],"damage_taken":[{"damage":9.0,"enemies":"Jaw Worm","floor":1.0,"turns":9.0},{"damage":1.0,"enemies":"Small Slimes","floor":2.0,"turns":5.0},{"damage":0.0,"enemies":"2 Louse","floor":3.0,"turns":4.0},{"damage":4.0,"enemies":"Gremlin Gang","floor":5.0,"turns":3.0},{"damage":4.0,"enemies":"Looter","floor":6.0,"turns":5.0},{"damage":1.0,"enemies":"3 Louse","floor":10.0,"turns":3.0},{"damage":5.0,"enemies":"Exordium Wildlife","floor":12.0,"turns":6.0},{"damage":0.0,"enemies":"2 Fungi Beasts","floor":14.0,"turns":2.0},{"damage":19.0,"enemies":"The Guardian","floor":16.0,"turns":12.0},{"damage":0.0,"enemies":"3 Byrds","floor":18.0,"turns":2.0},{"damage":9.0,"enemies":"2 Thieves","floor":20.0,"turns":3.0},{"damage":0.0,"enemies":"3 Cultists","floor":21.0,"turns":3.0},{"damage":0.0,"enemies":"Gremlin Leader","floor":23.0,"turns":7.0},{"damage":0.0,"enemies":"Slavers","floor":28.0,"turns":2.0},{"damage":0.0,"enemies":"Book of Stabbing","floor":30.0,"turns":6.0},{"damage":0.0,"enemies":"Snake Plant","floor":31.0,"turns":3.0},{"damage":0.0,"enemies":"Automaton","floor":33.0,"turns":10.0},{"damage":0.0,"enemies":"Orb Walker","floor":35.0,"turns":3.0},{"damage":0.0,"enemies":"3 Darklings","floor":36.0,"turns":4.0},{"damage":0.0,"enemies":"Transient","floor":37.0,"turns":6.0},{"damage":0.0,"enemies":"Writhing Mass","floor":38.0,"turns":2.0},{"damage":0.0,"enemies":"Nemesis","floor":41.0,"turns":3.0},{"damage":0.0,"enemies":"Giant Head","floor":44.0,"turns":2.0},{"damage":0.0,"enemies":"Nemesis","floor":46.0,"turns":3.0},{"damage":0.0,"enemies":"2 Orb Walkers","floor":47.0,"turns":2.0},{"damage":0.0,"enemies":"Jaw Worm Horde","floor":48.0,"turns":1.0},{"damage":19,"enemies":"Time Eater","floor":50,"turns":5},{"damage":16,"enemies":"Awakened One","floor":51,"turns":7}],"seed_played":"-1072256871927991751","potions_obtained":[{"floor":1.0,"key":"AttackPotion"},{"floor":2.0,"key":"Dexterity Potion"},{"floor":3.0,"key":"Fire Potion"},{"floor":10.0,"key":"Weak Potion"},{"floor":16.0,"key":"Fire Potion"},{"floor":20.0,"key":"Block Potion"},{"floor":41.0,"key":"Swift Potion"},{"floor":47.0,"key":"LiquidBronze"},{"floor":48.0,"key":"PowerPotion"}],"is_trial":false,"path_per_floor":["M","M","M","?","M","M","?","T","T","M","R","M","R","M","R","B",null,"M","?","M","M","$","E","?","R","T","?","E","$","E","M","R","B",null,"M","M","M","M","$","R","E","R","T","E","R","E","?","M","R","B","B",null],"character_chosen":"THE_SILENT","items_purchased":["Backflip+1","Ancient Tea Set","Oddly Smooth Stone","War Paint"],"campfire_rested":5,"item_purchase_floors":[22,22,29,39],"current_hp_per_floor":[56,55,55,48,44,40,29,29,29,28,28,23,23,23,23,4,55,55,55,46,46,46,46,46,67,67,67,67,67,67,67,72,72,72,72,72,72,72,72,72,72,72,72,72,72,72,72,72,72,53,37],"gold":158,"neow_bonus":"TEN_PERCENT_HP_BONUS","is_prod":false,"is_daily":false,"chose_seed":false,"campfire_upgraded":3,"win_rate":0,"timestamp":1570422015,"path_taken":["M","M","M","?","M","M","?","?","T","?","R","M","R","M","R","BOSS","M","?","?","M","$","E","?","R","T","?","E","?","E","M","R","BOSS","M","M","M","M","$","R","E","R","T","E","R","E","?","M","R","BOSS","BOSS"],"build_version":"2019-07-17","purchased_purges":3,"victory":true,"max_hp_per_floor":[72,72,72,72,72,72,72,72,72,72,72,72,72,72,72,72,72,72,72,72,72,72,72,72,72,72,72,72,72,72,72,72,72,72,72,72,72,72,72,72,72,72,72,72,72,72,72,72,72,72,72],"card_choices":[{"not_picked":["Flying Knee","Infinite Blades"],"picked":"Crippling Poison","floor":1.0},{"not_picked":["Cloak And Dagger","PiercingWail"],"picked":"Corpse Explosion","floor":2.0},{"not_picked":["Flying Knee","Expertise","Bane"],"picked":"SKIP","floor":3.0},{"not_picked":["Masterful Stab","Eviscerate"],"picked":"Backflip","floor":5.0},{"not_picked":["Choke","Reflex","Backflip"],"picked":"SKIP","floor":6.0},{"not_picked":["Underhanded Strike","Quick Slash"],"picked":"Poisoned Stab","floor":10.0},{"not_picked":["Quick Slash","Flying Knee"],"picked":"Tactician+1","floor":12.0},{"not_picked":["Dagger Spray","Bullet Time+1"],"picked":"Expertise+1","floor":14.0},{"not_picked":["Glass Knife","Die Die Die"],"picked":"Doppelganger+1","floor":16.0},{"not_picked":["Skewer","Heel Hook"],"picked":"PiercingWail+1","floor":18.0},{"not_picked":["All Out Attack","Bane+1"],"picked":"Escape Plan+1","floor":20.0},{"not_picked":["Caltrops","Eviscerate","Dagger Spray"],"picked":"SKIP","floor":21.0},{"not_picked":["Caltrops","Eviscerate","Dagger Spray"],"picked":"SKIP","floor":21.0},{"not_picked":["Deadly Poison+1","Backflip+1"],"picked":"Night Terror+1","floor":23.0},{"not_picked":["Slice+1","All Out Attack","Dagger Throw"],"picked":"SKIP","floor":28.0},{"not_picked":["Deflect+1","Corpse Explosion+1"],"picked":"Reflex+1","floor":30.0},{"not_picked":["Endless Agony","Slice"],"picked":"Calculated Gamble+1","floor":31.0},{"not_picked":["Envenom","Adrenaline+1"],"picked":"Burst+1","floor":33.0},{"not_picked":["Poisoned Stab","Cloak And Dagger+1"],"picked":"Dodge and Roll+1","floor":34.0},{"not_picked":["Backflip+1","Outmaneuver+1"],"picked":"Deadly Poison+1","floor":34.0},{"not_picked":["Bane+1","Dodge and Roll+1"],"picked":"Acrobatics+1","floor":34.0},{"not_picked":["Underhanded Strike","Finisher"],"picked":"Bouncing Flask+1","floor":35.0},{"not_picked":["Dagger Throw","Skewer"],"picked":"Acrobatics+1","floor":36.0},{"not_picked":["Burst+1","PiercingWail+1"],"picked":"Catalyst+1","floor":37.0},{"not_picked":["Acrobatics+1","Distraction+1"],"picked":"Deadly Poison+1","floor":38.0},{"not_picked":["A Thousand Cuts","Venomology+1"],"picked":"PiercingWail+1","floor":41.0},{"not_picked":["Dodge and Roll+1","Endless Agony"],"picked":"Outmaneuver+1","floor":44.0},{"not_picked":["Sucker Punch+1","PiercingWail+1","Outmaneuver+1"],"picked":"SKIP","floor":46.0},{"not_picked":["Outmaneuver+1","Phantasmal Killer+1","Bane+1"],"picked":"SKIP","floor":48.0}],"player_experience":729186,"relics_obtained":[{"floor":8.0,"key":"Toxic Egg 2"},{"floor":9.0,"key":"Snake Skull"},{"floor":23.0,"key":"Calipers"},{"floor":26.0,"key":"Gremlin Horn"},{"floor":28.0,"key":"Lantern"},{"floor":30.0,"key":"Tiny Chest"},{"floor":41.0,"key":"Meat on the Bone"},{"floor":43.0,"key":"Unceasing Top"},{"floor":44.0,"key":"Molten Egg 2"},{"floor":46.0,"key":"Letter Opener"},{"floor":47.0,"key":"Ice Cream"}],"event_choices":[{"cards_removed":["Strike_G"],"damage_healed":0.0,"max_hp_gain":0.0,"max_hp_loss":0.0,"gold_gain":0.0,"event_name":"Golden Wing","player_choice":"Card Removal","floor":4.0,"gold_loss":0.0,"damage_taken":7.0},{"damage_healed":0.0,"max_hp_gain":0.0,"max_hp_loss":0.0,"gold_gain":0.0,"event_name":"Scrap Ooze","player_choice":"Success","floor":7.0,"gold_loss":0.0,"damage_taken":11.0,"relics_obtained":["Smiling Mask"]},{"damage_healed":0.0,"max_hp_gain":0.0,"max_hp_loss":0.0,"gold_gain":0.0,"event_name":"Upgrade Shrine","player_choice":"Upgraded","floor":19.0,"gold_loss":0.0,"damage_taken":0.0,"cards_upgraded":["Crippling Poison"]},{"damage_healed":0.0,"max_hp_gain":0.0,"max_hp_loss":0.0,"gold_gain":0.0,"event_name":"The Library","player_choice":"Read","floor":24.0,"gold_loss":0.0,"damage_taken":0.0,"cards_obtained":["Concentrate"]},{"damage_healed":0.0,"max_hp_gain":0.0,"max_hp_loss":0.0,"gold_gain":0.0,"event_name":"Drug Dealer","player_choice":"Inject Mutagens","floor":27.0,"gold_loss":0.0,"damage_taken":0.0,"relics_obtained":["MutagenicStrength"]},{"damage_healed":0.0,"max_hp_gain":0.0,"max_hp_loss":0.0,"gold_gain":0.0,"event_name":"Mysterious Sphere","player_choice":"Fight","floor":47.0,"gold_loss":0.0,"damage_taken":0.0}],"is_beta":false,"boss_relics":[{"not_picked":["Pandora\u0027s Box","Runic Pyramid"],"picked":"Fusion Hammer"},{"not_picked":["Busted Crown","Ring of the Serpent"],"picked":"Orrery"}],"items_purged_floors":[22,29,39],"is_endless":false,"potions_floor_spawned":[1,2,3,10,16,20,21,30,31,33,35,41,44,47,48],"ascension_level":20}