{"gold_per_floor":[111,125,137,147,164,164,197,197,197,197,227,244,277,290,290,361,361,381,381,381,395,105,136,147,147,147,182,198,18,35,60,60,133,133,152,168,25,41,41,41,70,70,96,122,37,50,65,84,84,84,84,84,84,4,37,37],"floor_reached":57,"playtime":9322,"items_purged":["Strike_R","Strike_R"],"score":2772,"play_id":"9bc80961-7d27-4547-9c09-2434e9ef16c8","local_time":"20191007140724","is_ascension_mode":true,"campfire_choices":[{"data":"Bash","floor":6.0,"key":"SMITH"},{"data":"Inflame","floor":10.0,"key":"SMITH"},{"data":"Rampage","floor":15.0,"key":"SMITH"},{"floor":25.0,"key":"REST"},{"data":"Second Wind","floor":32.0,"key":"SMITH"},{"floor":40.0,"key":"REST"},{"data":"Demon Form","floor":42.0,"key":"SMITH"},{"floor":49.0,"key":"RECALL"},{"data":"Feel No Pain","floor":53.0,"key":"SMITH"}],"neow_cost":"NONE","seed_source_timestamp":184419942778000,"circlet_count":0,"master_deck":["AscendersBane","Strike_R","Strike_R","Strike_R","Defend_R","Defend_R","Defend_R","Defend_R","Bash+1","Cleave","Disarm+1","Clothesline","Inflame+1","Rampage+1","Fiend Fire","Demon Form+1","Necronomicurse","Clothesline","Second Wind+1","Corruption","Whirlwind+1","Impervious","Dark Embrace","Shrug It Off+1","Feel No Pain+1","Heavy Blade","Feel No Pain","Burning Pact+1","Power Through","Armaments+1","Disarm","Pummel","Limit Break"],"special_seed":0,"relics":["Burning Blood","Singing Bowl","Lantern","Regal Pillow","Question Card","Snecko Eye","Necronomicon","PreservedInsect","Self Forming Clay","Pear","Dream Catcher","Happy Flower","Black Star","Darkstone Periapt","Bag of Preparation","Eternal Feather","Champion Belt","Mercury Hourglass","Pen Nib"],"potions_floor_usage":[56],"damage_taken":[{"damage":7.0,"enemies":"Cultist","floor":1.0,"turns":4.0},{"damage":0.0,"enemies":"2 Louse","floor":2.0,"turns":2.0},{"damage":13.0,"enemies":"Small Slimes","floor":3.0,"turns":4.0},{"damage":15.0,"enemies":"Blue Slaver","floor":4.0,"turns":5.0},{"damage":11.0,"enemies":"2 Fungi Beasts","floor":5.0,"turns":4.0},{"damage":21.0,"enemies":"Lagavulin","floor":7.0,"turns":6.0},{"damage":0.0,"enemies":"Exordium Wildlife","floor":12.0,"turns":2.0},{"damage":6.0,"enemies":"Gremlin Nob","floor":13.0,"turns":3.0},{"damage":18.0,"enemies":"Gremlin Gang","floor":14.0,"turns":6.0},{"damage":30.0,"enemies":"Hexaghost","floor":16.0,"turns":8.0},{"damage":13.0,"enemies":"2 Thieves","floor":18.0,"turns":4.0},{"damage":3.0,"enemies":"Spheric Guardian","floor":21.0,"turns":3.0},{"damage":24.0,"enemies":"Gremlin Leader","floor":23.0,"turns":4.0},{"damage":3.0,"enemies":"Snake Plant","floor":24.0,"turns":3.0},{"damage":30.0,"enemies":"Slavers","floor":27.0,"turns":6.0},{"damage":7.0,"enemies":"3 Cultists","floor":28.0,"turns":4.0},{"damage":18.0,"enemies":"Cultist and Chosen","floor":30.0,"turns":4.0},{"damage":7.0,"enemies":"Gremlin Leader","floor":31.0,"turns":3.0},{"damage":38.0,"enemies":"Collector","floor":33.0,"turns":6.0},{"damage":21.0,"enemies":"Orb Walker","floor":35.0,"turns":3.0},{"damage":64.0,"enemies":"3 Shapes","floor":36.0,"turns":6.0},{"damage":0.0,"enemies":"Spire Growth","floor":38.0,"turns":3.0},{"damage":8.0,"enemies":"Giant Head","floor":41.0,"turns":5.0},{"damage":46.0,"enemies":"Reptomancer","floor":44.0,"turns":5.0},{"damage":0.0,"enemies":"Jaw Worm Horde","floor":46.0,"turns":4.0},{"damage":0.0,"enemies":"Transient","floor":47.0,"turns":6.0},{"damage":0.0,"enemies":"Writhing Mass","floor":48.0,"turns":4.0},{"damage":38.0,"enemies":"Donu and Deca","floor":50.0,"turns":7.0},{"damage":23.0,"enemies":"Time Eater","floor":51.0,"turns":8.0},{"damage":60.0,"enemies":"Shield and Spear","floor":55.0,"turns":4.0},{"damage":26,"enemies":"The Heart","floor":56,"turns":8}],"seed_played":"7771799321358831368","potions_obtained":[{"floor":2.0,"key":"Energy Potion"},{"floor":4.0,"key":"Strength Potion"},{"floor":7.0,"key":"Weak Potion"},{"floor":16.0,"key":"SkillPotion"},{"floor":24.0,"key":"Block Potion"},{"floor":27.0,"key":"PowerPotion"},{"floor":31.0,"key":"Energy Potion"},{"floor":36.0,"key":"SteroidPotion"},{"floor":38.0,"key":"Ancient Potion"},{"floor":41.0,"key":"Energy Potion"},{"floor":48.0,"key":"Energy Potion"}],"is_trial":false,"path_per_floor":["M","M","M","M","M","R","E","?","T","R","?","M","E","M","R","B",null,"M","?","?","M","$","E","M","R","T","E","M","$","M","E","R","B",null,"M","M","$","M","?","R","E","R","T","E","$","M","M","M","R","B","B",null,"R","$","E","B",null],"character_chosen":"IRONCLAD","items_purchased":["PreservedInsect","Clothesline","Corruption","Feel No Pain","Heavy Blade","Power Through","Pummel"],"campfire_rested":2,"item_purchase_floors":[22,22,29,37,37,45,54],"current_hp_per_floor":[74,80,73,64,59,59,46,46,46,46,46,52,54,44,44,20,71,66,66,45,50,50,32,37,80,90,68,69,69,57,56,56,24,87,74,16,16,24,24,74,72,72,72,34,34,40,46,54,72,40,23,94,112,112,58,38],"gold":37,"neow_bonus":"TEN_PERCENT_HP_BONUS","is_prod":false,"is_daily":false,"chose_seed":false,"campfire_upgraded":6,"win_rate":0,"timestamp":1570471644,"path_taken":["M","?","M","M","?","R","E","?","T","R","?","M","E","M","R","BOSS","M","?","?","M","$","E","?","R","T","E","M","$","M","E","R","BOSS","M","?","$","M","?","R","E","R","T","E","$","M","M","?","R","BOSS","BOSS","R","$","E","BOSS"],"build_version":"2019-10-04","purchased_purges":2,"victory":true,"max_hp_per_floor":[82,82,82,82,82,82,84,84,84,84,84,84,86,88,88,88,88,90,90,90,92,92,92,94,94,104,106,108,108,108,108,108,108,108,110,110,110,112,112,114,114,114,114,116,116,116,116,118,118,118,118,118,118,118,118,118],"card_choices":[{"not_picked":["Warcry","Shrug It Off"],"picked":"Cleave","floor":1.0},{"not_picked":["Headbutt","Warcry"],"picked":"Disarm","floor":2.0},{"not_picked":["True Grit","Anger"],"picked":"Clothesline","floor":3.0},{"not_picked":["Sentinel","Body Slam"],"picked":"Inflame","floor":4.0},{"not_picked":["Body Slam","Shrug It Off"],"picked":"Rampage","floor":5.0},{"not_picked":["Pommel Strike","Shrug It Off","Spot Weakness"],"picked":"Singing Bowl","floor":7.0},{"not_picked":["Bloodletting","Intimidate"],"picked":"Fiend Fire","floor":12.0},{"not_picked":["Pommel Strike","Cleave","Reckless Charge"],"picked":"Singing Bowl","floor":13.0},{"not_picked":["Uppercut","Flex","Wild Strike","Havoc"],"picked":"Singing Bowl","floor":14.0},{"not_picked":["Berserk","Juggernaut","Bludgeon"],"picked":"Demon Form","floor":16.0},{"not_picked":["Wild Strike","Spot Weakness","Perfected Strike","True Grit"],"picked":"Singing Bowl","floor":18.0},{"not_picked":["Spot Weakness","Headbutt+1","Entrench","Wild Strike"],"picked":"Singing Bowl","floor":21.0},{"not_picked":["Twin Strike","Wild Strike","Flex"],"picked":"Second Wind","floor":23.0},{"not_picked":["Flex","Reckless Charge","Thunderclap","Ghostly Armor"],"picked":"Singing Bowl","floor":24.0},{"not_picked":["Sword Boomerang","Headbutt","Combust","Cleave"],"picked":"Singing Bowl","floor":27.0},{"not_picked":["Thunderclap","Double Tap","Iron Wave+1","Cleave+1"],"picked":"Singing Bowl","floor":28.0},{"not_picked":["Clothesline","Twin Strike","Iron Wave"],"picked":"Whirlwind+1","floor":30.0},{"not_picked":["Warcry","Headbutt","Twin Strike"],"picked":"Impervious","floor":31.0},{"not_picked":["Bludgeon","Exhume","Barricade"],"picked":"Dark Embrace","floor":33.0},{"not_picked":["Sword Boomerang","True Grit","Cleave+1","Carnage"],"picked":"Singing Bowl","floor":35.0},{"not_picked":["Clothesline","Headbutt","Flex+1"],"picked":"Shrug It Off+1","floor":36.0},{"not_picked":["Anger","Clothesline","Dark Embrace","Iron Wave+1"],"picked":"Singing Bowl","floor":38.0},{"not_picked":["Headbutt","Dual Wield","Reckless Charge+1","Clash"],"picked":"Singing Bowl","floor":40.0},{"not_picked":["Dropkick","Iron Wave+1","Metallicize+1"],"picked":"Burning Pact+1","floor":41.0},{"not_picked":["Body Slam","Rampage+1","Wild Strike","Heavy Blade"],"picked":"Singing Bowl","floor":44.0},{"not_picked":["Pommel Strike","Sentinel","Anger+1"],"picked":"Armaments+1","floor":46.0},{"not_picked":["Uppercut","Corruption","Warcry+1"],"picked":"Disarm","floor":47.0},{"not_picked":["Twin Strike+1","Cleave","Thunderclap","Ghostly Armor"],"picked":"Singing Bowl","floor":48.0},{"not_picked":["Perfected Strike","Wild Strike+1","Headbutt+1"],"picked":"Limit Break","floor":55.0}],"player_experience":128598,"relics_obtained":[{"floor":7.0,"key":"Singing Bowl"},{"floor":9.0,"key":"Lantern"},{"floor":13.0,"key":"Question Card"},{"floor":20.0,"key":"Necronomicon"},{"floor":23.0,"key":"Self Forming Clay"},{"floor":26.0,"key":"Pear"},{"floor":27.0,"key":"Dream Catcher"},{"floor":31.0,"key":"Happy Flower"},{"floor":41.0,"key":"Darkstone Periapt"},{"floor":41.0,"key":"Bag of Preparation"},{"floor":44.0,"key":"Eternal Feather"},{"floor":44.0,"key":"Champion Belt"},{"floor":55.0,"key":"Mercury Hourglass"},{"floor":55.0,"key":"Pen Nib"}],"event_choices":[{"damage_healed":0.0,"max_hp_gain":0.0,"max_hp_loss":0.0,"gold_gain":0.0,"event_name":"Living Wall","player_choice":"Grow","floor":8.0,"gold_loss":0.0,"damage_taken":0.0,"cards_upgraded":["Disarm"]},{"damage_healed":0.0,"max_hp_gain":0.0,"max_hp_loss":0.0,"gold_gain":30.0,"event_name":"Dead Adventurer","player_choice":"Searched \u00272\u0027 times","floor":11.0,"gold_loss":0.0,"damage_taken":0.0,"relics_obtained":["Regal Pillow"]},{"damage_healed":0.0,"max_hp_gain":0.0,"max_hp_loss":0.0,"gold_gain":0.0,"event_name":"Vampires","player_choice":"Ignored","floor":19.0,"gold_loss":0.0,"damage_taken":0.0},{"damage_healed":0.0,"max_hp_gain":0.0,"max_hp_loss":0.0,"gold_gain":0.0,"event_name":"Cursed Tome","player_choice":"Obtained Book","floor":20.0,"gold_loss":0.0,"damage_taken":21.0},{"damage_healed":0.0,"max_hp_gain":0.0,"max_hp_loss":0.0,"gold_gain":0.0,"event_name":"Duplicator","player_choice":"Copied","floor":39.0,"gold_loss":0.0,"damage_taken":0.0,"cards_obtained":["Feel No Pain"]}],"is_beta":true,"boss_relics":[{"not_picked":["Cursed Key","Black Blood"],"picked":"Snecko Eye"},{"not_picked":["Fusion Hammer","Philosopher\u0027s Stone"],"picked":"Black Star"}],"items_purged_floors":[22,29],"is_endless":false,"potions_floor_spawned":[2,4,7,16,24,27,31,36,38,41,48],"ascension_level":20}