{"gold_per_floor":[116,134,59,69,80,80,92,92,92,110,60,79,110,10,10,10],"floor_reached":16,"playtime":892,"items_purged":["Strike_R","Defend_R"],"score":129,"play_id":"8d8414a0-6385-4aef-b405-f1496f425b80","local_time":"20190809215001","is_ascension_mode":false,"campfire_choices":[{"data":"Bash","floor":6,"key":"SMITH"},{"data":"Feed","floor":8,"key":"SMITH"},{"data":"Shrug It Off","floor":15,"key":"SMITH"}],"neow_cost":"NONE","seed_source_timestamp":127166528522900,"circlet_count":0,"master_deck":["Strike_R","Strike_R","Strike_R","Strike_R","Defend_R","Defend_R","Bash+1","Feed+1","Shrug It Off+1"],"relics":["Burning Blood","Gremlin Horn","Blood Vial"],"potions_floor_usage":[13,16],"damage_taken":[{"damage":0,"enemies":"Cultist","floor":1,"turns":2},{"damage":2,"enemies":"Small Slimes","floor":2,"turns":5},{"damage":0,"enemies":"2 Louse","floor":4,"turns":4},{"damage":2,"enemies":"Exordium Thugs","floor":5,"turns":12},{"damage":16,"enemies":"Red Slaver","floor":7,"turns":12},{"damage":4,"enemies":"2 Fungi Beasts","floor":10,"turns":4},{"damage":0,"enemies":"3 Louse","floor":12,"turns":2},{"damage":20,"enemies":"Lagavulin","floor":13,"turns":6},{"damage":93,"enemies":"Slime Boss","floor":16,"turns":8}],"seed_played":"8582936981958522455","potions_obtained":[{"floor":7,"key":"PowerPotion"},{"floor":12,"key":"Fire Potion"}],"is_trial":false,"path_per_floor":["M","M","$","M","M","R","M","R","T","M","?","M","E","$","R","B"],"character_chosen":"IRONCLAD","items_purchased":[],"campfire_rested":0,"item_purchase_floors":[],"current_hp_per_floor":[83,86,86,89,92,92,85,85,85,91,91,101,91,91,91,0],"gold":10,"neow_bonus":"ONE_RANDOM_RARE_CARD","is_prod":false,"is_daily":false,"chose_seed":false,"campfire_upgraded":3,"win_rate":0,"timestamp":1565401801,"path_taken":["M","?","$","M","M","R","M","R","T","M","?","M","E","$","R","BOSS"],"build_version":"2019-07-17","purchased_purges":2,"victory":false,"max_hp_per_floor":[83,86,86,89,92,92,95,95,95,99,99,103,107,107,107,107],"card_choices":[{"not_picked":["Cleave","Feel No Pain"],"picked":"Shrug It Off","floor":1},{"not_picked":["Metallicize","Flex","Second Wind"],"picked":"SKIP","floor":2},{"not_picked":["Burning Pact","Flex","Thunderclap"],"picked":"SKIP","floor":4},{"not_picked":["Sword Boomerang","Flex","Headbutt"],"picked":"SKIP","floor":5},{"not_picked":["Shockwave","Shrug It Off","Heavy Blade"],"picked":"SKIP","floor":7},{"not_picked":["True Grit","Cleave","Demon Form"],"picked":"SKIP","floor":10},{"not_picked":["Thunderclap","Combust","Armaments"],"picked":"SKIP","floor":12},{"not_picked":["Twin Strike","Cleave","Perfected Strike"],"picked":"SKIP","floor":13}],"player_experience":2654936,"relics_obtained":[{"floor":9,"key":"Gremlin Horn"},{"floor":13,"key":"Blood Vial"}],"event_choices":[{"cards_removed":["Defend_R"],"damage_healed":0,"gold_gain":0,"player_choice":"Card Removal","damage_taken":0,"max_hp_gain":0,"max_hp_loss":0,"event_name":"The Cleric","floor":11,"gold_loss":50}],"is_beta":false,"boss_relics":[],"items_purged_floors":[3,14],"is_endless":false,"potions_floor_spawned":[7,12],"killed_by":"Slime Boss","ascension_level":0}