{"gold_per_floor":[114,114,39,49,68,68,82,96,96,96],"floor_reached":10,"playtime":730,"items_purged":["Defend_G"],"score":120,"play_id":"a33953ea-2e90-4a40-91e8-c9524f6475a3","local_time":"20191006210614","is_ascension_mode":true,"campfire_choices":[{"data":"Poisoned Stab","floor":6.0,"key":"SMITH"}],"neow_cost":"NONE","seed_source_timestamp":92799503271070,"circlet_count":0,"master_deck":["AscendersBane","Strike_G","Strike_G","Strike_G","Strike_G","Defend_G","Defend_G","Defend_G","Defend_G","Survivor","Neutralize","Catalyst","Well Laid Plans","Poisoned Stab+1","Backflip","Dodge and Roll"],"special_seed":0,"relics":["Ring of the Snake","Gremlin Horn"],"potions_floor_usage":[10],"damage_taken":[{"damage":9.0,"enemies":"Cultist","floor":1.0,"turns":6.0},{"damage":0.0,"enemies":"2 Louse","floor":4.0,"turns":3.0},{"damage":0.0,"enemies":"Small Slimes","floor":5.0,"turns":3.0},{"damage":1.0,"enemies":"Exordium Wildlife","floor":7.0,"turns":5.0},{"damage":5.0,"enemies":"Blue Slaver","floor":8.0,"turns":3.0},{"damage":50,"enemies":"Gremlin Nob","floor":10,"turns":4}],"seed_played":"6132183994519475682","potions_obtained":[{"floor":1.0,"key":"SkillPotion"},{"floor":7.0,"key":"SneckoOil"}],"is_trial":false,"path_per_floor":["M","?","$","M","M","R","M","M","T","E"],"character_chosen":"THE_SILENT","items_purchased":[],"campfire_rested":0,"item_purchase_floors":[],"current_hp_per_floor":[50,50,50,50,50,50,49,44,44,0],"gold":96,"neow_bonus":"TRANSFORM_CARD","is_prod":false,"is_daily":false,"chose_seed":false,"campfire_upgraded":1,"win_rate":0,"timestamp":1570410374,"path_taken":["M","?","$","M","M","R","M","M","T","E"],"build_version":"2019-07-17","purchased_purges":1,"victory":false,"max_hp_per_floor":[66,66,66,66,66,66,66,66,66,66],"card_choices":[{"not_picked":["Skewer","Flechettes"],"picked":"Well Laid Plans","floor":1.0},{"not_picked":["PiercingWail","Quick Slash"],"picked":"Poisoned Stab","floor":4.0},{"not_picked":["Dagger Throw","Dagger Spray"],"picked":"Backflip","floor":5.0},{"not_picked":["Calculated Gamble","Masterful Stab"],"picked":"Dodge and Roll","floor":7.0},{"not_picked":["Underhanded Strike","Sucker Punch","Poisoned Stab"],"picked":"SKIP","floor":8.0}],"player_experience":728445,"relics_obtained":[{"floor":9.0,"key":"Gremlin Horn"}],"event_choices":[{"damage_healed":0.0,"max_hp_gain":0.0,"max_hp_loss":0.0,"gold_gain":0.0,"event_name":"Scrap Ooze","player_choice":"Fled","floor":2.0,"gold_loss":0.0,"damage_taken":0.0}],"is_beta":false,"boss_relics":[],"items_purged_floors":[3],"is_endless":false,"potions_floor_spawned":[1,7],"killed_by":"Gremlin Nob","ascension_level":20}