{"gold_per_floor":[116,116,133,150,162,187,187,220,246,246,246,259,259,271,271,271],"floor_reached":16,"playtime":1255,"items_purged":[],"score":218,"play_id":"e9ec943b-360e-46cc-8337-fb6382e52a95","local_time":"20191005181558","is_ascension_mode":true,"campfire_choices":[{"floor":7.0,"key":"REST"},{"floor":10.0,"key":"REST"},{"floor":13.0,"key":"REST"},{"data":"Neutralize","floor":15.0,"key":"SMITH"}],"neow_cost":"NONE","seed_source_timestamp":2318994966368714,"circlet_count":0,"master_deck":["AscendersBane","Strike_G","Strike_G","Strike_G","Strike_G","Defend_G","Defend_G","Defend_G","Defend_G","Defend_G","Survivor","Neutralize+1","PiercingWail","Flying Knee","Well Laid Plans","Quick Slash","Quick Slash"],"special_seed":0,"relics":["Ring of the Snake","PreservedInsect","Pear","Boot","Pen Nib"],"potions_floor_usage":[16],"damage_taken":[{"damage":0.0,"enemies":"Cultist","floor":1.0,"turns":3.0},{"damage":0.0,"enemies":"2 Louse","floor":3.0,"turns":5.0},{"damage":7.0,"enemies":"Jaw Worm","floor":4.0,"turns":6.0},{"damage":17.0,"enemies":"Large Slime","floor":5.0,"turns":11.0},{"damage":29.0,"enemies":"Lagavulin","floor":6.0,"turns":8.0},{"damage":32.0,"enemies":"Gremlin Nob","floor":8.0,"turns":4.0},{"damage":4.0,"enemies":"Blue Slaver","floor":12.0,"turns":5.0},{"damage":2.0,"enemies":"2 Fungi Beasts","floor":14.0,"turns":5.0},{"damage":59,"enemies":"Slime Boss","floor":16,"turns":6}],"seed_played":"-3220303187725733606","potions_obtained":[{"floor":1.0,"key":"Energy Potion"},{"floor":4.0,"key":"Block Potion"},{"floor":8.0,"key":"PowerPotion"}],"is_trial":false,"path_per_floor":["M","?","M","M","M","E","R","E","T","R","?","M","R","M","R","B"],"character_chosen":"THE_SILENT","items_purchased":[],"campfire_rested":3,"item_purchase_floors":[],"current_hp_per_floor":[59,59,59,52,35,16,38,6,6,28,33,29,53,51,51,0],"gold":271,"neow_bonus":"RANDOM_COMMON_RELIC","is_prod":false,"is_daily":false,"chose_seed":false,"campfire_upgraded":1,"win_rate":0,"timestamp":1570313758,"path_taken":["M","?","M","?","M","E","R","E","T","R","?","M","R","M","R","BOSS"],"build_version":"2019-07-17","purchased_purges":0,"victory":false,"max_hp_per_floor":[66,66,66,66,66,76,76,76,76,76,81,81,81,81,81,81],"card_choices":[{"not_picked":["Acrobatics","PiercingWail","Deflect"],"picked":"SKIP","floor":1.0},{"not_picked":["Acrobatics","Deflect"],"picked":"PiercingWail","floor":1.0},{"not_picked":["Dodge and Roll","Underhanded Strike"],"picked":"Flying Knee","floor":3.0},{"not_picked":["Acrobatics","Slice"],"picked":"Well Laid Plans","floor":4.0},{"not_picked":["Footwork","Adrenaline"],"picked":"Quick Slash","floor":5.0},{"not_picked":["Dagger Spray","Flying Knee","Terror"],"picked":"SKIP","floor":6.0},{"not_picked":["Expertise","Sucker Punch","Leg Sweep"],"picked":"SKIP","floor":8.0},{"not_picked":["Well Laid Plans","Deflect","PiercingWail"],"picked":"SKIP","floor":12.0},{"not_picked":["Setup","Masterful Stab"],"picked":"Quick Slash","floor":14.0}],"player_experience":694821,"relics_obtained":[{"floor":6.0,"key":"Pear"},{"floor":8.0,"key":"Boot"},{"floor":9.0,"key":"Pen Nib"}],"event_choices":[{"cards_removed":["Strike_G"],"damage_healed":0.0,"max_hp_gain":0.0,"max_hp_loss":0.0,"gold_gain":0.0,"event_name":"Purifier","player_choice":"Purged","floor":2.0,"gold_loss":0.0,"damage_taken":0.0},{"damage_healed":0.0,"max_hp_gain":5.0,"max_hp_loss":0.0,"gold_gain":0.0,"event_name":"Big Fish","player_choice":"Donut","floor":11.0,"gold_loss":0.0,"damage_taken":0.0}],"is_beta":false,"boss_relics":[],"items_purged_floors":[],"is_endless":false,"potions_floor_spawned":[1,4,8],"killed_by":"Slime Boss","ascension_level":19}