{"gold_per_floor":[361,63,78,78,98,134,134,153,180,180,218,233,252,273,273,394,394,407,430,83,83,14,14,14,14,14,14,28,28,68,68,68,68],"floor_reached":33,"playtime":1987,"items_purged":["Strike_R","Strike_R"],"score":275,"play_id":"38ff342f-b4e6-4b56-a3ee-a771b95c265d","local_time":"20190807222244","is_ascension_mode":false,"campfire_choices":[{"floor":7.0,"key":"REST"},{"data":"Armaments","floor":10.0,"key":"SMITH"},{"data":"Bash","floor":15.0,"key":"SMITH"},{"data":"Barricade","floor":23.0,"key":"SMITH"},{"floor":25.0,"key":"REST"},{"data":"True Grit","floor":29.0,"key":"SMITH"},{"data":"Shrug It Off","floor":32,"key":"SMITH"}],"neow_cost":"TEN_PERCENT_HP_LOSS","seed_source_timestamp":9929895923400,"circlet_count":0,"master_deck":["Strike_R","Strike_R","Strike_R","Defend_R","Defend_R","Defend_R","Defend_R","Bash+1","Armaments+1","Rampage","Shrug It Off+1","Iron Wave","Barricade+1","True Grit+1","Rampage","Spot Weakness","Writhe","Headbutt+1"],"special_seed":0,"relics":["Black Blood","Art of War","Bloody Idol","Blood Vial","Orichalcum","Smiling Mask","Bronze Scales","Bag of Preparation","Sundial","Shuriken","PreservedInsect","Anchor"],"potions_floor_usage":[30,33],"damage_taken":[{"damage":1.0,"enemies":"Cultist","floor":1.0,"turns":3.0},{"damage":7.0,"enemies":"Small Slimes","floor":3.0,"turns":4.0},{"damage":0.0,"enemies":"2 Louse","floor":5.0,"turns":1.0},{"damage":38.0,"enemies":"Gremlin Nob","floor":6.0,"turns":5.0},{"damage":2.0,"enemies":"Looter","floor":8.0,"turns":4.0},{"damage":22.0,"enemies":"Lagavulin","floor":11.0,"turns":6.0},{"damage":9.0,"enemies":"Exordium Thugs","floor":12.0,"turns":5.0},{"damage":6.0,"enemies":"3 Louse","floor":13.0,"turns":3.0},{"damage":0.0,"enemies":"Red Slaver","floor":14.0,"turns":5.0},{"damage":44.0,"enemies":"Hexaghost","floor":16.0,"turns":11.0},{"damage":48.0,"enemies":"Shell Parasite","floor":18.0,"turns":8.0},{"damage":12.0,"enemies":"3 Byrds","floor":19.0,"turns":11.0},{"damage":13.0,"enemies":"Cultist and Chosen","floor":28.0,"turns":8.0},{"damage":14,"enemies":"Slavers","floor":30,"turns":5},{"damage":54,"enemies":"Collector","floor":33,"turns":8}],"seed_played":"-7237828254426387422","potions_obtained":[{"floor":3.0,"key":"Explosive Potion"},{"floor":6.0,"key":"Strength Potion"},{"floor":11.0,"key":"LiquidBronze"},{"floor":14.0,"key":"FearPotion"},{"floor":16.0,"key":"FearPotion"},{"floor":18.0,"key":"PowerPotion"}],"is_trial":false,"path_per_floor":["M","$","M","?","M","E","R","M","T","R","E","M","M","M","R","B",null,"M","M","$","?","$","R","?","R","T","T","M","R","E","?","R","B"],"character_chosen":"IRONCLAD","items_purchased":["Art of War","Rampage","Bronze Scales","Bag of Preparation","Spot Weakness"],"campfire_rested":2,"item_purchase_floors":[2,2,20,20,22],"current_hp_per_floor":[72,72,71,53,59,27,48,54,54,54,40,39,41,49,49,13,72,34,34,34,34,34,34,34,55,55,55,54,54,52,52,52,0],"gold":68,"neow_bonus":"TWO_FIFTY_GOLD","is_prod":false,"is_daily":false,"chose_seed":false,"campfire_upgraded":5,"win_rate":0,"timestamp":1565230964,"path_taken":["M","$","M","?","M","E","R","M","T","R","E","M","M","M","R","BOSS","M","M","$","?","?","R","?","R","T","?","?","R","E","?","R","BOSS"],"build_version":"2019-07-17","purchased_purges":2,"victory":false,"max_hp_per_floor":[72,72,72,72,72,72,72,72,72,72,72,72,72,72,72,72,72,72,72,72,72,72,72,72,72,72,72,72,72,72,72,72,72],"card_choices":[{"not_picked":["True Grit","Clash"],"picked":"Armaments","floor":1.0},{"not_picked":["Twin Strike","Iron Wave","Heavy Blade"],"picked":"SKIP","floor":3.0},{"not_picked":["Spot Weakness","Iron Wave","Heavy Blade"],"picked":"SKIP","floor":5.0},{"not_picked":["Shockwave","Flex"],"picked":"Shrug It Off","floor":6.0},{"not_picked":["Pommel Strike","Reaper","True Grit"],"picked":"SKIP","floor":8.0},{"not_picked":["Fiend Fire","Burning Pact","Havoc"],"picked":"SKIP","floor":11.0},{"not_picked":["Infernal Blade","Havoc","Shrug It Off"],"picked":"SKIP","floor":12.0},{"not_picked":["Twin Strike","Shrug It Off","Clothesline"],"picked":"SKIP","floor":13.0},{"not_picked":["Sever Soul","Ghostly Armor"],"picked":"Iron Wave","floor":14.0},{"not_picked":["Brutality","Berserk"],"picked":"Barricade","floor":16.0},{"not_picked":["Uppercut","Warcry+1","Blood for Blood+1"],"picked":"SKIP","floor":18.0},{"not_picked":["Heavy Blade","Flex"],"picked":"True Grit","floor":19.0},{"not_picked":["Warcry","Wild Strike+1"],"picked":"Headbutt+1","floor":28.0},{"not_picked":["Rupture","Dropkick+1","Inflame"],"picked":"SKIP","floor":30}],"player_experience":2636683,"relics_obtained":[{"floor":6.0,"key":"Blood Vial"},{"floor":9.0,"key":"Orichalcum"},{"floor":11.0,"key":"Smiling Mask"},{"floor":26.0,"key":"Shuriken"},{"floor":27.0,"key":"PreservedInsect"},{"floor":30,"key":"Anchor"}],"event_choices":[{"damage_healed":0.0,"max_hp_gain":0.0,"max_hp_loss":0.0,"gold_gain":0.0,"event_name":"Golden Idol","player_choice":"Take Damage","floor":4.0,"gold_loss":0.0,"damage_taken":18.0,"relics_obtained":["Golden Idol"]},{"damage_healed":0.0,"max_hp_gain":0.0,"max_hp_loss":0.0,"gold_gain":0.0,"event_name":"Duplicator","player_choice":"Copied","floor":21.0,"gold_loss":0.0,"damage_taken":0.0,"cards_obtained":["Rampage"]},{"damage_healed":0.0,"max_hp_gain":0.0,"max_hp_loss":0.0,"gold_gain":0.0,"event_name":"The Mausoleum","player_choice":"Opened","floor":24.0,"gold_loss":0.0,"damage_taken":0.0,"relics_obtained":["Sundial"],"cards_obtained":["Writhe"]},{"damage_healed":0,"gold_gain":0,"player_choice":"Gave Idol","damage_taken":0,"relics_obtained":["Bloody Idol"],"max_hp_gain":0,"max_hp_loss":0,"event_name":"Forgotten Altar","floor":31,"relics_lost":["Golden Idol"],"gold_loss":0}],"is_beta":false,"boss_relics":[{"not_picked":["Lizard Tail","Calling Bell"],"picked":"Black Blood"}],"items_purged_floors":[2,20],"is_endless":false,"potions_floor_spawned":[3,6,11,14,16,18,19,28],"killed_by":"Collector","ascension_level":0}