{"gold_per_floor":[117,42,58,71,84,84,113,113,113,142,142,155,166,66,66,139,139,153,153,153,153,171,171,199,209,291,291],"floor_reached":27,"playtime":1637,"items_purged":["Strike_R"],"score":511,"play_id":"55886e6d-0c83-4a70-86bf-3d654adc09a4","local_time":"20191006224536","is_ascension_mode":true,"campfire_choices":[{"data":"Bash","floor":6.0,"key":"SMITH"},{"data":"Wild Strike","floor":8.0,"key":"SMITH"},{"data":"Fire Breathing","floor":11.0,"key":"SMITH"},{"data":"Disarm","floor":15,"key":"SMITH"},{"data":"True Grit","floor":23,"key":"SMITH"}],"neow_cost":"PERCENT_DAMAGE","seed_source_timestamp":136877885015000,"circlet_count":0,"master_deck":["AscendersBane","Strike_R","Strike_R","Strike_R","Strike_R","Defend_R","Defend_R","Defend_R","Defend_R","Bash+1","Anger","Pummel","Wild Strike+1","Hemokinesis","Fire Breathing+1","Metallicize","Disarm+1","Shrug It Off","Reaper","Shrug It Off","Writhe","Decay","Feel No Pain","True Grit+1"],"special_seed":0,"relics":["Burning Blood","Charon\u0027s Ashes","Strawberry","Shuriken","Mango","Sozu","Pocketwatch","Smiling Mask","Tiny Chest"],"potions_floor_usage":[12,16],"damage_taken":[{"damage":2.0,"enemies":"Cultist","floor":1.0,"turns":4.0},{"damage":2.0,"enemies":"Small Slimes","floor":3.0,"turns":3.0},{"damage":7.0,"enemies":"Jaw Worm","floor":4.0,"turns":3.0},{"damage":7.0,"enemies":"3 Louse","floor":5.0,"turns":3.0},{"damage":18.0,"enemies":"3 Sentries","floor":7.0,"turns":6.0},{"damage":23.0,"enemies":"Lagavulin","floor":10.0,"turns":3.0},{"damage":10,"enemies":"Large Slime","floor":12,"turns":3},{"damage":11,"enemies":"Blue Slaver","floor":13,"turns":3},{"damage":19,"enemies":"Hexaghost","floor":16,"turns":9},{"damage":22,"enemies":"Shell Parasite","floor":18,"turns":5},{"damage":24,"enemies":"Spheric Guardian","floor":22,"turns":4},{"damage":34,"enemies":"Book of Stabbing","floor":24,"turns":7},{"damage":14,"enemies":"Centurion and Healer","floor":25,"turns":7},{"damage":35,"enemies":"Gremlin Leader","floor":27,"turns":5}],"seed_played":"-7849972691633045395","potions_obtained":[{"floor":3.0,"key":"SneckoOil"},{"floor":5.0,"key":"FairyPotion"},{"floor":7.0,"key":"FearPotion"},{"floor":10.0,"key":"SteroidPotion"}],"is_trial":false,"path_per_floor":["M","$","M","M","M","R","E","R","T","E","R","M","M","$","R","B",null,"M","?","?","?","M","R","E","M","T","E"],"character_chosen":"IRONCLAD","items_purchased":["Pummel","Shrug It Off"],"campfire_rested":0,"item_purchase_floors":[2,14],"current_hp_per_floor":[54,54,58,57,56,56,51,51,51,48,48,44,39,39,39,26,79,68,68,68,68,50,50,29,31,31,0],"gold":291,"neow_bonus":"ONE_RARE_RELIC","is_prod":false,"is_daily":false,"chose_seed":false,"campfire_upgraded":5,"win_rate":0,"timestamp":1570416336,"path_taken":["M","$","M","M","?","R","E","R","T","E","R","M","M","?","R","BOSS","M","?","?","?","M","R","E","M","T","E"],"build_version":"2019-10-04","purchased_purges":1,"victory":false,"max_hp_per_floor":[75,75,75,75,75,75,82,82,82,96,96,96,96,96,96,96,96,96,96,96,96,96,96,96,96,96,96],"card_choices":[{"not_picked":["Flex","Armaments"],"picked":"Anger","floor":1.0},{"not_picked":["Iron Wave","Burning Pact"],"picked":"Wild Strike","floor":3.0},{"not_picked":["Spot Weakness","Headbutt"],"picked":"Hemokinesis","floor":4.0},{"not_picked":["Twin Strike","Power Through","Rage"],"picked":"SKIP","floor":5.0},{"not_picked":["Perfected Strike","Wild Strike","Double Tap"],"picked":"SKIP","floor":7.0},{"not_picked":["Power Through","Pommel Strike"],"picked":"Fire Breathing","floor":10.0},{"not_picked":["Flex","Pommel Strike"],"picked":"Metallicize","floor":12},{"not_picked":["Perfected Strike","Flex"],"picked":"Disarm","floor":13},{"not_picked":["Barricade","Offering"],"picked":"Reaper","floor":16},{"not_picked":["Sword Boomerang","Fire Breathing"],"picked":"Shrug It Off","floor":18},{"not_picked":["Dual Wield","Rage"],"picked":"True Grit","floor":22},{"not_picked":["Anger","Sword Boomerang","Twin Strike"],"picked":"SKIP","floor":24},{"not_picked":["Headbutt","Rage","Warcry"],"picked":"SKIP","floor":25}],"player_experience":126961,"relics_obtained":[{"floor":7.0,"key":"Strawberry"},{"floor":9.0,"key":"Shuriken"},{"floor":10.0,"key":"Mango"},{"floor":24,"key":"Smiling Mask"},{"floor":26,"key":"Tiny Chest"}],"event_choices":[{"damage_healed":0,"gold_gain":0,"player_choice":"Opened","damage_taken":0,"relics_obtained":["Pocketwatch"],"max_hp_gain":0,"max_hp_loss":0,"event_name":"The Mausoleum","floor":19,"gold_loss":0,"cards_obtained":["Writhe"]},{"damage_healed":0,"gold_gain":0,"player_choice":"Smashed Altar","damage_taken":0,"max_hp_gain":0,"max_hp_loss":0,"event_name":"Forgotten Altar","floor":20,"gold_loss":0,"cards_obtained":["Decay"]},{"damage_healed":0,"gold_gain":0,"player_choice":"Read","damage_taken":0,"max_hp_gain":0,"max_hp_loss":0,"event_name":"The Library","floor":21,"gold_loss":0,"cards_obtained":["Feel No Pain"]}],"is_beta":true,"boss_relics":[{"not_picked":["Black Star","SacredBark"],"picked":"Sozu"}],"items_purged_floors":[14],"is_endless":false,"potions_floor_spawned":[3,5,7,10,18,22],"killed_by":"Gremlin Leader","ascension_level":20}