{"gold_per_floor":[114,128,207,218,237,269,269,302,302,315,326,264,32,42,42,118,118,133,144,44,64,64,97,97,127,127,127,127,139,139,159,159,234,234,254,254,267,367,378,433,433,444,490,510,510,542,542,559,559,559,559],"floor_reached":51,"playtime":5261,"items_purged":["Writhe","Strike_R"],"score":1472,"play_id":"4cad1d7a-67f9-4821-9368-b1ee16dc7ad9","local_time":"20190805152815","is_ascension_mode":true,"campfire_choices":[{"floor":15.0,"key":"REST"},{"floor":24.0,"key":"REST"},{"data":"Juggernaut","floor":27.0,"key":"SMITH"},{"data":"True Grit","floor":30.0,"key":"SMITH"},{"floor":32.0,"key":"REST"},{"floor":41,"key":"REST"},{"floor":45,"key":"REST"},{"floor":49,"key":"RECALL"}],"neow_cost":"NONE","seed_source_timestamp":0,"circlet_count":0,"master_deck":["AscendersBane","Strike_R","Strike_R","Strike_R","Strike_R","Defend_R","Defend_R","Defend_R","Defend_R","Bash","Heavy Blade","Thunderclap","Wild Strike","Blood for Blood","Feed","Battle Trance","Metallicize","Battle Trance","Flame Barrier","Juggernaut+1","Feel No Pain","Metallicize+1","Clothesline","True Grit+1","Reckless Charge","Metallicize","Feel No Pain","Impervious","Corruption","Second Wind","True Grit+1","Entrench"],"special_seed":0,"relics":["Burning Blood","Paper Frog","Peace Pipe","Mango","Orichalcum","Velvet Choker","Incense Burner","Happy Flower","WingedGreaves","Runic Pyramid","Dead Branch","Tiny Chest","Charon\u0027s Ashes"],"potions_floor_usage":[],"damage_taken":[{"damage":8.0,"enemies":"2 Louse","floor":1.0,"turns":4.0},{"damage":12.0,"enemies":"Small Slimes","floor":2.0,"turns":5.0},{"damage":2.0,"enemies":"Cultist","floor":4.0,"turns":4.0},{"damage":14.0,"enemies":"Large Slime","floor":5.0,"turns":6.0},{"damage":31.0,"enemies":"Gremlin Nob","floor":6.0,"turns":4.0},{"damage":20.0,"enemies":"3 Sentries","floor":8.0,"turns":5.0},{"damage":15.0,"enemies":"Exordium Wildlife","floor":10.0,"turns":4.0},{"damage":15.0,"enemies":"Red Slaver","floor":11.0,"turns":3.0},{"damage":16.0,"enemies":"Lots of Slimes","floor":14.0,"turns":4.0},{"damage":41.0,"enemies":"The Guardian","floor":16.0,"turns":9.0},{"damage":24.0,"enemies":"Shell Parasite","floor":18.0,"turns":4.0},{"damage":12.0,"enemies":"Chosen","floor":19.0,"turns":5.0},{"damage":4.0,"enemies":"Sentry and Sphere","floor":21.0,"turns":5.0},{"damage":44.0,"enemies":"Slavers","floor":23.0,"turns":5.0},{"damage":31.0,"enemies":"Gremlin Leader","floor":25.0,"turns":6.0},{"damage":14.0,"enemies":"3 Cultists","floor":29.0,"turns":5.0},{"damage":9.0,"enemies":"Centurion and Healer","floor":31.0,"turns":7.0},{"damage":13.0,"enemies":"Champ","floor":33.0,"turns":15.0},{"damage":51,"enemies":"3 Darklings","floor":35,"turns":7},{"damage":0,"enemies":"3 Shapes","floor":37,"turns":7},{"damage":28,"enemies":"Mind Bloom Boss Battle","floor":38,"turns":7},{"damage":13,"enemies":"Jaw Worm Horde","floor":39,"turns":7},{"damage":24,"enemies":"Nemesis","floor":40,"turns":9},{"damage":35,"enemies":"4 Shapes","floor":42,"turns":4},{"damage":0,"enemies":"Maw","floor":44,"turns":6},{"damage":54,"enemies":"Reptomancer","floor":46,"turns":6},{"damage":12,"enemies":"Sphere and 2 Shapes","floor":48,"turns":3},{"damage":8,"enemies":"Donu and Deca","floor":50,"turns":15},{"damage":33,"enemies":"Time Eater","floor":51,"turns":2}],"seed_played":"902207528285281266","potions_obtained":[{"floor":4.0,"key":"EntropicBrew"},{"floor":5.0,"key":"PowerPotion"},{"floor":8.0,"key":"FearPotion"},{"floor":19.0,"key":"Strength Potion"},{"floor":28.0,"key":"LiquidBronze"},{"floor":28.0,"key":"Regen Potion"},{"floor":29.0,"key":"SpeedPotion"},{"floor":33.0,"key":"Ancient Potion"}],"is_trial":false,"path_per_floor":["M","M","?","M","M","E","?","E","T","M","M","?","$","M","R","B",null,"M","M","$","M","$","E","R","E","T","R","?","M","R","M","R","B",null,"M","?","M","?","M","E","R","M","T","M","R","E","?","M","R","B","B"],"character_chosen":"IRONCLAD","items_purchased":["Orichalcum"],"campfire_rested":5,"item_purchase_floors":[13],"current_hp_per_floor":[73,67,67,71,63,38,38,24,38,32,26,26,26,19,50,15,83,65,59,59,64,64,26,58,36,36,36,36,42,42,39,72,65,100,58,58,67,45,38,23,57,31,31,37,72,27,27,21,21,22,0],"gold":559,"neow_bonus":"TEN_PERCENT_HP_BONUS","is_prod":false,"is_daily":false,"chose_seed":false,"campfire_upgraded":2,"win_rate":0,"timestamp":1565033295,"path_taken":["M","M","?","M","M","E","?","E","T","M","?","?","?","?","R","BOSS","M","M","?","?","$","E","R","E","T","R","?","M","R","?","R","BOSS","M","?","M","?","M","E","R","M","T","M","R","E","?","M","R","BOSS","BOSS"],"build_version":"2019-07-17","purchased_purges":2,"victory":false,"max_hp_per_floor":[82,82,82,82,82,82,82,82,96,99,102,102,102,105,105,105,105,105,105,105,108,108,108,108,111,111,111,111,111,111,111,111,111,111,114,108,111,111,111,114,114,117,117,117,117,120,120,120,120,123,123],"card_choices":[{"not_picked":["Metallicize","Iron Wave"],"picked":"Heavy Blade","floor":1.0},{"not_picked":["Intimidate","Rage"],"picked":"Thunderclap","floor":2.0},{"not_picked":["Clothesline","Iron Wave"],"picked":"Wild Strike","floor":4.0},{"not_picked":["Clothesline","Heavy Blade"],"picked":"Blood for Blood","floor":5.0},{"not_picked":["Thunderclap","Wild Strike"],"picked":"Feed","floor":6.0},{"not_picked":["Pommel Strike","Havoc","Clash"],"picked":"SKIP","floor":8.0},{"not_picked":["Pummel","Warcry"],"picked":"Metallicize","floor":10.0},{"not_picked":["Uppercut","Iron Wave"],"picked":"Battle Trance","floor":11.0},{"not_picked":["Warcry","Body Slam"],"picked":"Flame Barrier","floor":14.0},{"not_picked":["Impervious","Exhume"],"picked":"Juggernaut","floor":16.0},{"not_picked":["True Grit","Warcry"],"picked":"Feel No Pain","floor":18.0},{"not_picked":["Warcry","Carnage+1"],"picked":"Metallicize+1","floor":19.0},{"not_picked":["Sword Boomerang","Heavy Blade+1"],"picked":"Clothesline","floor":21.0},{"not_picked":["Thunderclap","Bludgeon"],"picked":"True Grit","floor":23.0},{"not_picked":["Pommel Strike","Sentinel"],"picked":"Reckless Charge","floor":25.0},{"not_picked":["Body Slam","Rage"],"picked":"Metallicize","floor":29.0},{"not_picked":["Flex","Shrug It Off"],"picked":"Feel No Pain","floor":31.0},{"not_picked":["Bludgeon","Feed"],"picked":"Impervious","floor":33.0},{"not_picked":["Iron Wave","Shrug It Off+1"],"picked":"Corruption","floor":35},{"not_picked":["Dropkick","Pommel Strike+1"],"picked":"Second Wind","floor":37},{"not_picked":["Sword Boomerang","Pommel Strike"],"picked":"True Grit+1","floor":38},{"not_picked":["Thunderclap","Warcry","Pummel+1"],"picked":"SKIP","floor":39},{"not_picked":["Limit Break","Dropkick","Rupture"],"picked":"SKIP","floor":40},{"not_picked":["Dropkick+1","Sever Soul","Wild Strike"],"picked":"SKIP","floor":42},{"not_picked":["Twin Strike","Headbutt","Bloodletting"],"picked":"SKIP","floor":44},{"not_picked":["Anger","Wild Strike"],"picked":"Entrench","floor":46},{"not_picked":["Evolve","Dropkick","Rampage"],"picked":"SKIP","floor":48}],"player_experience":2610274,"relics_obtained":[{"floor":6.0,"key":"Paper Frog"},{"floor":8.0,"key":"Peace Pipe"},{"floor":9.0,"key":"Mango"},{"floor":23.0,"key":"Incense Burner"},{"floor":25.0,"key":"Happy Flower"},{"floor":26.0,"key":"WingedGreaves"},{"floor":38,"key":"Dead Branch"},{"floor":40,"key":"Tiny Chest"},{"floor":46,"key":"Charon\u0027s Ashes"}],"event_choices":[{"damage_healed":0.0,"max_hp_gain":0.0,"max_hp_loss":0.0,"gold_gain":79.0,"event_name":"Golden Wing","player_choice":"Gained Gold","floor":3.0,"gold_loss":0.0,"damage_taken":0.0},{"damage_healed":0.0,"max_hp_gain":0.0,"max_hp_loss":0.0,"gold_gain":0.0,"event_name":"Match and Keep!","player_choice":"2 cards matched","floor":7.0,"gold_loss":0.0,"damage_taken":0.0,"cards_obtained":["Writhe","Battle Trance"]},{"damage_healed":0.0,"max_hp_gain":0.0,"max_hp_loss":0.0,"gold_gain":0.0,"event_name":"World of Goop","player_choice":"Left Gold","floor":12.0,"gold_loss":62.0,"damage_taken":0.0},{"damage_healed":0.0,"max_hp_gain":0.0,"max_hp_loss":0.0,"gold_gain":0.0,"event_name":"Lab","player_choice":"Got Potions","floor":28.0,"gold_loss":0.0,"damage_taken":0.0},{"damage_healed":0,"gold_gain":0,"player_choice":"Max HP","damage_taken":0,"max_hp_gain":0,"max_hp_loss":6,"event_name":"Winding Halls","floor":36,"gold_loss":0},{"damage_healed":0,"gold_gain":0,"player_choice":"Fight","damage_taken":0,"max_hp_gain":0,"max_hp_loss":0,"event_name":"MindBloom","floor":38,"gold_loss":0},{"damage_healed":0,"gold_gain":0,"player_choice":"Memory 1","damage_taken":0,"max_hp_gain":0,"max_hp_loss":0,"event_name":"SensoryStone","floor":47,"gold_loss":0}],"is_beta":false,"boss_relics":[{"not_picked":["Empty Cage","Pandora\u0027s Box"],"picked":"Velvet Choker"},{"not_picked":["Orrery","Coffee Dripper"],"picked":"Runic Pyramid"}],"items_purged_floors":[13,20],"is_endless":false,"potions_floor_spawned":[4,5,8,14,19,29,33,38,42,44],"killed_by":"Time Eater","ascension_level":20}