{"gold_per_floor":[112,112,28,103,120,151,151,181,181,181],"floor_reached":10,"playtime":371,"items_purged":[],"score":198,"play_id":"9545417a-7c4a-4295-b699-17061eee2048","local_time":"20191001231121","is_ascension_mode":true,"campfire_choices":[{"data":"Bash","floor":7.0,"key":"SMITH"}],"neow_cost":"NONE","seed_source_timestamp":431709946543700,"circlet_count":0,"master_deck":["AscendersBane","Strike_R","Strike_R","Strike_R","Strike_R","Strike_R","Defend_R","Defend_R","Defend_R","Defend_R","Bash+1","Evolve","Armaments+1","Heavy Blade","Searing Blow","Twin Strike"],"special_seed":0,"relics":["Burning Blood","NeowsBlessing","Toxic Egg 2","Nunchaku","Letter Opener","Gremlin Horn"],"potions_floor_usage":[10],"damage_taken":[{"damage":0.0,"enemies":"Small Slimes","floor":1.0,"turns":1.0},{"damage":0.0,"enemies":"2 Louse","floor":5.0,"turns":1.0},{"damage":0.0,"enemies":"Gremlin Nob","floor":6.0,"turns":1.0},{"damage":46.0,"enemies":"Lagavulin","floor":8.0,"turns":8.0},{"damage":32,"enemies":"Gremlin Nob","floor":10,"turns":3}],"seed_played":"3164719142352593074","potions_obtained":[{"floor":1.0,"key":"Fruit Juice"},{"floor":5.0,"key":"PowerPotion"}],"is_trial":false,"path_per_floor":["M","?","$","?","M","E","R","E","T","E"],"character_chosen":"IRONCLAD","items_purchased":["Armaments+1","Heavy Blade"],"campfire_rested":0,"item_purchase_floors":[3,3],"current_hp_per_floor":[74,63,63,52,58,64,64,24,24,0],"gold":181,"neow_bonus":"THREE_ENEMY_KILL","is_prod":false,"is_daily":false,"chose_seed":false,"campfire_upgraded":1,"win_rate":0,"timestamp":1569985881,"path_taken":["M","?","$","?","M","E","R","E","T","E"],"build_version":"2019-10-01","purchased_purges":0,"victory":false,"max_hp_per_floor":[75,75,75,75,75,75,75,75,75,80],"card_choices":[{"not_picked":["Ghostly Armor","Shrug It Off"],"picked":"Evolve","floor":1.0},{"not_picked":["Twin Strike","Headbutt"],"picked":"Searing Blow","floor":5.0},{"not_picked":["Rupture","Pummel"],"picked":"Twin Strike","floor":6.0},{"not_picked":["Sword Boomerang","Flex+1","Rupture"],"picked":"SKIP","floor":8.0}],"player_experience":120645,"relics_obtained":[{"floor":6.0,"key":"Nunchaku"},{"floor":8.0,"key":"Letter Opener"},{"floor":9.0,"key":"Gremlin Horn"}],"event_choices":[{"damage_healed":0.0,"max_hp_gain":0.0,"max_hp_loss":0.0,"gold_gain":0.0,"event_name":"Scrap Ooze","player_choice":"Success","floor":2.0,"gold_loss":0.0,"damage_taken":11.0,"relics_obtained":["Toxic Egg 2"]},{"damage_healed":0.0,"max_hp_gain":0.0,"max_hp_loss":0.0,"gold_gain":75.0,"event_name":"World of Goop","player_choice":"Gather Gold","floor":4.0,"gold_loss":0.0,"damage_taken":11.0}],"is_beta":true,"boss_relics":[],"items_purged_floors":[],"is_endless":false,"potions_floor_spawned":[1,5],"killed_by":"Gremlin Nob","ascension_level":20}