{"gold_per_floor":[116,126,137,137,8,8,35,0,0,0,17,17,43,63,63,137,137,156,156],"floor_reached":19,"playtime":1418,"items_purged":["Strike_G"],"score":331,"play_id":"eff1493b-86c6-4dd9-be01-346bb4bd84e3","local_time":"20191005013310","is_ascension_mode":true,"campfire_choices":[{"data":"Poisoned Stab","floor":6.0,"key":"SMITH"},{"data":"Neutralize","floor":10.0,"key":"SMITH"},{"data":"Catalyst","floor":15.0,"key":"SMITH"}],"neow_cost":"NONE","seed_source_timestamp":2258663635408864,"circlet_count":0,"master_deck":["AscendersBane","Strike_G","Strike_G","Strike_G","Strike_G","Defend_G","Defend_G","Defend_G","Defend_G","Defend_G","Survivor","Neutralize+1","Poisoned Stab+1","Catalyst+1","Catalyst","Dodge and Roll","Wraith Form v2","PiercingWail+1"],"special_seed":0,"relics":["Ring of the Snake","Bronze Scales","The Courier","WingedGreaves","Coffee Dripper"],"potions_floor_usage":[],"damage_taken":[{"damage":0.0,"enemies":"Jaw Worm","floor":1.0,"turns":5.0},{"damage":1.0,"enemies":"Cultist","floor":2.0,"turns":4.0},{"damage":9.0,"enemies":"Small Slimes","floor":3.0,"turns":5.0},{"damage":0.0,"enemies":"Looter","floor":4.0,"turns":1.0},{"damage":32.0,"enemies":"3 Sentries","floor":7.0,"turns":12.0},{"damage":1.0,"enemies":"3 Louse","floor":11.0,"turns":3.0},{"damage":11.0,"enemies":"Lagavulin","floor":13.0,"turns":6.0},{"damage":0.0,"enemies":"Large Slime","floor":14.0,"turns":4.0},{"damage":16.0,"enemies":"The Guardian","floor":16.0,"turns":10.0},{"damage":41,"enemies":"Spheric Guardian","floor":18,"turns":10},{"damage":0,"enemies":"Masked Bandits","floor":19,"turns":1}],"seed_played":"9033242091131679609","potions_obtained":[{"floor":1.0,"key":"SteroidPotion"},{"floor":3.0,"key":"SmokeBomb"},{"floor":7.0,"key":"SpeedPotion"},{"floor":12.0,"key":"Fruit Juice"},{"floor":12.0,"key":"GhostInAJar"},{"floor":13.0,"key":"FearPotion"},{"floor":14.0,"key":"FearPotion"}],"is_trial":false,"path_per_floor":["M","M","M","M","$","R","E","?","T","R","M","?","E","M","R","B",null,"M","?"],"character_chosen":"THE_SILENT","items_purchased":["Poisoned Stab"],"campfire_rested":0,"item_purchase_floors":[5],"current_hp_per_floor":[65,64,55,55,55,55,23,41,41,41,40,40,34,34,34,18,62,21,21],"gold":156,"neow_bonus":"TEN_PERCENT_HP_BONUS","is_prod":false,"is_daily":false,"chose_seed":false,"campfire_upgraded":3,"win_rate":0,"timestamp":1570253590,"path_taken":["M","M","M","M","$","R","E","?","T","R","M","?","E","M","R","BOSS","M","?"],"build_version":"2019-07-17","purchased_purges":1,"victory":false,"max_hp_per_floor":[72,72,72,72,72,72,72,72,72,72,72,72,77,77,77,77,77,77,77],"card_choices":[{"not_picked":["Flying Knee","Deflect","Dagger Throw"],"picked":"SKIP","floor":1.0},{"not_picked":["Flying Knee","Flechettes","Dodge and Roll"],"picked":"SKIP","floor":2.0},{"not_picked":["Flying Knee","Deflect","Setup"],"picked":"SKIP","floor":3.0},{"not_picked":["Deflect","Bullet Time"],"picked":"Catalyst","floor":7.0},{"not_picked":["Dagger Spray","Slice","Cloak And Dagger"],"picked":"SKIP","floor":11.0},{"not_picked":["Underhanded Strike","Finisher"],"picked":"Catalyst","floor":13.0},{"not_picked":["Quick Slash","Flying Knee"],"picked":"Dodge and Roll","floor":14.0},{"not_picked":["A Thousand Cuts","Doppelganger"],"picked":"Wraith Form v2","floor":16.0},{"not_picked":["Poisoned Stab","Quick Slash"],"picked":"PiercingWail+1","floor":18}],"player_experience":668671,"relics_obtained":[{"floor":7.0,"key":"Bronze Scales"},{"floor":9.0,"key":"The Courier"},{"floor":13.0,"key":"WingedGreaves"}],"event_choices":[{"damage_healed":18.0,"max_hp_gain":0.0,"max_hp_loss":0.0,"gold_gain":0.0,"event_name":"The Cleric","player_choice":"Healed","floor":8.0,"gold_loss":35.0,"damage_taken":0.0},{"damage_healed":0.0,"max_hp_gain":0.0,"max_hp_loss":0.0,"gold_gain":0.0,"event_name":"Lab","player_choice":"Got Potions","floor":12.0,"gold_loss":0.0,"damage_taken":0.0},{"damage_healed":0,"gold_gain":0,"player_choice":"Fought Bandits","damage_taken":0,"max_hp_gain":0,"max_hp_loss":0,"event_name":"Masked Bandits","floor":19,"gold_loss":0}],"is_beta":false,"boss_relics":[{"not_picked":["WristBlade","Calling Bell"],"picked":"Coffee Dripper"}],"items_purged_floors":[5],"is_endless":false,"potions_floor_spawned":[1,3,4,7,13,14],"killed_by":"Masked Bandits","ascension_level":17}