{"gold_per_floor":[112,287,287,339,352,379,379,231,309,309,325,26,39,67,67,164,164,176,101,101,28,31,64,64,76,103,103,129,143,18,18,18,18],"floor_reached":33,"playtime":2696,"items_purged":["Strike_G","Strike_G","Strike_G"],"score":363,"play_id":"1cbbcc88-a06f-4e94-85ec-93f502de793d","local_time":"20190823203831","is_ascension_mode":true,"campfire_choices":[{"data":"Bouncing Flask","floor":7,"key":"SMITH"},{"floor":15,"key":"REST"},{"floor":24,"key":"REST"},{"floor":27,"key":"REST"},{"floor":32,"key":"REST"}],"neow_cost":"NONE","seed_source_timestamp":2575686500100,"circlet_count":0,"master_deck":["Defend_G","Defend_G","Defend_G","Survivor","Neutralize","Crippling Poison","Escape Plan","Bouncing Flask+1","Footwork","Backflip","Envenom","Blur","Deadly Poison","Night Terror","Blade Dance+1","Doppelganger+1","Tools of the Trade+1","Well Laid Plans","Leg Sweep","Poisoned Stab+1","After Image","Reflex","Setup","Deflect+1"],"relics":["Ring of the Snake","NeowsBlessing","Dream Catcher","Ninja Scroll","Question Card","Unceasing Top","Boot","Astrolabe","Bottled Tornado","Regal Pillow","Shuriken"],"potions_floor_usage":[16,23,29,33,33],"damage_taken":[{"damage":0,"enemies":"Small Slimes","floor":1,"turns":1},{"damage":0,"enemies":"2 Louse","floor":5,"turns":1},{"damage":0,"enemies":"3 Sentries","floor":6,"turns":1},{"damage":0,"enemies":"Jaw Worm","floor":11,"turns":3},{"damage":5,"enemies":"Large Slime","floor":13,"turns":8},{"damage":26,"enemies":"Gremlin Nob","floor":14,"turns":4},{"damage":9,"enemies":"The Guardian","floor":16,"turns":8},{"damage":18,"enemies":"Spheric Guardian","floor":18,"turns":5},{"damage":13,"enemies":"2 Thieves","floor":22,"turns":4},{"damage":36,"enemies":"Slavers","floor":23,"turns":7},{"damage":10,"enemies":"Centurion and Healer","floor":25,"turns":6},{"damage":15,"enemies":"Book of Stabbing","floor":28,"turns":7},{"damage":16,"enemies":"Snake Plant","floor":29,"turns":5},{"damage":62,"enemies":"Collector","floor":33,"turns":9}],"seed_played":"646645841284202394","potions_obtained":[{"floor":1,"key":"GamblersBrew"},{"floor":11,"key":"PowerPotion"},{"floor":14,"key":"SkillPotion"},{"floor":23,"key":"Fire Potion"},{"floor":28,"key":"SteroidPotion"}],"is_trial":false,"path_per_floor":["M","?","?","T","M","E","R","$","T","?","M","$","M","E","R","B",null,"M","?","?","$","M","E","R","M","T","R","E","M","$","?","R","B"],"character_chosen":"THE_SILENT","items_purchased":["Footwork","Envenom","Blur","Leg Sweep"],"campfire_rested":4,"item_purchase_floors":[8,12,12,21],"current_hp_per_floor":[70,70,63,63,63,63,63,63,63,45,45,45,40,14,35,26,70,52,52,52,52,39,3,24,14,14,50,35,19,19,19,55,0],"gold":18,"neow_bonus":"THREE_ENEMY_KILL","is_prod":false,"is_daily":false,"chose_seed":false,"campfire_upgraded":1,"win_rate":0,"timestamp":1566610711,"path_taken":["M","?","?","?","M","E","R","$","T","?","M","$","?","E","R","BOSS","M","?","?","$","M","E","R","M","T","R","E","M","?","?","R","BOSS"],"build_version":"2019-07-17","purchased_purges":3,"victory":false,"max_hp_per_floor":[70,70,70,70,70,70,70,70,70,70,70,70,70,70,70,70,70,70,70,70,70,70,70,70,70,70,70,70,70,70,70,70,70],"card_choices":[{"not_picked":["Riddle With Holes","Quick Slash"],"picked":"Crippling Poison","floor":1},{"not_picked":["Underhanded Strike","Distraction"],"picked":"Escape Plan","floor":5},{"not_picked":["Dagger Spray","Outmaneuver"],"picked":"Bouncing Flask","floor":6},{"not_picked":["Dash","Masterful Stab","Slice"],"picked":"Backflip","floor":11},{"not_picked":["Quick Slash","Masterful Stab","Distraction","Blade Dance"],"picked":"SKIP","floor":13},{"not_picked":["Dagger Spray","Blur","Outmaneuver","Masterful Stab"],"picked":"SKIP","floor":14},{"not_picked":["Endless Agony","Caltrops","Eviscerate"],"picked":"Deadly Poison","floor":15},{"not_picked":["Doppelganger","Malaise","Storm of Steel"],"picked":"Night Terror","floor":16},{"not_picked":["Outmaneuver","PiercingWail","Eviscerate"],"picked":"Well Laid Plans","floor":18},{"not_picked":["Endless Agony+1","Skewer+1","Backflip"],"picked":"Poisoned Stab+1","floor":22},{"not_picked":["Crippling Poison","Dodge and Roll","Heel Hook"],"picked":"After Image","floor":23},{"not_picked":["Underhanded Strike","Heel Hook","Dash","Dagger Throw"],"picked":"SKIP","floor":25},{"not_picked":["Finisher","Concentrate","Blur"],"picked":"Reflex","floor":27},{"not_picked":["Leg Sweep","Quick Slash","Predator"],"picked":"Setup","floor":28},{"not_picked":["Poisoned Stab","Backstab","Quick Slash+1"],"picked":"Deflect+1","floor":29}],"player_experience":203911,"relics_obtained":[{"floor":4,"key":"Dream Catcher"},{"floor":6,"key":"Ninja Scroll"},{"floor":9,"key":"Question Card"},{"floor":14,"key":"Boot"},{"floor":23,"key":"Bottled Tornado"},{"floor":26,"key":"Regal Pillow"},{"floor":28,"key":"Shuriken"}],"event_choices":[{"damage_healed":0,"gold_gain":175,"player_choice":"AGREE","damage_taken":0,"max_hp_gain":0,"max_hp_loss":0,"event_name":"Liars Game","floor":2,"gold_loss":0,"cards_obtained":["Doubt"]},{"cards_removed":["Doubt"],"damage_healed":0,"gold_gain":0,"player_choice":"Card Removal","damage_taken":7,"max_hp_gain":0,"max_hp_loss":0,"event_name":"Golden Wing","floor":3,"gold_loss":0},{"damage_healed":0,"gold_gain":0,"player_choice":"Success","damage_taken":18,"relics_obtained":["Unceasing Top"],"max_hp_gain":0,"max_hp_loss":0,"event_name":"Scrap Ooze","floor":10,"gold_loss":0},{"cards_removed":["Defend_G"],"damage_healed":0,"gold_gain":0,"player_choice":"Gave Gold","damage_taken":0,"max_hp_gain":0,"max_hp_loss":0,"event_name":"Beggar","floor":19,"gold_loss":75},{"damage_healed":0,"gold_gain":0,"player_choice":"Ignored","damage_taken":0,"max_hp_gain":0,"max_hp_loss":0,"event_name":"The Mausoleum","floor":20,"gold_loss":0},{"damage_healed":0,"gold_gain":0,"player_choice":"Ignored","damage_taken":0,"max_hp_gain":0,"max_hp_loss":0,"event_name":"Cursed Tome","floor":31,"gold_loss":0}],"is_beta":false,"boss_relics":[{"not_picked":["Philosopher\u0027s Stone","Velvet Choker"],"picked":"Astrolabe"}],"items_purged_floors":[8,12,30],"is_endless":false,"potions_floor_spawned":[1,11,14,23,28],"killed_by":"Collector","ascension_level":3}