{"path_per_floor":["M","M","$","M","$","R","M","?","T","M","M","M","M","T","R","B",null,"M","?","$","?","?"],"character_chosen":"IRONCLAD","items_purchased":[],"gold_per_floor":[210,221,146,161,61,61,78,78,78,97,117,127,147,170,170,273,273,292,217,92,7,7],"floor_reached":23,"campfire_rested":0,"playtime":1718,"current_hp_per_floor":[80,80,80,79,79,79,74,74,74,71,74,80,79,79,79,36,80,66,66,66,73,73],"items_purged":["Strike_R","Strike_R","Strike_R"],"gold":7,"score":183,"play_id":"d012e0d2-92d9-4c14-8a9b-d6d8e02986b8","local_time":"20180310201211","is_prod":false,"is_daily":false,"is_ascension_mode":false,"campfire_upgraded":2,"timestamp":1520730731,"path_taken":["M","M","$","M","$","R","M","?","T","M","?","M","M","?","R","BOSS","M","?","$","?","?","E"],"build_version":"2018-03-09","purchased_purges":3,"victory":false,"master_deck":["Strike_R","Strike_R","Defend_R","Defend_R","Defend_R","Defend_R","Bash","Body Slam+1","Shrug It Off","Dual Wield","Body Slam+1","Shrug It Off","Barricade"],"max_hp_per_floor":[80,80,80,80,80,80,80,80,80,80,80,80,80,80,80,80,80,80,80,80,87,87],"relics":["Burning Blood","Bag of Preparation","Pen Nib","Runic Cube","Strawberry"],"card_choices":[{"not_picked":["Flame Barrier","Thunderclap"],"picked":"Body Slam"},{"not_picked":["Inflame","Iron Wave"],"picked":"Shrug It Off"},{"not_picked":["Bloodletting","Intimidate"],"picked":"Dual Wield"},{"not_picked":["Spot Weakness","Headbutt"],"picked":"Body Slam"},{"not_picked":["Clothesline","Body Slam"],"picked":"Shrug It Off"},{"not_picked":["Dark Embrace","Impervious"],"picked":"Barricade"}],"player_experience":74179,"potions_floor_usage":[7,16,16,23],"damage_taken":[{"damage":6,"enemies":"Jaw Worm","floor":1,"turns":3},{"damage":6,"enemies":"Cultist","floor":2,"turns":3},{"damage":7,"enemies":"Small Slimes","floor":4,"turns":5},{"damage":11,"enemies":"Exordium Thugs","floor":7,"turns":6},{"damage":9,"enemies":"Looter","floor":10,"turns":4},{"damage":3,"enemies":"2 Fungi Beasts","floor":11,"turns":4},{"damage":0,"enemies":"Exordium Wildlife","floor":12,"turns":5},{"damage":7,"enemies":"Large Slime","floor":13,"turns":9},{"damage":64,"enemies":"The Guardian","floor":16,"turns":13},{"damage":20,"enemies":"Shell Parasite","floor":18,"turns":7},{"damage":76,"enemies":"Slavers","floor":23,"turns":5}],"event_choices":[{"event_name":"Wheel of Change","player_choice":"Curse","floor":8,"damage_taken":0},{"event_name":"Beggar","player_choice":"Gave Gold","floor":19,"damage_taken":0},{"event_name":"Addict","player_choice":"Obtained Relic","floor":21,"damage_taken":0},{"event_name":"Duplicator","player_choice":"Ignored","floor":22,"damage_taken":0}],"boss_relics":[{"not_picked":["Snecko Eye","Runic Pyramid"],"picked":"Runic Cube"}],"potions_floor_spawned":[1,2,10,12],"seed_played":"4931429057701071162","killed_by":"Slavers","ascension_level":0,"is_trial":false}