{"path_per_floor":["M","M","$","$","M","R","E","R","T","T","M","M","M","M","R","B",null,"M","$","?","M","M","R","?","?","T","E","R","M","M","M","R","B",null,"M","?","M","M","M","R","E","R","T","?","$","M","M","M","R","B"],"character_chosen":"THE_SILENT","items_purchased":["Footwork","Singing Bowl","Noxious Fumes","Apotheosis"],"gold_per_floor":[109,119,44,44,58,58,91,91,91,91,103,115,130,146,146,247,247,257,40,0,12,32,32,32,32,56,81,81,100,110,127,127,231,231,247,247,260,276,294,294,321,321,346,346,26,40,55,75,75,75],"floor_reached":51,"campfire_rested":5,"playtime":6052,"current_hp_per_floor":[70,70,70,70,70,70,40,40,50,50,48,45,44,39,63,47,80,76,76,76,71,44,68,68,68,68,66,66,55,32,24,48,6,82,82,82,75,77,73,73,12,39,39,39,39,41,41,43,71,58],"items_purged":["Strike_G","Strike_G"],"gold":75,"score":713,"play_id":"ecfcaff3-228a-4a92-839a-6df084710258","local_time":"20180522190120","is_prod":false,"is_daily":false,"chose_seed":false,"is_ascension_mode":true,"campfire_upgraded":4,"timestamp":1527040880,"campfire_choices":[{"data":"Neutralize","floor":6,"key":"SMITH"},{"data":"Deadly Poison","floor":8,"key":"SMITH"},{"floor":15,"key":"REST"},{"floor":23,"key":"REST"},{"data":"Tools of the Trade","floor":28,"key":"SMITH"},{"floor":32,"key":"REST"},{"data":"Outmaneuver","floor":40,"key":"SMITH"},{"floor":42,"key":"REST"},{"floor":49,"key":"REST"}],"path_taken":["M","M","?","$","M","R","E","R","T","?","M","M","M","M","R","BOSS","M","$","?","M","M","R","?","?","T","E","R","M","M","?","R","BOSS","M","?","M","M","M","R","E","R","T","?","$","M","M","M","R","BOSS"],"build_version":"2018-05-17","seed_source_timestamp":225671843233,"purchased_purges":3,"victory":true,"master_deck":["Defend_G+1","Defend_G+1","Defend_G+1","Defend_G+1","Defend_G+1","Strike_G+1","Strike_G+1","Survivor","Neutralize+1","Deadly Poison+1","Flying Knee","Escape Plan","Prepared","Backflip","Tools of the Trade+1","Terror","Adrenaline","Reflex+1","Footwork","Backflip+1","Acrobatics","Adrenaline","Leg Sweep+1","Outmaneuver+1","Dodge and Roll","Tactician","Underhanded Strike","Finesse","Noxious Fumes","Apotheosis","Blur+1"],"max_hp_per_floor":[70,70,70,70,70,70,70,70,80,80,80,80,80,80,80,80,80,80,80,80,80,80,80,80,80,80,80,80,80,82,82,82,82,82,82,82,84,86,88,88,90,90,90,90,90,92,92,94,94,94],"relics":["Ring of the Snake","NeowsBlessing","Tingsha","Pear","Gremlin Horn","Black Star","Singing Bowl","Boot","Smiling Mask","Ornamental Fan","Sozu","Gambling Chip","Torii","Lantern"],"card_choices":[{"not_picked":["Deflect","Endless Agony"],"picked":"Deadly Poison","floor":1},{"not_picked":["Quick Slash","Masterful Stab"],"picked":"Flying Knee","floor":2},{"not_picked":["Endless Agony","Underhanded Strike"],"picked":"Escape Plan","floor":5},{"not_picked":["Eviscerate","Underhanded Strike"],"picked":"Prepared","floor":7},{"not_picked":["Riddle With Holes","Poisoned Stab"],"picked":"Backflip","floor":11},{"not_picked":["Heel Hook","All Out Attack","Poisoned Stab"],"picked":"SKIP","floor":12},{"not_picked":["Choke","Escape Plan"],"picked":"Tools of the Trade","floor":13},{"not_picked":["Dash","Bane"],"picked":"Terror","floor":14},{"not_picked":["Grand Finale","Venomology"],"picked":"Adrenaline","floor":16},{"not_picked":["Prepared","Dagger Throw"],"picked":"Reflex+1","floor":18},{"not_picked":["Sucker Punch","Dagger Throw"],"picked":"Backflip+1","floor":21},{"not_picked":["Sucker Punch","Deadly Poison"],"picked":"Acrobatics","floor":22},{"not_picked":["Finisher","Flying Knee+1"],"picked":"Leg Sweep+1","floor":27},{"not_picked":["Dagger Spray","Slice"],"picked":"Outmaneuver","floor":29},{"not_picked":["Crippling Poison+1","Malaise+1","Terror"],"picked":"Singing Bowl","floor":30},{"not_picked":["Calculated Gamble+1","Predator"],"picked":"Dodge and Roll","floor":31},{"not_picked":["A Thousand Cuts","Tools of the Trade"],"picked":"Tactician","floor":33},{"not_picked":["Deflect+1","Dagger Spray"],"picked":"Underhanded Strike","floor":35},{"not_picked":["Good Instincts","Thinking Ahead"],"picked":"Finesse","floor":36},{"not_picked":["Quick Slash+1","Outmaneuver","Caltrops+1"],"picked":"Singing Bowl","floor":37},{"not_picked":["Predator+1","Dodge and Roll","Terror+1"],"picked":"Singing Bowl","floor":38},{"not_picked":["Deflect","Infinite Blades+1","Outmaneuver+1"],"picked":"Singing Bowl","floor":39},{"not_picked":["Dodge and Roll","Accuracy+1","Slice"],"picked":"Singing Bowl","floor":41},{"not_picked":["Dagger Spray+1","Skewer","Prepared"],"picked":"Singing Bowl","floor":46},{"not_picked":["Sucker Punch+1","Outmaneuver"],"picked":"Blur+1","floor":47},{"not_picked":["Outmaneuver","Dodge and Roll+1","Grand Finale"],"picked":"Singing Bowl","floor":48}],"player_experience":290793,"potions_floor_usage":[18,21,27,27,33],"damage_taken":[{"damage":0,"enemies":"Cultist","floor":1,"turns":1},{"damage":0,"enemies":"Jaw Worm","floor":2,"turns":1},{"damage":0,"enemies":"2 Louse","floor":5,"turns":1},{"damage":30,"enemies":"Lagavulin","floor":7,"turns":8},{"damage":2,"enemies":"Looter","floor":11,"turns":3},{"damage":3,"enemies":"Lots of Slimes","floor":12,"turns":3},{"damage":1,"enemies":"Large Slime","floor":13,"turns":6},{"damage":5,"enemies":"Exordium Thugs","floor":14,"turns":4},{"damage":16,"enemies":"Hexaghost","floor":16,"turns":9},{"damage":4,"enemies":"Chosen","floor":18,"turns":5},{"damage":5,"enemies":"3 Byrds","floor":21,"turns":4},{"damage":27,"enemies":"3 Cultists","floor":22,"turns":7},{"damage":2,"enemies":"Slavers","floor":27,"turns":7},{"damage":11,"enemies":"Sentry and Sphere","floor":29,"turns":10},{"damage":25,"enemies":"Cultist and Chosen","floor":30,"turns":11},{"damage":8,"enemies":"Centurion and Healer","floor":31,"turns":6},{"damage":63,"enemies":"Collector","floor":33,"turns":12},{"damage":0,"enemies":"3 Darklings","floor":35,"turns":6},{"damage":9,"enemies":"Orb Walker","floor":37,"turns":4},{"damage":0,"enemies":"Maw","floor":38,"turns":9},{"damage":6,"enemies":"3 Darklings","floor":39,"turns":7},{"damage":63,"enemies":"2 Orb Walkers","floor":41,"turns":9},{"damage":0,"enemies":"4 Shapes","floor":46,"turns":5},{"damage":0,"enemies":"Maw","floor":47,"turns":7},{"damage":0,"enemies":"3 Darklings","floor":48,"turns":6},{"damage":13,"enemies":"Donu and Deca","floor":50,"turns":12}],"relics_obtained":[{"floor":7,"key":"Tingsha"},{"floor":9,"key":"Pear"},{"floor":10,"key":"Gremlin Horn"},{"floor":26,"key":"Boot"},{"floor":27,"key":"Smiling Mask"},{"floor":27,"key":"Ornamental Fan"},{"floor":41,"key":"Gambling Chip"},{"floor":41,"key":"Torii"},{"floor":43,"key":"Lantern"}],"event_choices":[{"event_name":"Masked Bandits","player_choice":"Paid Bandits 40 gold","floor":20,"damage_taken":0},{"event_name":"Transmorgrifier","player_choice":"Transform","floor":24,"damage_taken":0},{"event_name":"Back to Basics","player_choice":"Simplicity","floor":25,"damage_taken":0},{"event_name":"SensoryStone","player_choice":"Memory 1","floor":36,"damage_taken":0},{"event_name":"The Moai Head","player_choice":"Ignored","floor":44,"damage_taken":0}],"boss_relics":[{"not_picked":["Calling Bell","Snecko Eye"],"picked":"Black Star"},{"not_picked":["Cursed Key","Pandora\u0027s Box"],"picked":"Sozu"}],"potions_floor_spawned":[2,7,11,12,21,30,31,39,41,48],"seed_played":"-4758551996160766921","ascension_level":1,"potions_obtained":[{"floor":2,"key":"Weak Potion"},{"floor":7,"key":"PowerPotion"},{"floor":11,"key":"FearPotion"},{"floor":12,"key":"Strength Potion"},{"floor":21,"key":"Swift Potion"},{"floor":30,"key":"Block Potion"},{"floor":31,"key":"FairyPotion"}],"is_trial":false}