{"gold_per_floor":[368,368,384,142,217,217,247,247,273,273,273,303,322,352,352,452,452,462,482,482,482,482,513,533,533,559,584,584,601,327,338,338,338],"floor_reached":33,"playtime":1378,"items_purged":[],"score":391,"play_id":"1dbd6a4d-1af7-4758-b03f-71c9ae8af013","local_time":"20190914111708","is_ascension_mode":true,"campfire_choices":[{"floor":6,"key":"REST"},{"floor":8,"key":"REST"},{"floor":11,"key":"RECALL"},{"data":"Spot Weakness","floor":15,"key":"SMITH"},{"floor":25,"key":"REST"},{"floor":32,"key":"REST"}],"neow_cost":"PERCENT_DAMAGE","seed_source_timestamp":283725690324965,"circlet_count":0,"master_deck":["Strike_R+1","Strike_R","Strike_R","Strike_R","Strike_R","Defend_R","Defend_R+1","Defend_R","Defend_R","Bash","Spot Weakness+1","Burning Pact","Corruption","Flex","Hemokinesis","Sentinel","Disarm","Carnage","Bludgeon","Headbutt","Juggernaut","Cleave+1","Intimidate+1","Rage","Armaments+1","Immolate","J.A.X.","True Grit","Feel No Pain","Flex","Heavy Blade+1"],"relics":["Burning Blood","Juzu Bracelet","Orichalcum","Pen Nib","Lizard Tail","GremlinMask","Bag of Marbles","Blue Candle","Bronze Scales","Bag of Preparation","Blood Vial"],"potions_floor_usage":[7,23,27,31,31,33],"damage_taken":[{"damage":1,"enemies":"2 Louse","floor":1,"turns":4},{"damage":2,"enemies":"Jaw Worm","floor":3,"turns":4},{"damage":20,"enemies":"Lagavulin","floor":7,"turns":6},{"damage":38,"enemies":"3 Sentries","floor":12,"turns":7},{"damage":3,"enemies":"Cultist","floor":13,"turns":2},{"damage":18,"enemies":"Lagavulin","floor":14,"turns":5},{"damage":20,"enemies":"Hexaghost","floor":16,"turns":9},{"damage":18,"enemies":"Chosen","floor":18,"turns":6},{"damage":25,"enemies":"Spheric Guardian","floor":19,"turns":4},{"damage":31,"enemies":"Gremlin Leader","floor":23,"turns":8},{"damage":32,"enemies":"Cultist and Chosen","floor":24,"turns":8},{"damage":36,"enemies":"Book of Stabbing","floor":27,"turns":5},{"damage":16,"enemies":"Chosen and Byrds","floor":29,"turns":4},{"damage":28,"enemies":"3 Cultists","floor":31,"turns":5},{"damage":47,"enemies":"Champ","floor":33,"turns":10}],"seed_played":"8429971083799175942","potions_obtained":[{"floor":1,"key":"BloodPotion"},{"floor":3,"key":"AttackPotion"},{"floor":13,"key":"SteroidPotion"},{"floor":16,"key":"Strength Potion"},{"floor":24,"key":"Ancient Potion"},{"floor":27,"key":"SneckoOil"},{"floor":29,"key":"Block Potion"},{"floor":31,"key":"Fire Potion"}],"is_trial":false,"path_per_floor":["M","?","M","$","?","R","E","R","T","?","R","E","M","E","R","B",null,"M","M","?","?","?","E","M","R","T","E","?","M","$","M","R","B"],"character_chosen":"IRONCLAD","items_purchased":["Corruption","Flex","Hemokinesis","Sentinel","Feel No Pain","Blood Vial","Flex"],"campfire_rested":4,"item_purchase_floors":[4,4,4,4,30,30,30],"current_hp_per_floor":[56,40,44,44,33,57,43,67,67,80,80,48,51,39,39,25,66,54,35,35,35,35,30,46,70,70,40,40,30,30,10,34,0],"gold":338,"neow_bonus":"TWO_FIFTY_GOLD","is_prod":false,"is_daily":false,"chose_seed":false,"campfire_upgraded":1,"win_rate":0,"timestamp":1568485028,"path_taken":["M","?","M","$","?","R","E","R","T","?","R","E","M","E","R","BOSS","M","M","?","?","?","E","M","R","T","E","?","M","$","M","R","BOSS"],"build_version":"2019-07-17","purchased_purges":0,"victory":false,"max_hp_per_floor":[80,80,80,80,80,80,80,80,80,80,80,80,80,80,80,80,80,80,80,80,80,80,80,80,80,80,80,80,80,80,80,80,80],"card_choices":[{"not_picked":["Sentinel","Hemokinesis"],"picked":"Spot Weakness","floor":1},{"not_picked":["Pommel Strike","Fire Breathing"],"picked":"Burning Pact","floor":3},{"not_picked":["Shockwave","Combust"],"picked":"Disarm","floor":7},{"not_picked":["Dual Wield","Thunderclap"],"picked":"Carnage","floor":12},{"not_picked":["Pommel Strike","Clash"],"picked":"Bludgeon","floor":13},{"not_picked":["Havoc","Body Slam"],"picked":"Headbutt","floor":14},{"not_picked":["Exhume","Offering"],"picked":"Juggernaut","floor":16},{"not_picked":["Entrench","Twin Strike+1"],"picked":"Cleave+1","floor":18},{"not_picked":["Headbutt","Sword Boomerang"],"picked":"Intimidate+1","floor":19},{"not_picked":["Bloodletting","Wild Strike"],"picked":"Rage","floor":23},{"not_picked":["Anger","Blood for Blood"],"picked":"Armaments+1","floor":24},{"not_picked":["Feel No Pain","Warcry"],"picked":"Immolate","floor":27},{"not_picked":["Iron Wave+1","Disarm"],"picked":"True Grit","floor":29},{"not_picked":["Armaments+1","Shrug It Off"],"picked":"Heavy Blade+1","floor":31}],"player_experience":3468178,"relics_obtained":[{"floor":7,"key":"Juzu Bracelet"},{"floor":12,"key":"Orichalcum"},{"floor":14,"key":"Pen Nib"},{"floor":23,"key":"Blue Candle"},{"floor":26,"key":"Bronze Scales"},{"floor":27,"key":"Bag of Preparation"}],"event_choices":[{"damage_healed":0,"gold_gain":0,"player_choice":"Entered Light","damage_taken":16,"max_hp_gain":0,"max_hp_loss":0,"event_name":"Shining Light","floor":2,"gold_loss":0,"cards_upgraded":["Strike_R","Defend_R"]},{"damage_healed":0,"gold_gain":75,"player_choice":"Gather Gold","damage_taken":11,"max_hp_gain":0,"max_hp_loss":0,"event_name":"World of Goop","floor":5,"gold_loss":0},{"damage_healed":13,"gold_gain":0,"player_choice":"Full Heal","damage_taken":0,"max_hp_gain":0,"max_hp_loss":0,"event_name":"Wheel of Change","floor":10,"gold_loss":0},{"damage_healed":0,"gold_gain":0,"player_choice":"Trade","damage_taken":0,"relics_obtained":["GremlinMask"],"max_hp_gain":0,"max_hp_loss":0,"event_name":"FaceTrader","floor":20,"gold_loss":0},{"damage_healed":0,"gold_gain":0,"player_choice":"Ignored","damage_taken":0,"max_hp_gain":0,"max_hp_loss":0,"event_name":"Ghosts","floor":21,"gold_loss":0},{"damage_healed":0,"gold_gain":0,"player_choice":"Opened","damage_taken":0,"relics_obtained":["Bag of Marbles"],"max_hp_gain":0,"max_hp_loss":0,"event_name":"The Mausoleum","floor":22,"gold_loss":0},{"damage_healed":0,"gold_gain":0,"player_choice":"Obtain J.A.X.","damage_taken":0,"max_hp_gain":0,"max_hp_loss":0,"event_name":"Drug Dealer","floor":28,"gold_loss":0,"cards_obtained":["J.A.X."]}],"is_beta":false,"boss_relics":[{"not_picked":["White Beast Statue","Busted Crown"],"picked":"Lizard Tail"}],"items_purged_floors":[],"is_endless":false,"potions_floor_spawned":[1,3,13,16,18,24,27,29,31],"killed_by":"Champ","ascension_level":6}