{"path_per_floor":["M","M","M","M","M","R","E","R","T","?","?","M","?","M","R"],"character_chosen":"THE_SILENT","items_purchased":[],"gold_per_floor":[112,127,141,157,177,177,209,209,235,235,235,247,247,259,259,259],"floor_reached":16,"campfire_rested":2,"playtime":978,"item_purchase_floors":[],"current_hp_per_floor":[63,61,60,27,27,50,26,26,26,19,19,10,10,10,33,5],"items_purged":[],"gold":259,"score":135,"play_id":"935e3ecf-a70e-47c7-94de-502754e5d2fc","local_time":"20180528115414","is_prod":false,"is_daily":false,"chose_seed":false,"is_ascension_mode":true,"campfire_upgraded":1,"win_rate":0,"timestamp":1527533654,"campfire_choices":[{"floor":6,"key":"REST"},{"data":"Bouncing Flask","floor":8,"key":"SMITH"},{"floor":15,"key":"REST"}],"path_taken":["M","M","M","M","M","R","E","R","T","?","?","M","?","M","R","BOSS"],"build_version":"2018-05-24","seed_source_timestamp":1117013733973,"purchased_purges":0,"victory":false,"master_deck":["Defend_G","Defend_G","Defend_G","Defend_G","Defend_G","Strike_G","Strike_G+1","Strike_G+1","Strike_G","Survivor","Neutralize","Bouncing Flask+1","Dagger Throw","Escape Plan","Blur","Blur","Escape Plan","Acrobatics"],"max_hp_per_floor":[77,77,77,77,77,77,77,77,77,77,77,77,77,77,77,77],"relics":["Ring of the Snake","Pen Nib","Whetstone"],"card_choices":[{"not_picked":["PiercingWail","Choke"],"picked":"Bouncing Flask","floor":1},{"not_picked":["Prepared","Underhanded Strike"],"picked":"Dagger Throw","floor":2},{"not_picked":["Bouncing Flask","Dagger Throw"],"picked":"Escape Plan","floor":3},{"not_picked":["Dagger Spray","Dodge and Roll"],"picked":"Blur","floor":4},{"not_picked":["Setup","Dagger Throw","Finisher"],"picked":"SKIP","floor":5},{"not_picked":["Bouncing Flask","Deflect"],"picked":"Blur","floor":7},{"not_picked":["Bane","Quick Slash"],"picked":"Escape Plan","floor":12},{"not_picked":["Calculated Gamble","Blur"],"picked":"Acrobatics","floor":14}],"player_experience":428267,"potions_floor_usage":[7,7],"damage_taken":[{"damage":7,"enemies":"Cultist","floor":1,"turns":5},{"damage":2,"enemies":"Jaw Worm","floor":2,"turns":4},{"damage":1,"enemies":"2 Louse","floor":3,"turns":2},{"damage":33,"enemies":"Large Slime","floor":4,"turns":11},{"damage":0,"enemies":"2 Fungi Beasts","floor":5,"turns":4},{"damage":24,"enemies":"Lagavulin","floor":7,"turns":7},{"damage":9,"enemies":"Lots of Slimes","floor":12,"turns":8},{"damage":0,"enemies":"3 Louse","floor":14,"turns":4},{"damage":28,"enemies":"Slime Boss","floor":16,"turns":4}],"relics_obtained":[{"floor":7,"key":"Pen Nib"},{"floor":9,"key":"Whetstone"}],"event_choices":[{"event_name":"Golden Wing","player_choice":"Card Removal","floor":10,"damage_taken":0},{"event_name":"Scrap Ooze","player_choice":"unsuccessful","floor":11,"damage_taken":0},{"event_name":"Liars Game","player_choice":"disagreed","floor":13,"damage_taken":0}],"boss_relics":[],"items_purged_floors":[],"potions_floor_spawned":[2,3,4],"seed_played":"-7599830100501633128","killed_by":"Slime Boss","ascension_level":6,"potions_obtained":[{"floor":2,"key":"Energy Potion"},{"floor":3,"key":"Dexterity Potion"},{"floor":4,"key":"Dexterity Potion"}],"is_trial":false}