{"gold_per_floor":[117,39,55,55,78,119,119,152,232,265,265,286,309,45,45,168,168,187,212,212,212,228,228,253,253,279,1,24,24,37,55,55,178,178,203,203,164,182,15,49,49,49,49,4,4,4,4,20,20,20],"floor_reached":50,"playtime":2333,"items_purged":[],"score":613,"play_id":"6883e3ce-6feb-4884-9aa3-cd0221dd0084","local_time":"20190825152906","is_ascension_mode":true,"campfire_choices":[{"floor":7.0,"key":"REST"},{"floor":15.0,"key":"REST"},{"floor":23.0,"key":"REST"},{"floor":25.0,"key":"DIG"},{"floor":29.0,"key":"DIG"},{"floor":32.0,"key":"REST"},{"floor":41.0,"key":"REST"},{"floor":42.0,"key":"DIG"},{"floor":47.0,"key":"REST"},{"floor":49,"key":"REST"}],"neow_cost":"NONE","seed_source_timestamp":0,"circlet_count":0,"master_deck":["Strike_G+1","Strike_G+1","Strike_G+1","Strike_G+1","Defend_G+1","Defend_G+1","Defend_G+1","Defend_G+1","Defend_G+1","Survivor","Neutralize","Infinite Blades","Accuracy","Poisoned Stab","Flying Knee","Poisoned Stab","Acrobatics","Dash","Accuracy","Corpse Explosion","Terror","Bullet Time","Deflect+1","Backstab","Reflex+1","Dagger Throw+1","Footwork","Underhanded Strike","Infinite Blades","Backstab","Burst","Poisoned Stab","Caltrops","Blade Dance","Panache","Finisher","Deadly Poison","Madness","Madness","Adrenaline","Blade Dance"],"special_seed":0,"relics":["Ring of the Snake","Golden Idol","Du-Vu Doll","Boot","Blue Candle","Shovel","Lantern","Lizard Tail","FossilizedHelix","Ancient Tea Set","TwistedFunnel","Incense Burner","WristBlade","WingedGreaves","Dodecahedron","Dream Catcher"],"potions_floor_usage":[50,50],"damage_taken":[{"damage":0.0,"enemies":"Small Slimes","floor":1.0,"turns":7.0},{"damage":0.0,"enemies":"Jaw Worm","floor":3.0,"turns":5.0},{"damage":0.0,"enemies":"Cultist","floor":5.0,"turns":4.0},{"damage":30.0,"enemies":"Lagavulin","floor":6.0,"turns":8.0},{"damage":15.0,"enemies":"Gremlin Nob","floor":8.0,"turns":4.0},{"damage":22.0,"enemies":"3 Sentries","floor":10.0,"turns":6.0},{"damage":0.0,"enemies":"3 Louse","floor":12.0,"turns":3.0},{"damage":2.0,"enemies":"2 Fungi Beasts","floor":13.0,"turns":4.0},{"damage":17.0,"enemies":"The Guardian","floor":16.0,"turns":11.0},{"damage":0.0,"enemies":"3 Byrds","floor":18.0,"turns":2.0},{"damage":26.0,"enemies":"Chosen","floor":19.0,"turns":5.0},{"damage":18.0,"enemies":"Snake Plant","floor":22.0,"turns":3.0},{"damage":15.0,"enemies":"Centurion and Healer","floor":24.0,"turns":7.0},{"damage":8.0,"enemies":"Snecko","floor":28.0,"turns":4.0},{"damage":0.0,"enemies":"Cultist and Chosen","floor":30.0,"turns":4.0},{"damage":11.0,"enemies":"Sentry and Sphere","floor":31.0,"turns":5.0},{"damage":34.0,"enemies":"Collector","floor":33.0,"turns":8.0},{"damage":0.0,"enemies":"3 Darklings","floor":35.0,"turns":2.0},{"damage":0.0,"enemies":"3 Shapes","floor":38.0,"turns":4.0},{"damage":58.0,"enemies":"Giant Head","floor":40.0,"turns":8.0},{"damage":30.0,"enemies":"3 Darklings","floor":48.0,"turns":7.0},{"damage":117,"enemies":"Awakened One","floor":50,"turns":6}],"seed_played":"-7610419015535621084","potions_obtained":[{"floor":6.0,"key":"SkillPotion"},{"floor":12.0,"key":"Poison Potion"},{"floor":13.0,"key":"GhostInAJar"},{"floor":22.0,"key":"PowerPotion"},{"floor":33.0,"key":"Block Potion"},{"floor":38.0,"key":"LiquidBronze"}],"is_trial":false,"path_per_floor":["M","$","M","?","M","E","R","E","T","E","?","M","M","$","R","B",null,"M","M","?","?","M","R","M","R","T","$","M","R","M","M","R","B",null,"M","?","$","M","$","E","R","R","T","$","?","?","R","M","R","B"],"character_chosen":"THE_SILENT","items_purchased":["Accuracy","Accuracy","Corpse Explosion","Terror","TwistedFunnel","Footwork","Underhanded Strike","Caltrops","Panache","Deadly Poison"],"campfire_rested":7,"item_purchase_floors":[2,14,14,14,27,27,27,37,39,44],"current_hp_per_floor":[70,70,70,53,53,23,44,29,29,7,7,7,5,5,26,9,70,70,44,44,67,49,70,55,55,55,55,47,47,47,36,57,23,70,70,80,80,80,80,22,46,46,46,46,46,36,60,30,54,0],"gold":20,"neow_bonus":"REMOVE_CARD","is_prod":false,"is_daily":false,"chose_seed":false,"campfire_upgraded":0,"win_rate":0,"timestamp":1566772146,"path_taken":["M","$","M","?","M","E","R","E","T","E","?","?","M","$","R","BOSS","M","M","?","?","M","R","M","R","T","$","M","R","M","M","R","BOSS","M","?","$","M","$","E","R","R","T","?","?","?","R","?","R","BOSS"],"build_version":"2019-07-17","purchased_purges":0,"victory":false,"max_hp_per_floor":[70,70,70,70,70,70,70,70,70,70,70,70,70,70,70,70,70,70,70,70,70,70,70,70,70,70,70,70,70,70,70,70,70,70,70,80,80,80,80,80,80,80,80,80,80,80,80,80,80,80],"card_choices":[{"not_picked":["Prepared","Outmaneuver"],"picked":"Infinite Blades","floor":1.0},{"not_picked":["Well Laid Plans","Backstab"],"picked":"Poisoned Stab","floor":3.0},{"not_picked":["Backflip","Bouncing Flask"],"picked":"Flying Knee","floor":5.0},{"not_picked":["Choke","Dagger Spray"],"picked":"Poisoned Stab","floor":6.0},{"not_picked":["Dodge and Roll","Quick Slash"],"picked":"Poisoned Stab","floor":8.0},{"not_picked":["Dodge and Roll","Infinite Blades"],"picked":"After Image","floor":10.0},{"not_picked":["Dagger Spray","Flying Knee"],"picked":"Acrobatics","floor":12.0},{"not_picked":["Slice","PiercingWail"],"picked":"Dash","floor":13.0},{"not_picked":["Malaise","Storm of Steel"],"picked":"Bullet Time","floor":16.0},{"not_picked":["Calculated Gamble","Riddle With Holes"],"picked":"Deflect+1","floor":18.0},{"not_picked":["Finisher","Quick Slash"],"picked":"Backstab","floor":19.0},{"not_picked":["Slice","Poisoned Stab"],"picked":"Reflex+1","floor":22.0},{"not_picked":["Acrobatics+1","Deflect+1"],"picked":"Dagger Throw+1","floor":24.0},{"not_picked":["Acrobatics","Noxious Fumes+1"],"picked":"Infinite Blades","floor":28.0},{"not_picked":["Distraction","Expertise"],"picked":"Backstab","floor":30.0},{"not_picked":["Underhanded Strike","Dagger Spray","Sucker Punch"],"picked":"SKIP","floor":31.0},{"not_picked":["Die Die Die","Doppelganger"],"picked":"Burst","floor":33.0},{"not_picked":["Flying Knee+1","Slice+1"],"picked":"Poisoned Stab","floor":35.0},{"not_picked":["Dodge and Roll","Poisoned Stab+1"],"picked":"Blade Dance","floor":38.0},{"not_picked":["Terror+1","Burst"],"picked":"Finisher","floor":40.0},{"not_picked":["Underhanded Strike+1","Backflip"],"picked":"Adrenaline","floor":48.0},{"not_picked":["Acrobatics+1","Slice+1"],"picked":"Blade Dance","floor":49}],"player_experience":3047515,"relics_obtained":[{"floor":6.0,"key":"Du-Vu Doll"},{"floor":8.0,"key":"Boot"},{"floor":9.0,"key":"Blue Candle"},{"floor":10.0,"key":"Shovel"},{"floor":25.0,"key":"FossilizedHelix"},{"floor":26.0,"key":"Ancient Tea Set"},{"floor":29.0,"key":"Incense Burner"},{"floor":40.0,"key":"WingedGreaves"},{"floor":42.0,"key":"Dodecahedron"},{"floor":43.0,"key":"Dream Catcher"}],"event_choices":[{"damage_healed":0.0,"max_hp_gain":0.0,"max_hp_loss":0.0,"gold_gain":0.0,"event_name":"Golden Idol","player_choice":"Take Damage","floor":4.0,"gold_loss":0.0,"damage_taken":17.0,"relics_obtained":["Golden Idol"]},{"cards_removed":["Poisoned Stab"],"damage_healed":0.0,"max_hp_gain":0.0,"max_hp_loss":0.0,"gold_gain":0.0,"event_name":"WeMeetAgain","player_choice":"Gave Card","floor":11.0,"gold_loss":0.0,"damage_taken":0.0,"relics_obtained":["Lantern"]},{"damage_healed":0.0,"max_hp_gain":0.0,"max_hp_loss":0.0,"gold_gain":0.0,"event_name":"Back to Basics","player_choice":"Simplicity","floor":20.0,"gold_loss":0.0,"damage_taken":0.0,"cards_upgraded":["Strike_G","Strike_G","Strike_G","Strike_G","Defend_G","Defend_G","Defend_G","Defend_G","Defend_G"]},{"damage_healed":23.0,"max_hp_gain":0.0,"max_hp_loss":0.0,"gold_gain":0.0,"event_name":"The Library","player_choice":"Heal","floor":21.0,"gold_loss":0.0,"damage_taken":0.0},{"cards_removed":["After Image"],"damage_healed":0.0,"max_hp_gain":10.0,"max_hp_loss":0.0,"gold_gain":0.0,"event_name":"Bonfire Elementals","player_choice":"Offered Rare","floor":36.0,"gold_loss":0.0,"damage_taken":0.0},{"damage_healed":0.0,"max_hp_gain":0.0,"max_hp_loss":0.0,"gold_gain":0.0,"event_name":"Mysterious Sphere","player_choice":"Ignored","floor":45.0,"gold_loss":0.0,"damage_taken":0.0},{"damage_healed":0.0,"max_hp_gain":0.0,"max_hp_loss":0.0,"gold_gain":0.0,"event_name":"Winding Halls","player_choice":"Embrace Madness","floor":46.0,"gold_loss":0.0,"damage_taken":10.0,"cards_obtained":["Madness","Madness"]}],"is_beta":false,"boss_relics":[{"not_picked":["Empty Cage","Calling Bell"],"picked":"Lizard Tail"},{"not_picked":["Cursed Key","Philosopher\u0027s Stone"],"picked":"WristBlade"}],"items_purged_floors":[],"is_endless":false,"potions_floor_spawned":[6,12,13,22,24,33,38],"killed_by":"Awakened One","ascension_level":4}