{"path_per_floor":["M","?","M","M","M","R","?","R","T","M","R","M","E","M","R","B",null,"M","?","?","M","M","R","M","T","T","M","?","?","R","M","R","B",null,"M","?","$","?","?","R","M","R","T","M","$","M","M","?","R","B"],"character_chosen":"THE_SILENT","items_purchased":["Oddly Smooth Stone","Paper Crane","Backflip"],"gold_per_floor":[113,113,127,145,165,165,165,165,242,261,261,278,309,325,325,424,424,443,443,443,455,468,468,484,509,509,520,435,435,435,445,445,549,549,566,566,92,0,0,0,16,16,16,27,27,37,47,47,47,47],"floor_reached":51,"campfire_rested":0,"playtime":3417,"current_hp_per_floor":[70,70,70,70,70,70,56,56,56,55,55,49,45,45,45,25,70,70,70,70,70,67,67,67,67,67,67,67,70,70,70,70,63,70,70,70,70,70,70,70,70,70,70,70,70,68,59,59,59,59],"items_purged":["Strike_G"],"gold":47,"score":651,"play_id":"d1aa2739-240e-41ef-90a4-49d26c3e4d05","local_time":"20180520132735","is_prod":false,"is_daily":false,"chose_seed":false,"is_ascension_mode":false,"campfire_upgraded":10,"timestamp":1526848055,"campfire_choices":[{"data":"Survivor","floor":6,"key":"SMITH"},{"data":"Neutralize","floor":8,"key":"SMITH"},{"data":"Deflect","floor":11,"key":"SMITH"},{"data":"Noxious Fumes","floor":15,"key":"SMITH"},{"data":"Deadly Poison","floor":23,"key":"SMITH"},{"data":"Backflip","floor":30,"key":"SMITH"},{"data":"Sucker Punch","floor":32,"key":"SMITH"},{"data":"Backflip","floor":40,"key":"SMITH"},{"data":"Bouncing Flask","floor":42,"key":"SMITH"},{"data":"Dash","floor":49,"key":"SMITH"}],"path_taken":["M","?","?","M","M","R","?","R","T","M","R","M","E","M","R","BOSS","M","?","?","?","M","R","M","?","T","M","?","?","R","M","R","BOSS","M","?","$","?","?","R","M","R","T","?","?","M","M","?","R","BOSS"],"build_version":"2018-05-17","seed_source_timestamp":44655673594493,"purchased_purges":2,"victory":true,"master_deck":["Defend_G+1","Defend_G","Defend_G","Defend_G","Strike_G","Survivor+1","Neutralize+1","Poisoned Stab+1","Heel Hook","Sucker Punch+1","Deflect+1","Deadly Poison+1","Noxious Fumes+1","Dash+1","Escape Plan","Crippling Poison+1","Venomology+1","Backflip+1","Backflip+1","Bouncing Flask+1","Footwork+1","Finesse"],"max_hp_per_floor":[70,70,70,70,70,70,70,70,70,70,70,70,70,70,70,70,70,70,70,70,70,70,70,70,70,70,70,70,70,70,70,70,70,70,70,70,70,70,70,70,70,70,70,70,70,70,70,70,70,70],"relics":["Ring of the Snake","Smiling Mask","Bag of Preparation","Orrery","Lantern","Pantograph","Thread and Needle","Lizard Tail","Oddly Smooth Stone","Paper Crane","Red Mask","Matryoshka"],"card_choices":[{"not_picked":["Flying Knee","Dodge and Roll"],"picked":"Poisoned Stab","floor":1},{"not_picked":["Sucker Punch","Masterful Stab"],"picked":"Heel Hook","floor":3},{"not_picked":["Backstab","Sucker Punch","Eviscerate"],"picked":"SKIP","floor":4},{"not_picked":["Backstab","Eviscerate"],"picked":"Sucker Punch","floor":4},{"not_picked":["PiercingWail","Sucker Punch"],"picked":"Deflect","floor":5},{"not_picked":["Calculated Gamble","Finisher","Slice"],"picked":"SKIP","floor":10},{"not_picked":["PiercingWail","Flying Knee"],"picked":"Deadly Poison","floor":12},{"not_picked":["Bullet Time","Infinite Blades"],"picked":"Noxious Fumes","floor":13},{"not_picked":["All Out Attack","Riddle With Holes","Quick Slash"],"picked":"SKIP","floor":14},{"not_picked":["Deflect","Deadly Poison"],"picked":"Dash","floor":17},{"not_picked":["Sucker Punch","Flying Knee"],"picked":"Escape Plan","floor":17},{"not_picked":["Setup+1","Quick Slash"],"picked":"Crippling Poison+1","floor":18},{"not_picked":["Deflect","Bane","Poisoned Stab"],"picked":"SKIP","floor":21},{"not_picked":["Deadly Poison+1","Crippling Poison","Slice"],"picked":"SKIP","floor":22},{"not_picked":["Deflect","Eviscerate+1","Outmaneuver"],"picked":"SKIP","floor":24},{"not_picked":["Underhanded Strike","Dagger Spray"],"picked":"Backflip","floor":27},{"not_picked":["Sucker Punch","Poisoned Stab","Predator"],"picked":"SKIP","floor":31},{"not_picked":["Setup+1","Poisoned Stab+1","Sucker Punch"],"picked":"SKIP","floor":35},{"not_picked":["Deadly Poison+1","Deflect+1"],"picked":"Bouncing Flask","floor":41},{"not_picked":["Prepared+1","Backflip+1","Caltrops+1"],"picked":"SKIP","floor":44},{"not_picked":["Eviscerate","Masterful Stab+1","Poisoned Stab"],"picked":"SKIP","floor":46},{"not_picked":["Skewer","Cloak And Dagger+1"],"picked":"Footwork+1","floor":47},{"not_picked":["Enlightenment","Blind"],"picked":"Finesse","floor":48}],"player_experience":248585,"potions_floor_usage":[18,21,22,24,27,27,31,31,33,33,35,41,41,44,44,47,50,50],"damage_taken":[{"damage":0,"enemies":"Cultist","floor":1,"turns":4},{"damage":0,"enemies":"Small Slimes","floor":3,"turns":3},{"damage":0,"enemies":"Jaw Worm","floor":4,"turns":6},{"damage":0,"enemies":"Large Slime","floor":5,"turns":6},{"damage":1,"enemies":"2 Fungi Beasts","floor":10,"turns":3},{"damage":6,"enemies":"Gremlin Gang","floor":12,"turns":6},{"damage":4,"enemies":"Lagavulin","floor":13,"turns":7},{"damage":0,"enemies":"3 Louse","floor":14,"turns":3},{"damage":20,"enemies":"The Guardian","floor":16,"turns":9},{"damage":0,"enemies":"Chosen","floor":18,"turns":6},{"damage":0,"enemies":"3 Byrds","floor":21,"turns":2},{"damage":3,"enemies":"Centurion and Healer","floor":22,"turns":6},{"damage":0,"enemies":"Snake Plant","floor":24,"turns":6},{"damage":0,"enemies":"Cultist and Chosen","floor":27,"turns":5},{"damage":0,"enemies":"Centurion and Healer","floor":31,"turns":5},{"damage":7,"enemies":"Champ","floor":33,"turns":13},{"damage":0,"enemies":"Orb Walker","floor":35,"turns":5},{"damage":0,"enemies":"3 Darklings","floor":41,"turns":3},{"damage":0,"enemies":"4 Shapes","floor":44,"turns":3},{"damage":2,"enemies":"Maw","floor":46,"turns":7},{"damage":9,"enemies":"Sphere and 2 Shapes","floor":47,"turns":5},{"damage":11,"enemies":"Time Eater","floor":50,"turns":15}],"relics_obtained":[{"floor":9,"key":"Smiling Mask"},{"floor":13,"key":"Bag of Preparation"},{"floor":25,"key":"Lantern"},{"floor":26,"key":"Pantograph"},{"floor":43,"key":"Matryoshka"}],"event_choices":[{"event_name":"Bonfire Elementals","player_choice":"BASIC","floor":2,"damage_taken":0},{"event_name":"Shining Light","player_choice":"Entered Light","floor":7,"damage_taken":0},{"event_name":"Transmorgrifier","player_choice":"Transform","floor":19,"damage_taken":0},{"event_name":"Upgrade Shrine","player_choice":"Upgraded","floor":20,"damage_taken":0},{"event_name":"Addict","player_choice":"Obtained Relic","floor":28,"damage_taken":0},{"event_name":"Wheel of Change","player_choice":"Full Heal","floor":29,"damage_taken":0},{"event_name":"Tomb of Lord Red Mask","player_choice":"Paid","floor":38,"damage_taken":0},{"event_name":"Mysterious Sphere","player_choice":"Ignore","floor":39,"damage_taken":0},{"event_name":"SensoryStone","player_choice":"Memory 1","floor":48,"damage_taken":0}],"boss_relics":[{"not_picked":["Runic Pyramid","Ectoplasm"],"picked":"Orrery"},{"not_picked":["Snecko Eye","Astrolabe"],"picked":"Lizard Tail"}],"potions_floor_spawned":[3,5,12,14,24,27,31,33,35,41],"seed_played":"-5223831683274783258","ascension_level":0,"potions_obtained":[{"floor":3,"key":"Energy Potion"},{"floor":5,"key":"Energy Potion"},{"floor":12,"key":"LiquidBronze"},{"floor":14,"key":"EssenceOfSteel"},{"floor":24,"key":"Block Potion"},{"floor":27,"key":"Explosive Potion"},{"floor":31,"key":"Strength Potion"},{"floor":33,"key":"SpeedPotion"},{"floor":41,"key":"PowerPotion"}],"is_trial":false}