{"gold_per_floor":[118,132,143,162,173,198,198,198,275,292,49,59,59],"floor_reached":13,"playtime":419,"items_purged":[],"score":98,"play_id":"c943c8bc-4d21-46fa-a66e-0047c7258adf","local_time":"20190627184610","is_ascension_mode":true,"campfire_choices":[{"floor":7,"key":"REST"}],"neow_cost":"NONE","seed_source_timestamp":1268821864957698,"circlet_count":0,"master_deck":["Strike_B","Strike_B","Strike_B","Defend_B","Defend_B","Defend_B","Defend_B","Zap","Dualcast+1","Go for the Eyes","Reprogram","Stack","Ball Lightning","FTL","Creative AI","Conserve Battery"],"relics":["Cracked Core","Singing Bowl","Symbiotic Virus"],"potions_floor_usage":[13],"damage_taken":[{"damage":1,"enemies":"Cultist","floor":1,"turns":3},{"damage":12,"enemies":"Small Slimes","floor":2,"turns":3},{"damage":0,"enemies":"2 Louse","floor":3,"turns":2},{"damage":5,"enemies":"2 Fungi Beasts","floor":4,"turns":3},{"damage":8,"enemies":"Blue Slaver","floor":5,"turns":2},{"damage":45,"enemies":"Lagavulin","floor":6,"turns":6},{"damage":14,"enemies":"Looter","floor":10,"turns":4},{"damage":9,"enemies":"3 Louse","floor":12,"turns":3},{"damage":9,"enemies":"3 Sentries","floor":13,"turns":1}],"seed_played":"-5312989635459078803","potions_obtained":[{"floor":5,"key":"SteroidPotion"},{"floor":6,"key":"GamblersBrew"},{"floor":12,"key":"Explosive Potion"}],"is_trial":false,"path_per_floor":["M","M","M","M","M","E","R","?","T","M","$","M","E"],"character_chosen":"DEFECT","items_purchased":["Symbiotic Virus"],"campfire_rested":1,"item_purchase_floors":[11],"current_hp_per_floor":[74,62,62,57,49,4,26,26,26,14,14,5,0],"gold":59,"neow_bonus":"UPGRADE_CARD","is_prod":false,"is_daily":false,"chose_seed":false,"campfire_upgraded":0,"win_rate":0,"timestamp":1561675570,"path_taken":["M","M","?","M","M","E","R","?","T","M","$","?","E"],"build_version":"2019-01-23","purchased_purges":0,"victory":false,"max_hp_per_floor":[75,75,75,75,75,75,75,75,75,77,77,77,77],"card_choices":[{"not_picked":["Turbo","Hologram"],"picked":"Go for the Eyes","floor":1},{"not_picked":["Turbo","Leap"],"picked":"Reprogram","floor":2},{"not_picked":["Skim","Coolheaded"],"picked":"Stack","floor":3},{"not_picked":["Turbo","Self Repair"],"picked":"Ball Lightning","floor":4},{"not_picked":["Ball Lightning","Steam"],"picked":"FTL","floor":5},{"not_picked":["Buffer","Coolheaded"],"picked":"Creative AI","floor":6},{"not_picked":["Go for the Eyes","Turbo","Hologram"],"picked":"Singing Bowl","floor":10},{"not_picked":["Barrage","Heatsinks"],"picked":"Conserve Battery","floor":12}],"player_experience":250227,"relics_obtained":[{"floor":6,"key":"Singing Bowl"}],"event_choices":[{"cards_removed":["Strike_B"],"damage_healed":0,"gold_gain":0,"player_choice":"Offered Basic","damage_taken":0,"max_hp_gain":0,"max_hp_loss":0,"event_name":"Bonfire Elementals","floor":8,"gold_loss":0}],"is_beta":false,"boss_relics":[],"items_purged_floors":[],"is_endless":false,"potions_floor_spawned":[5,6,12],"killed_by":"3 Sentries","ascension_level":2}