{"gold_per_floor":[117,117,133,152,171,171,204,234,305,336,336,372,36,59,59,187,187,203,203,103,118,118,118,118],"floor_reached":24,"playtime":1353,"items_purged":["Strike_R","Shame"],"score":257,"play_id":"10181294-50f3-49fc-a7c8-4b2f48f9f05a","local_time":"20190909091914","is_ascension_mode":true,"campfire_choices":[{"data":"Demon Form","floor":6,"key":"SMITH"},{"data":"Clothesline","floor":15,"key":"SMITH"},{"floor":23,"key":"REST"}],"neow_cost":"NONE","seed_source_timestamp":484412751983700,"circlet_count":0,"master_deck":["Strike_R","Strike_R","Strike_R","Defend_R","Defend_R","Defend_R","Defend_R","Bash","Wild Strike","Flame Barrier","Anger","Demon Form+1","Rampage","Clothesline+1","Double Tap","Pain","Regret","Evolve"],"relics":["Burning Blood","PreservedInsect","Golden Idol","Ginger","Boot","Letter Opener","Potion Belt","Regal Pillow","Matryoshka","Calling Bell","Pen Nib","Kunai","Bird Faced Urn"],"potions_floor_usage":[7,7,16,18,24],"damage_taken":[{"damage":3,"enemies":"2 Louse","floor":1,"turns":2},{"damage":6,"enemies":"Small Slimes","floor":3,"turns":4},{"damage":2,"enemies":"Jaw Worm","floor":4,"turns":3},{"damage":6,"enemies":"Looter","floor":5,"turns":2},{"damage":15,"enemies":"3 Sentries","floor":7,"turns":5},{"damage":23,"enemies":"Lagavulin","floor":10,"turns":6},{"damage":21,"enemies":"Gremlin Nob","floor":12,"turns":4},{"damage":5,"enemies":"2 Fungi Beasts","floor":14,"turns":3},{"damage":24,"enemies":"The Guardian","floor":16,"turns":7},{"damage":44,"enemies":"2 Thieves","floor":18,"turns":5},{"damage":18,"enemies":"Chosen","floor":21,"turns":5},{"damage":67,"enemies":"Slavers","floor":24,"turns":5}],"seed_played":"-6911379435600314278","potions_obtained":[{"floor":4,"key":"Fire Potion"},{"floor":5,"key":"GamblersBrew"},{"floor":12,"key":"SkillPotion"},{"floor":14,"key":"Ancient Potion"},{"floor":16,"key":"Weak Potion"},{"floor":18,"key":"LiquidBronze"}],"is_trial":false,"path_per_floor":["M","?","M","M","M","R","E","?","T","E","?","E","$","M","R","B",null,"M","?","$","M","$","R","E"],"character_chosen":"IRONCLAD","items_purchased":["Matryoshka"],"campfire_rested":1,"item_purchase_floors":[13],"current_hp_per_floor":[80,74,74,74,74,74,65,65,65,48,48,33,33,34,34,16,74,36,36,36,28,28,65,0],"gold":118,"neow_bonus":"RANDOM_COMMON_RELIC","is_prod":false,"is_daily":false,"chose_seed":false,"campfire_upgraded":2,"win_rate":0,"timestamp":1568038754,"path_taken":["M","?","M","M","M","R","E","?","T","E","?","E","$","M","R","BOSS","M","?","$","M","$","R","E"],"build_version":"2019-08-26","purchased_purges":2,"victory":false,"max_hp_per_floor":[80,74,74,74,74,74,74,74,74,74,74,74,74,74,74,74,74,74,74,74,74,74,74,74],"card_choices":[{"not_picked":["Blood for Blood","Entrench"],"picked":"Wild Strike","floor":1},{"not_picked":["Headbutt","Cleave"],"picked":"Flame Barrier","floor":3},{"not_picked":["Heavy Blade","Wild Strike"],"picked":"Anger","floor":4},{"not_picked":["Iron Wave","Thunderclap"],"picked":"Demon Form","floor":5},{"not_picked":["Warcry","Iron Wave"],"picked":"Rampage","floor":7},{"not_picked":["Power Through","Feel No Pain","Shockwave"],"picked":"SKIP","floor":10},{"not_picked":["Havoc","Second Wind","Wild Strike"],"picked":"SKIP","floor":12},{"not_picked":["Power Through","Cleave"],"picked":"Clothesline","floor":14},{"not_picked":["Bludgeon","Dark Embrace"],"picked":"Double Tap","floor":16},{"not_picked":["Sword Boomerang","Anger"],"picked":"Evolve","floor":18},{"not_picked":["Perfected Strike","Flex","Pommel Strike"],"picked":"SKIP","floor":21}],"player_experience":226668,"relics_obtained":[{"floor":7,"key":"Ginger"},{"floor":9,"key":"Letter Opener"},{"floor":10,"key":"Potion Belt"},{"floor":12,"key":"Regal Pillow"},{"floor":17,"key":"Pen Nib"},{"floor":17,"key":"Kunai"},{"floor":17,"key":"Bird Faced Urn"}],"event_choices":[{"damage_healed":0,"gold_gain":0,"player_choice":"Lose Max HP","damage_taken":0,"relics_obtained":["Golden Idol"],"max_hp_gain":0,"max_hp_loss":6,"event_name":"Golden Idol","floor":2,"gold_loss":0},{"damage_healed":0,"gold_gain":30,"player_choice":"Searched \u00272\u0027 times","damage_taken":0,"relics_obtained":["Boot"],"max_hp_gain":0,"max_hp_loss":0,"event_name":"Dead Adventurer","floor":8,"gold_loss":0},{"cards_removed":["Strike_R"],"damage_healed":0,"gold_gain":0,"player_choice":"Forget","damage_taken":0,"max_hp_gain":0,"max_hp_loss":0,"event_name":"Living Wall","floor":11,"gold_loss":0},{"damage_healed":0,"gold_gain":0,"player_choice":"Ignored","damage_taken":0,"max_hp_gain":0,"max_hp_loss":0,"event_name":"Vampires","floor":19,"gold_loss":0}],"is_beta":true,"boss_relics":[{"not_picked":["Coffee Dripper","Runic Pyramid"],"picked":"Calling Bell"}],"items_purged_floors":[13,20],"is_endless":false,"potions_floor_spawned":[4,5,12,14,16,18],"killed_by":"Slavers","ascension_level":4}