{"gold_per_floor":[111,126,126,137,137,137,62,80,153,153,167,167,192,142,142,142],"floor_reached":16,"playtime":825,"items_purged":["Strike_P"],"score":115,"play_id":"02edca3b-21c2-4796-974d-a55cdd9d2bf9","local_time":"20190928144600","is_ascension_mode":true,"campfire_choices":[{"data":"ThirdEye","floor":6,"key":"SMITH"},{"data":"JustLucky","floor":10,"key":"SMITH"},{"floor":12,"key":"REST"},{"data":"EmptyFist","floor":15,"key":"SMITH"}],"neow_cost":"NONE","seed_source_timestamp":106087772352400,"circlet_count":0,"master_deck":["Strike_P","Strike_P","Strike_P","Defend_P","Defend_P","Defend_P","Eruption+1","Vigilance","ThirdEye+1","EmptyBody","JustLucky+1","EmptyFist+1","Protect"],"relics":["PureWater","NeowsBlessing","Letter Opener","Ancient Tea Set"],"potions_floor_usage":[8],"damage_taken":[{"damage":0,"enemies":"2 Louse","floor":1,"turns":1},{"damage":0,"enemies":"Cultist","floor":2,"turns":1},{"damage":0,"enemies":"Small Slimes","floor":4,"turns":2},{"damage":32,"enemies":"Gremlin Gang","floor":8,"turns":7},{"damage":1,"enemies":"Blue Slaver","floor":11,"turns":3},{"damage":20,"enemies":"Gremlin Nob","floor":13,"turns":5},{"damage":47,"enemies":"Hexaghost","floor":16,"turns":15}],"seed_played":"-2796319918187292202","potions_obtained":[{"floor":2,"key":"Fire Potion"},{"floor":8,"key":"Regen Potion"},{"floor":13,"key":"Fire Potion"}],"is_trial":false,"path_per_floor":["M","M","?","M","?","R","$","M","T","R","M","R","E","?","R","B"],"character_chosen":"WATCHER","items_purchased":[],"campfire_rested":1,"item_purchase_floors":[],"current_hp_per_floor":[72,72,72,72,72,72,72,40,40,40,39,60,40,40,40,0],"gold":142,"neow_bonus":"THREE_ENEMY_KILL","is_prod":false,"is_daily":false,"chose_seed":false,"campfire_upgraded":3,"win_rate":0,"timestamp":1569699960,"path_taken":["M","M","?","?","?","R","$","M","T","R","M","R","E","?","R","BOSS"],"build_version":"2019-09-27","purchased_purges":1,"victory":false,"max_hp_per_floor":[72,72,72,72,72,72,72,72,72,72,72,72,72,72,72,72],"card_choices":[{"not_picked":["SandsOfTime","SashWhip"],"picked":"ThirdEye","floor":1},{"not_picked":["Meditate","FollowUp"],"picked":"EmptyBody","floor":2},{"not_picked":["Weave","Evaluate"],"picked":"JustLucky","floor":4},{"not_picked":["ClearTheMind","JustLucky"],"picked":"EmptyFist","floor":8},{"not_picked":["Crescendo","CarveReality"],"picked":"Protect","floor":11},{"not_picked":["ThirdEye","FollowUp","JustLucky"],"picked":"SKIP","floor":13}],"player_experience":334645,"relics_obtained":[{"floor":9,"key":"Letter Opener"},{"floor":13,"key":"Ancient Tea Set"}],"event_choices":[{"damage_healed":0,"gold_gain":0,"player_choice":"Bought 0 Potions","damage_taken":0,"max_hp_gain":0,"max_hp_loss":0,"event_name":"The Woman in Blue","floor":3,"gold_loss":0},{"damage_healed":0,"gold_gain":0,"player_choice":"Grow","damage_taken":0,"max_hp_gain":0,"max_hp_loss":0,"event_name":"Living Wall","floor":5,"gold_loss":0,"cards_upgraded":["Eruption"]},{"cards_removed":["Defend_P"],"damage_healed":0,"gold_gain":0,"player_choice":"Card Removal","damage_taken":0,"max_hp_gain":0,"max_hp_loss":0,"event_name":"The Cleric","floor":14,"gold_loss":50}],"is_beta":true,"boss_relics":[],"items_purged_floors":[7],"is_endless":false,"potions_floor_spawned":[2,8,13],"killed_by":"Hexaghost","ascension_level":3}