{"gold_per_floor":[111,121,121,140,151,151],"floor_reached":6,"playtime":534,"items_purged":[],"score":46,"play_id":"9d4f8d10-a5a2-4a05-adff-36f03a2e09a7","local_time":"20190702233933","is_ascension_mode":true,"campfire_choices":[],"neow_cost":"CURSE","seed_source_timestamp":1718299567098408,"circlet_count":0,"master_deck":["Strike_R","Strike_R","Strike_R","Strike_R","Strike_R","Defend_R","Defend_R","Defend_R","Defend_R","Bash","Clumsy","Entrench","Carnage","Corruption","Limit Break","Armaments","Seeing Red"],"relics":["Burning Blood","Prayer Wheel"],"potions_floor_usage":[6,6],"damage_taken":[{"damage":7,"enemies":"Jaw Worm","floor":1,"turns":5},{"damage":3,"enemies":"Small Slimes","floor":2,"turns":3},{"damage":7,"enemies":"2 Louse","floor":4,"turns":2},{"damage":21,"enemies":"Large Slime","floor":5,"turns":5},{"damage":87,"enemies":"Gremlin Nob","floor":6,"turns":7}],"seed_played":"-1124382545438805619","potions_obtained":[{"floor":2,"key":"Regen Potion"},{"floor":4,"key":"Block Potion"}],"is_trial":false,"path_per_floor":["M","M","?","M","M","E"],"character_chosen":"IRONCLAD","items_purchased":[],"campfire_rested":0,"item_purchase_floors":[],"current_hp_per_floor":[79,80,85,84,69,0],"gold":151,"neow_bonus":"ONE_RARE_RELIC","is_prod":false,"is_daily":false,"chose_seed":false,"campfire_upgraded":0,"win_rate":0,"timestamp":1562125173,"path_taken":["M","M","?","M","M","E"],"build_version":"2019-07-01","purchased_purges":0,"victory":false,"max_hp_per_floor":[80,80,85,85,85,85],"card_choices":[{"not_picked":["Seeing Red","True Grit"],"picked":"Entrench","floor":1},{"not_picked":["Hemokinesis","Heavy Blade","Carnage"],"picked":"SKIP","floor":1},{"not_picked":["Hemokinesis","Heavy Blade"],"picked":"Carnage","floor":1},{"not_picked":["Perfected Strike","Thunderclap"],"picked":"Corruption","floor":2},{"not_picked":["Twin Strike","Flex","Sword Boomerang"],"picked":"SKIP","floor":2},{"not_picked":["True Grit","Heavy Blade"],"picked":"Limit Break","floor":4},{"not_picked":["Dual Wield","Heavy Blade","Iron Wave"],"picked":"SKIP","floor":4},{"not_picked":["Anger","Twin Strike"],"picked":"Armaments","floor":5},{"not_picked":["Sword Boomerang","Shrug It Off"],"picked":"Seeing Red","floor":5}],"player_experience":336983,"relics_obtained":[],"event_choices":[{"damage_healed":0,"gold_gain":0,"player_choice":"Donut","damage_taken":0,"max_hp_gain":5,"max_hp_loss":0,"event_name":"Big Fish","floor":3,"gold_loss":0}],"is_beta":false,"boss_relics":[],"items_purged_floors":[],"is_endless":false,"potions_floor_spawned":[2,4],"killed_by":"Gremlin Nob","ascension_level":4}