{"gold_per_floor":[118,118,2,2,12,42,4,33,57,21,38,64,78,91,91,195,195,210,228,228,246,261,261,261],"floor_reached":24,"playtime":2472,"items_purged":[],"score":292,"play_id":"3c2b98dd-2da8-4295-b320-0c80b0b92e11","local_time":"20190825142711","is_ascension_mode":true,"campfire_choices":[{"floor":15.0,"key":"REST"},{"floor":23,"key":"REST"}],"neow_cost":"NONE","seed_source_timestamp":337505851817860,"circlet_count":0,"master_deck":["Strike_G","Strike_G","Strike_G+1","Strike_G+1","Strike_G","Defend_G","Defend_G","Defend_G","Defend_G","Defend_G","Survivor+1","Neutralize+1","Deflect","Blade Dance+1","Bouncing Flask","Burst","Heel Hook","Predator","Accuracy","Infinite Blades","Prepared","Footwork","Corpse Explosion","Deadly Poison","Infinite Blades","Corpse Explosion","Outmaneuver+1"],"special_seed":0,"relics":["Ring of the Snake","NeowsBlessing","War Paint","Tingsha","Whetstone","Regal Pillow","Molten Egg 2","Philosopher\u0027s Stone"],"potions_floor_usage":[],"damage_taken":[{"damage":0.0,"enemies":"Small Slimes","floor":1.0,"turns":1.0},{"damage":0.0,"enemies":"Cultist","floor":5.0,"turns":1.0},{"damage":0.0,"enemies":"3 Sentries","floor":6.0,"turns":1.0},{"damage":19.0,"enemies":"Lagavulin","floor":8.0,"turns":6.0},{"damage":0.0,"enemies":"Jaw Worm","floor":11.0,"turns":3.0},{"damage":22.0,"enemies":"3 Sentries","floor":12.0,"turns":7.0},{"damage":0.0,"enemies":"Exordium Wildlife","floor":13.0,"turns":3.0},{"damage":0.0,"enemies":"Gremlin Gang","floor":14.0,"turns":3.0},{"damage":30.0,"enemies":"The Guardian","floor":16.0,"turns":12.0},{"damage":36.0,"enemies":"Spheric Guardian","floor":18.0,"turns":6.0},{"damage":9,"enemies":"3 Byrds","floor":19,"turns":2},{"damage":37,"enemies":"Snake Plant","floor":21,"turns":4},{"damage":27,"enemies":"Cultist and Chosen","floor":22,"turns":5},{"damage":49,"enemies":"Slavers","floor":24,"turns":2}],"seed_played":"-3291815552288563856","potions_obtained":[{"floor":8.0,"key":"Fire Potion"},{"floor":11.0,"key":"Energy Potion"},{"floor":13.0,"key":"Fire Potion"},{"floor":16.0,"key":"GamblersBrew"},{"floor":18.0,"key":"Ancient Potion"}],"is_trial":false,"path_per_floor":["M","?","$","?","M","E","$","E","T","$","M","E","M","M","R","B",null,"M","M","?","M","M","R","E"],"character_chosen":"THE_SILENT","items_purchased":["Infinite Blades","Blade Dance","Heel Hook","Accuracy"],"campfire_rested":2,"item_purchase_floors":[3,3,7,10],"current_hp_per_floor":[70,70,70,70,70,70,70,51,51,51,51,29,29,29,65,35,70,34,25,70,33,6,42,0],"gold":261,"neow_bonus":"THREE_ENEMY_KILL","is_prod":false,"is_daily":false,"chose_seed":false,"campfire_upgraded":0,"win_rate":0,"timestamp":1566768431,"path_taken":["M","?","?","?","M","E","$","E","T","$","M","E","M","M","R","BOSS","M","?","?","M","?","R","E"],"build_version":"2019-07-17","purchased_purges":0,"victory":false,"max_hp_per_floor":[70,70,70,70,70,70,70,70,70,70,70,70,70,70,70,70,70,70,70,70,70,70,70,70],"card_choices":[{"not_picked":["Bane","Dodge and Roll"],"picked":"Deflect","floor":1.0},{"not_picked":["Escape Plan","Leg Sweep"],"picked":"Bouncing Flask","floor":5.0},{"not_picked":["Dodge and Roll","All Out Attack"],"picked":"Burst","floor":6.0},{"not_picked":["Dagger Spray","Calculated Gamble"],"picked":"Predator","floor":8.0},{"not_picked":["Sucker Punch","Deflect"],"picked":"Infinite Blades","floor":11.0},{"not_picked":["PiercingWail","Calculated Gamble"],"picked":"Prepared","floor":12.0},{"not_picked":["Infinite Blades","Acrobatics"],"picked":"Footwork","floor":13.0},{"not_picked":["Quick Slash+1","Deflect"],"picked":"Choke+1","floor":14.0},{"not_picked":["Burst","Adrenaline"],"picked":"Corpse Explosion","floor":16.0},{"not_picked":["Dash+1","PiercingWail"],"picked":"Deadly Poison","floor":18.0},{"not_picked":["Dagger Throw+1","Footwork+1"],"picked":"Infinite Blades","floor":19},{"not_picked":["Deadly Poison","PiercingWail"],"picked":"Corpse Explosion","floor":21},{"not_picked":["Skewer+1","Acrobatics"],"picked":"Outmaneuver+1","floor":22}],"player_experience":3045043,"relics_obtained":[{"floor":6.0,"key":"Tingsha"},{"floor":8.0,"key":"Whetstone"},{"floor":9.0,"key":"Regal Pillow"},{"floor":12.0,"key":"Molten Egg 2"}],"event_choices":[{"damage_healed":0.0,"max_hp_gain":0.0,"max_hp_loss":0.0,"gold_gain":0.0,"event_name":"Upgrade Shrine","player_choice":"Upgraded","floor":2.0,"gold_loss":0.0,"damage_taken":0.0,"cards_upgraded":["Neutralize"]},{"cards_removed":["Infinite Blades"],"damage_healed":0.0,"max_hp_gain":0.0,"max_hp_loss":0.0,"gold_gain":0.0,"event_name":"WeMeetAgain","player_choice":"Gave Card","floor":4.0,"gold_loss":0.0,"damage_taken":0.0,"relics_obtained":["War Paint"]},{"cards_removed":["Choke"],"damage_healed":45,"gold_gain":0,"player_choice":"Offered Uncommon","damage_taken":0,"max_hp_gain":0,"max_hp_loss":0,"event_name":"Bonfire Elementals","floor":20,"gold_loss":0}],"is_beta":false,"boss_relics":[{"not_picked":["Ectoplasm","Tiny House"],"picked":"Philosopher\u0027s Stone"}],"items_purged_floors":[],"is_endless":false,"potions_floor_spawned":[8,11,13,16,18],"killed_by":"Slavers","ascension_level":4}