{"gold_per_floor":[113,125,125,145,155,180,192,192,192,192,123,153,172,204,204,302,302,321,337,94,110,122,153,153,153,153,184,184,196,41,58,58,154,154,173,193,211,141,160,185,185,185,255,23,39,39,67,99,111,123,135,147,6,33,33],"floor_reached":55,"playtime":3555,"items_purged":[],"score":828,"play_id":"9b0e9072-7e60-4841-b46d-69031d059b2a","local_time":"20190627142333","is_ascension_mode":true,"campfire_choices":[{"floor":8,"key":"RECALL"},{"floor":10,"key":"REST"},{"data":"Demon Form","floor":15,"key":"SMITH"},{"floor":24,"key":"REST"},{"floor":32,"key":"REST"},{"floor":42,"key":"REST"},{"floor":46,"key":"REST"},{"data":"Limit Break","floor":49,"key":"SMITH"},{"data":"Shockwave","floor":52,"key":"SMITH"}],"neow_cost":"NONE","seed_source_timestamp":1249927201296932,"circlet_count":0,"master_deck":["Strike_R","Strike_R","Strike_R","Strike_R","Strike_R","Defend_R","Defend_R","Defend_R","Bash","Inflame","Perfected Strike","Shockwave+1","Demon Form+1","Dropkick","Perfected Strike","Fiend Fire+1","Limit Break+1","Perfected Strike+1","Uppercut+1","Perfected Strike+1","Cleave+1","Spot Weakness","Inflame+1","Perfected Strike+1","Blood for Blood+1","Berserk","Inflame","Berserk+1","Sentinel+1","Inflame+1"],"relics":["Burning Blood","Bag of Preparation","Gremlin Horn","Champion Belt","Molten Egg 2","Sozu","Paper Frog","Lantern","MutagenicStrength","Mercury Hourglass","Du-Vu Doll","Dream Catcher","Runic Pyramid","Sundial","Frozen Egg 2","Bag of Marbles","MawBank","Centennial Puzzle","Pantograph"],"potions_floor_usage":[5,16,16],"damage_taken":[{"damage":9,"enemies":"Small Slimes","floor":1,"turns":3},{"damage":5,"enemies":"Cultist","floor":2,"turns":4},{"damage":7,"enemies":"2 Louse","floor":4,"turns":2},{"damage":6,"enemies":"Gremlin Gang","floor":5,"turns":3},{"damage":36,"enemies":"Lagavulin","floor":6,"turns":6},{"damage":14,"enemies":"2 Fungi Beasts","floor":7,"turns":3},{"damage":25,"enemies":"Gremlin Nob","floor":12,"turns":4},{"damage":0,"enemies":"Lots of Slimes","floor":13,"turns":4},{"damage":18,"enemies":"Lagavulin","floor":14,"turns":5},{"damage":24,"enemies":"Hexaghost","floor":16,"turns":6},{"damage":10,"enemies":"Chosen","floor":18,"turns":4},{"damage":17,"enemies":"2 Thieves","floor":19,"turns":3},{"damage":12,"enemies":"Centurion and Healer","floor":21,"turns":3},{"damage":10,"enemies":"Chosen and Byrds","floor":22,"turns":4},{"damage":18,"enemies":"Gremlin Leader","floor":23,"turns":4},{"damage":7,"enemies":"Slavers","floor":27,"turns":2},{"damage":36,"enemies":"Shelled Parasite and Fungi","floor":29,"turns":3},{"damage":10,"enemies":"Sentry and Sphere","floor":31,"turns":3},{"damage":54,"enemies":"Champ","floor":33,"turns":6},{"damage":18,"enemies":"3 Darklings","floor":35,"turns":2},{"damage":10,"enemies":"Orb Walker","floor":36,"turns":2},{"damage":10,"enemies":"Jaw Worm Horde","floor":37,"turns":2},{"damage":18,"enemies":"Maw","floor":39,"turns":4},{"damage":28,"enemies":"Giant Head","floor":40,"turns":5},{"damage":15,"enemies":"4 Shapes","floor":45,"turns":2},{"damage":22,"enemies":"Nemesis","floor":47,"turns":3},{"damage":7,"enemies":"Sphere and 2 Shapes","floor":48,"turns":3},{"damage":45,"enemies":"Donu and Deca","floor":50,"turns":4},{"damage":74,"enemies":"Shield and Spear","floor":54,"turns":4},{"damage":38,"enemies":"The Heart","floor":55,"turns":2}],"seed_played":"-1840295231733226927","potions_obtained":[{"floor":2,"key":"Explosive Potion"},{"floor":7,"key":"LiquidBronze"},{"floor":13,"key":"EssenceOfSteel"}],"is_trial":false,"path_per_floor":["M","M","?","M","M","E","M","R","T","R","$","E","M","E","R","B",null,"M","M","$","M","M","E","R","?","T","E","?","M","$","M","R","B",null,"M","M","M","$","M","E","$","R","T","$","M","R","E","M","R","B",null,"R","$","E","B"],"character_chosen":"IRONCLAD","items_purchased":["Dropkick","Paper Frog","Dream Catcher","Berserk","Bag of Marbles","Berserk+1","Centennial Puzzle"],"campfire_rested":5,"item_purchase_floors":[11,20,30,38,44,44,53],"current_hp_per_floor":[77,78,78,77,77,47,39,39,39,63,63,44,50,38,38,20,80,76,65,65,59,55,43,67,67,67,66,66,36,36,32,56,8,80,68,64,60,60,48,26,26,50,50,50,41,65,49,48,48,9,80,80,80,12,0],"gold":33,"neow_bonus":"RANDOM_COMMON_RELIC","is_prod":false,"is_daily":false,"chose_seed":false,"campfire_upgraded":3,"win_rate":0,"timestamp":1561659813,"path_taken":["M","M","?","M","M","E","M","R","T","R","$","E","?","E","R","BOSS","M","M","$","M","?","E","R","?","T","E","?","?","$","M","R","BOSS","M","M","M","$","M","E","$","R","T","$","M","R","E","M","R","BOSS","R","$","E","BOSS"],"build_version":"2019-01-23","purchased_purges":0,"victory":false,"max_hp_per_floor":[80,80,80,80,80,80,80,80,80,80,80,80,80,80,80,80,80,80,80,80,80,80,80,80,80,80,80,80,80,80,80,80,80,80,80,80,80,80,80,80,80,80,80,80,80,80,80,80,80,80,80,80,80,80,80],"card_choices":[{"not_picked":["True Grit","Perfected Strike"],"picked":"Inflame","floor":1},{"not_picked":["Sword Boomerang","Clothesline"],"picked":"Perfected Strike","floor":2},{"not_picked":["Thunderclap","Heavy Blade"],"picked":"Shockwave","floor":4},{"not_picked":["Clash","Shrug It Off"],"picked":"Demon Form","floor":5},{"not_picked":["Anger","Twin Strike","Armaments"],"picked":"SKIP","floor":6},{"not_picked":["Iron Wave","Warcry","Carnage"],"picked":"SKIP","floor":7},{"not_picked":["Ghostly Armor","Iron Wave"],"picked":"Perfected Strike","floor":12},{"not_picked":["Body Slam","Warcry","Carnage"],"picked":"SKIP","floor":13},{"not_picked":["Clothesline","Cleave"],"picked":"Fiend Fire","floor":14},{"not_picked":["Barricade","Demon Form"],"picked":"Limit Break","floor":16},{"not_picked":["True Grit+1","Combust+1"],"picked":"Perfected Strike+1","floor":18},{"not_picked":["Heavy Blade+1","Reckless Charge+1"],"picked":"Uppercut+1","floor":19},{"not_picked":["Clothesline+1","Reaper+1"],"picked":"Perfected Strike+1","floor":21},{"not_picked":["Iron Wave+1","Thunderclap+1"],"picked":"Cleave+1","floor":22},{"not_picked":["Clash+1","Clothesline+1"],"picked":"Spot Weakness","floor":23},{"not_picked":["Warcry","Twin Strike+1"],"picked":"Inflame+1","floor":27},{"not_picked":["Shockwave","Whirlwind+1","Rage"],"picked":"SKIP","floor":29},{"not_picked":["Thunderclap+1","Wild Strike+1","Spot Weakness"],"picked":"SKIP","floor":31},{"not_picked":["Fiend Fire+1","Warcry"],"picked":"Perfected Strike+1","floor":32},{"not_picked":["Body Slam+1","Heavy Blade+1","Metallicize"],"picked":"SKIP","floor":35},{"not_picked":["Clash+1","Armaments","Hemokinesis+1"],"picked":"SKIP","floor":36},{"not_picked":["Fire Breathing","Body Slam+1"],"picked":"Blood for Blood+1","floor":37},{"not_picked":["Body Slam+1","Fire Breathing+1","Shrug It Off"],"picked":"SKIP","floor":39},{"not_picked":["Uppercut+1","Wild Strike+1","Combust"],"picked":"SKIP","floor":40},{"not_picked":["Shrug It Off","Iron Wave+1"],"picked":"Inflame","floor":42},{"not_picked":["Armaments","Clothesline+1","Anger+1"],"picked":"SKIP","floor":45},{"not_picked":["Anger+1","Sword Boomerang+1"],"picked":"Sentinel+1","floor":46},{"not_picked":["True Grit","Dual Wield"],"picked":"Inflame+1","floor":47},{"not_picked":["Rampage+1","Flame Barrier+1","Barricade+1"],"picked":"SKIP","floor":48},{"not_picked":["Hemokinesis+1","Iron Wave+1","Body Slam+1"],"picked":"SKIP","floor":54}],"player_experience":237646,"relics_obtained":[{"floor":6,"key":"Gremlin Horn"},{"floor":12,"key":"Champion Belt"},{"floor":14,"key":"Molten Egg 2"},{"floor":23,"key":"Lantern"},{"floor":26,"key":"Mercury Hourglass"},{"floor":27,"key":"Du-Vu Doll"},{"floor":40,"key":"Sundial"},{"floor":43,"key":"Frozen Egg 2"},{"floor":47,"key":"MawBank"},{"floor":54,"key":"Pantograph"}],"event_choices":[{"damage_healed":0,"gold_gain":0,"player_choice":"0 cards matched","damage_taken":0,"max_hp_gain":0,"max_hp_loss":0,"event_name":"Match and Keep!","floor":3,"gold_loss":0,"cards_obtained":[]},{"damage_healed":0,"gold_gain":0,"player_choice":"Inject Mutagens","damage_taken":0,"relics_obtained":["MutagenicStrength"],"max_hp_gain":0,"max_hp_loss":0,"event_name":"Drug Dealer","floor":25,"gold_loss":0},{"cards_removed":["Defend_R"],"damage_healed":0,"gold_gain":0,"player_choice":"Purged","damage_taken":0,"max_hp_gain":0,"max_hp_loss":0,"event_name":"Purifier","floor":28,"gold_loss":0}],"is_beta":false,"boss_relics":[{"not_picked":["Ectoplasm","Cursed Key"],"picked":"Sozu"},{"not_picked":["Runic Cube","Lizard Tail"],"picked":"Runic Pyramid"}],"items_purged_floors":[],"is_endless":false,"potions_floor_spawned":[2,7,13,21,27,29,37,39,45,47],"killed_by":"The Heart","ascension_level":1}