{"gold_per_floor":[109,122,133,143,156,190,207,241,241,241,191,223,14,32,32,133,163,179,179],"floor_reached":19,"playtime":1654,"items_purged":[],"score":248,"play_id":"779ee80f-7dff-4837-a5b0-3af8da96a3a5","local_time":"20190630092616","is_ascension_mode":true,"campfire_choices":[{"data":"Dash","floor":10,"key":"SMITH"},{"data":"Bouncing Flask","floor":15,"key":"SMITH"}],"neow_cost":"NONE","seed_source_timestamp":1493120506235830,"circlet_count":0,"master_deck":["Defend_G","Defend_G","Defend_G","Defend_G","Defend_G","Strike_G","Strike_G","Strike_G","Strike_G","Survivor","Neutralize","Dash+1","Flechettes","Escape Plan","Endless Agony","Well Laid Plans","Acrobatics","Dodge and Roll","Bouncing Flask+1","Corpse Explosion","Regret","Shame","Pain","Crippling Poison"],"special_seed":0,"relics":["Ring of the Snake","Oddly Smooth Stone","Mercury Hourglass","Bottled Tornado","Medical Kit","Calling Bell","Tiny Chest","Kunai","Incense Burner"],"potions_floor_usage":[6,8,12,16,19],"damage_taken":[{"damage":0.0,"enemies":"2 Louse","floor":1.0,"turns":3.0},{"damage":0,"enemies":"Jaw Worm","floor":2,"turns":5},{"damage":2,"enemies":"Small Slimes","floor":3,"turns":4},{"damage":5,"enemies":"2 Fungi Beasts","floor":4,"turns":5},{"damage":0,"enemies":"Looter","floor":5,"turns":3},{"damage":10,"enemies":"3 Sentries","floor":6,"turns":10},{"damage":5,"enemies":"Lots of Slimes","floor":7,"turns":4},{"damage":12,"enemies":"Gremlin Nob","floor":8,"turns":3},{"damage":0,"enemies":"3 Sentries","floor":12,"turns":5},{"damage":0,"enemies":"2 Fungi Beasts","floor":14,"turns":2},{"damage":8,"enemies":"The Guardian","floor":16,"turns":8},{"damage":16,"enemies":"3 Byrds","floor":18,"turns":4},{"damage":25,"enemies":"Colosseum Slavers","floor":19,"turns":3},{"damage":41,"enemies":"Colosseum Nobs","floor":19,"turns":3}],"seed_played":"4210494446550983805","potions_obtained":[{"floor":1.0,"key":"Energy Potion"},{"floor":2,"key":"Poison Potion"},{"floor":4,"key":"Swift Potion"},{"floor":7,"key":"Strength Potion"},{"floor":12,"key":"SkillPotion"}],"is_trial":false,"path_per_floor":["M","M","M","M","M","E","M","E","T","R","?","E","$","M","R","B",null,"M","?"],"character_chosen":"THE_SILENT","items_purchased":["Medical Kit"],"campfire_rested":0,"item_purchase_floors":[13],"current_hp_per_floor":[77,77,75,70,70,60,55,43,43,43,43,43,43,43,43,35,77,61,0],"gold":179,"neow_bonus":"TEN_PERCENT_HP_BONUS","is_prod":false,"is_daily":false,"chose_seed":false,"campfire_upgraded":2,"win_rate":0,"timestamp":1561901176,"path_taken":["M","M","M","M","M","E","M","E","T","R","?","E","$","M","R","BOSS","M","?"],"build_version":"2019-01-23","purchased_purges":0,"victory":false,"max_hp_per_floor":[77,77,77,77,77,77,77,77,77,77,77,77,77,77,77,77,77,77,77],"card_choices":[{"not_picked":["Finisher","PiercingWail"],"picked":"Dash","floor":1.0},{"not_picked":["Deadly Poison","Prepared","Underhanded Strike"],"picked":"SKIP","floor":2},{"not_picked":["Slice","Phantasmal Killer"],"picked":"Flechettes","floor":3},{"not_picked":["Finisher","Terror"],"picked":"Escape Plan","floor":4},{"not_picked":["Blade Dance","Tactician"],"picked":"Endless Agony","floor":5},{"not_picked":["Riddle With Holes","Flechettes","Dagger Throw"],"picked":"SKIP","floor":6},{"not_picked":["Deadly Poison","Bane"],"picked":"Well Laid Plans","floor":7},{"not_picked":["Prepared","Doppelganger"],"picked":"Acrobatics","floor":8},{"not_picked":["Blade Dance","Catalyst"],"picked":"Dodge and Roll","floor":12},{"not_picked":["Quick Slash","Sucker Punch"],"picked":"Bouncing Flask","floor":14},{"not_picked":["Tools of the Trade","A Thousand Cuts"],"picked":"Corpse Explosion","floor":16},{"not_picked":["Slice","Cloak And Dagger"],"picked":"Crippling Poison","floor":18}],"player_experience":310570,"relics_obtained":[{"floor":6,"key":"Oddly Smooth Stone"},{"floor":8,"key":"Mercury Hourglass"},{"floor":12,"key":"Bottled Tornado"},{"floor":17,"key":"Tiny Chest"},{"floor":17,"key":"Kunai"},{"floor":17,"key":"Incense Burner"}],"event_choices":[{"cards_removed":["Strike_G"],"damage_healed":0,"gold_gain":0,"player_choice":"Card Removal","damage_taken":0,"max_hp_gain":0,"max_hp_loss":0,"event_name":"The Cleric","floor":11,"gold_loss":50},{"damage_healed":0,"gold_gain":0,"player_choice":"Fight","damage_taken":0,"max_hp_gain":0,"max_hp_loss":0,"event_name":"Colosseum","floor":19,"gold_loss":0},{"damage_healed":0,"gold_gain":0,"player_choice":"Fought Nobs","damage_taken":0,"max_hp_gain":0,"max_hp_loss":0,"event_name":"Colosseum","floor":19,"gold_loss":0}],"is_beta":false,"boss_relics":[{"not_picked":["Ectoplasm","Fusion Hammer"],"picked":"Calling Bell"}],"items_purged_floors":[],"is_endless":false,"potions_floor_spawned":[1,2,4,5,7,12,19],"killed_by":"Colosseum Nobs","ascension_level":3}