{"path_per_floor":["M","?","$","?","T","M","$","R","T","M","M","E","R","$","R","B",null,"M","M","?","?","?","E","R","$","T","M","R"],"character_chosen":"IRONCLAD","items_purchased":["Shrug It Off","Evolve","Shockwave"],"gold_per_floor":[117,117,28,28,28,38,38,38,87,103,120,147,147,72,72,175,175,185,200,200,115,115,141,141,5,5,15,15,15],"floor_reached":29,"campfire_rested":2,"playtime":1771,"current_hp_per_floor":[80,80,80,85,85,85,85,85,85,85,85,85,85,85,85,25,85,72,59,59,59,59,8,34,34,34,11,37,0],"items_purged":["Strike_R","Strike_R"],"gold":15,"score":239,"play_id":"8500563b-ab41-41d3-8492-77de28d8cfb6","local_time":"20180426200438","is_prod":false,"is_daily":false,"chose_seed":false,"is_ascension_mode":false,"campfire_upgraded":3,"timestamp":1524798278,"path_taken":["M","?","$","?","?","M","$","R","T","M","M","E","R","?","R","BOSS","M","M","?","?","?","E","R","$","T","M","R","E"],"build_version":"2018-04-26","seed_source_timestamp":8165135809149,"purchased_purges":2,"victory":false,"master_deck":["Strike_R","Defend_R","Defend_R","Defend_R","Defend_R","Bash","Shrug It Off","Evolve+1","True Grit+1","Pommel Strike","Flex+1","Ghostly Armor","Feed","Twin Strike","Flex+1","Iron Wave","Flex+1","Shockwave","Spot Weakness"],"max_hp_per_floor":[80,80,80,85,85,85,85,85,85,85,85,85,85,85,85,85,85,88,88,88,88,88,88,88,88,88,88,88,88],"relics":["Burning Blood","Orichalcum","Mercury Hourglass","Dream Catcher","Vajra","Black Star","Shovel","Bronze Scales","Blood Vial","Pantograph"],"card_choices":[{"not_picked":["Evolve","Ghostly Armor"],"picked":"True Grit","floor":6},{"not_picked":["Rupture","Thunderclap"],"picked":"Pommel Strike","floor":10},{"not_picked":["Warcry","Shrug It Off"],"picked":"Flex","floor":11},{"not_picked":["Blood for Blood","Shrug It Off"],"picked":"Ghostly Armor","floor":12},{"not_picked":["Fiend Fire","Immolate"],"picked":"Feed","floor":16},{"not_picked":["Intimidate","Metallicize"],"picked":"Twin Strike","floor":18},{"not_picked":["Pommel Strike","Combust"],"picked":"Flex","floor":19},{"not_picked":["Thunderclap","Heavy Blade"],"picked":"Iron Wave","floor":23},{"not_picked":["Dropkick","Combust"],"picked":"Flex","floor":24},{"not_picked":["Iron Wave","Twin Strike"],"picked":"Spot Weakness","floor":27}],"player_experience":42341,"potions_floor_usage":[18,19,23,23],"damage_taken":[{"damage":0,"enemies":"Cultist","floor":1,"turns":3},{"damage":5,"enemies":"Jaw Worm","floor":6,"turns":5},{"damage":0,"enemies":"2 Louse","floor":10,"turns":2},{"damage":4,"enemies":"Looter","floor":11,"turns":3},{"damage":2,"enemies":"3 Sentries","floor":12,"turns":6},{"damage":66,"enemies":"Hexaghost","floor":16,"turns":10},{"damage":22,"enemies":"3 Byrds","floor":18,"turns":6},{"damage":19,"enemies":"2 Thieves","floor":19,"turns":5},{"damage":72,"enemies":"Book of Stabbing","floor":23,"turns":8},{"damage":31,"enemies":"Sentry and Sphere","floor":27,"turns":8},{"damage":39,"enemies":"Slavers","floor":29,"turns":2}],"event_choices":[{"event_name":"Living Wall","player_choice":"Forget","floor":2,"damage_taken":0},{"event_name":"Big Fish","player_choice":"Donut","floor":4,"damage_taken":0},{"event_name":"Upgrade Shrine","player_choice":"Upgraded","floor":20,"damage_taken":0},{"event_name":"Addict","player_choice":"Obtained Relic","floor":21,"damage_taken":0},{"event_name":"Back to Basics","player_choice":"Elegance","floor":22,"damage_taken":0}],"boss_relics":[{"not_picked":["Lizard Tail","Snecko Eye"],"picked":"Black Star"}],"potions_floor_spawned":[1,6,11,18,27],"seed_played":"9002969202096930938","killed_by":"Slavers","ascension_level":0,"is_trial":false}