{"gold_per_floor":[118,118,134,134,151,186,196,196,245,274,274,284,284,340,340,443,443,457,457,227,227,244,269,141,141,220,220,253,263,298,315,315,418,418,432,478,478,292,217,248,260,148,148,8,20,35,46,71,71,71],"floor_reached":50,"playtime":4032,"items_purged":["Strike_G","Strike_G","Strike_G","Strike_G","Strike_G","Defend_G"],"score":781,"play_id":"698086aa-66c2-440d-af99-ebbe8222cf87","local_time":"20191013205955","is_ascension_mode":true,"campfire_choices":[{"data":"Footwork","floor":8,"key":"SMITH"},{"data":"Neutralize","floor":13,"key":"SMITH"},{"floor":15,"key":"RECALL"},{"data":"Dodge and Roll","floor":25,"key":"SMITH"},{"data":"Well Laid Plans","floor":32,"key":"SMITH"},{"data":"Footwork","floor":49,"key":"SMITH"}],"neow_cost":"NONE","seed_source_timestamp":315727661318500,"circlet_count":0,"master_deck":["Defend_G","Defend_G","Defend_G","Defend_G","Survivor","Neutralize+1","Dodge and Roll+1","Footwork+1","Dagger Throw+1","Skewer+1","Dodge and Roll+1","Blade Dance+1","Prepared+1","Blade Dance+1","Corpse Explosion+1","Deadly Poison+1","RitualDagger+1","Cloak And Dagger+1","Blur+1","Decay","Acrobatics+1","Bouncing Flask+1","Well Laid Plans+1","Dash+1","Phantasmal Killer+1","Infinite Blades+1","Backflip+1","Infinite Blades","Infinite Blades","Blur+1","Footwork+1"],"relics":["Ring of the Snake","NeowsBlessing","Boot","Molten Egg 2","Toxic Egg 2","Matryoshka","Tiny Chest","Coffee Dripper","Membership Card","Gremlin Horn","Vajra","Centennial Puzzle","Sundial","Blue Candle","Pear","WristBlade","Prayer Wheel","Ninja Scroll","MawBank","CultistMask","Pen Nib","Darkstone Periapt","Potion Belt"],"potions_floor_usage":[6,18,23,28,29,30,30,30,33,35,50,50],"damage_taken":[{"damage":0,"enemies":"Jaw Worm","floor":1,"turns":1},{"damage":0,"enemies":"Cultist","floor":3,"turns":1},{"damage":0,"enemies":"2 Louse","floor":5,"turns":1},{"damage":18,"enemies":"Gremlin Nob","floor":6,"turns":5},{"damage":0,"enemies":"2 Fungi Beasts","floor":7,"turns":3},{"damage":14,"enemies":"3 Sentries","floor":10,"turns":9},{"damage":7,"enemies":"3 Louse","floor":12,"turns":3},{"damage":12,"enemies":"Gremlin Nob","floor":14,"turns":4},{"damage":19,"enemies":"The Guardian","floor":16,"turns":14},{"damage":0,"enemies":"3 Byrds","floor":18,"turns":3},{"damage":11,"enemies":"Chosen","floor":22,"turns":4},{"damage":16,"enemies":"Slavers","floor":23,"turns":4},{"damage":18,"enemies":"Book of Stabbing","floor":28,"turns":7},{"damage":4,"enemies":"Snake Plant","floor":29,"turns":4},{"damage":1,"enemies":"Gremlin Leader","floor":30,"turns":6},{"damage":0,"enemies":"3 Cultists","floor":31,"turns":2},{"damage":13,"enemies":"Automaton","floor":33,"turns":8},{"damage":0,"enemies":"3 Darklings","floor":35,"turns":2},{"damage":51,"enemies":"2 Orb Walkers","floor":36,"turns":4},{"damage":1,"enemies":"Reptomancer","floor":40,"turns":5},{"damage":4,"enemies":"Orb Walker","floor":45,"turns":3},{"damage":5,"enemies":"Spire Growth","floor":46,"turns":3},{"damage":18,"enemies":"Jaw Worm Horde","floor":47,"turns":3},{"damage":3,"enemies":"Giant Head","floor":48,"turns":7},{"damage":59,"enemies":"Awakened One","floor":50,"turns":3}],"seed_played":"4177065324227072602","potions_obtained":[{"floor":1,"key":"FearPotion"},{"floor":5,"key":"Poison Potion"},{"floor":10,"key":"Ancient Potion"},{"floor":14,"key":"SkillPotion"},{"floor":16,"key":"Block Potion"},{"floor":18,"key":"EntropicBrew"},{"floor":23,"key":"Regen Potion"},{"floor":31,"key":"Swift Potion"},{"floor":36,"key":"Strength Potion"},{"floor":46,"key":"Swift Potion"},{"floor":48,"key":"Regen Potion"}],"is_trial":false,"path_per_floor":["M","?","M","T","M","E","M","R","T","E","?","M","R","E","R","B",null,"M","?","$","?","M","E","$","R","T","?","E","M","E","M","R","B",null,"M","?","?","$","$","E","?","$","T","$","M","M","M","E","R","B"],"character_chosen":"THE_SILENT","items_purchased":["Membership Card","Vajra","Ninja Scroll","Infinite Blades","Infinite Blades"],"campfire_rested":0,"item_purchase_floors":[20,24,38,42,44],"current_hp_per_floor":[70,70,70,70,70,52,52,52,52,38,61,54,54,42,42,23,70,70,70,70,64,53,37,37,37,37,37,34,30,39,39,39,26,80,80,29,70,70,70,69,69,69,69,69,65,60,42,39,39,0],"gold":71,"neow_bonus":"THREE_ENEMY_KILL","is_prod":false,"is_daily":false,"chose_seed":false,"campfire_upgraded":5,"win_rate":0,"timestamp":1571014795,"path_taken":["M","?","?","?","?","E","M","R","T","E","?","M","R","E","R","BOSS","M","?","$","?","M","E","$","R","T","?","E","M","E","M","R","BOSS","M","?","?","?","$","E","?","$","T","$","M","M","?","E","R","BOSS"],"build_version":"2019-07-17","purchased_purges":6,"victory":false,"max_hp_per_floor":[70,70,70,70,70,70,70,70,70,70,70,70,70,70,70,70,70,70,70,70,70,70,70,70,70,70,70,70,70,80,80,80,80,80,80,80,70,70,70,70,70,70,70,70,70,70,70,70,70,70],"card_choices":[{"not_picked":["Caltrops","Heel Hook"],"picked":"Dodge and Roll","floor":1},{"not_picked":["Cloak And Dagger","Flying Knee"],"picked":"Footwork","floor":3},{"not_picked":["Distraction","Sucker Punch+1"],"picked":"Dagger Throw+1","floor":5},{"not_picked":["Underhanded Strike+1","Catalyst"],"picked":"Skewer+1","floor":6},{"not_picked":["Underhanded Strike+1","Quick Slash+1"],"picked":"Dodge and Roll+1","floor":7},{"not_picked":["Prepared+1","Venomology+1"],"picked":"Blade Dance+1","floor":10},{"not_picked":["Deflect+1","Sucker Punch+1"],"picked":"Prepared+1","floor":12},{"not_picked":["Outmaneuver+1","Dagger Throw+1"],"picked":"Blade Dance+1","floor":14},{"not_picked":["Malaise+1","Bullet Time+1"],"picked":"Corpse Explosion+1","floor":16},{"not_picked":["Outmaneuver+1","Dodge and Roll+1"],"picked":"Deadly Poison+1","floor":18},{"not_picked":["Backflip+1","Underhanded Strike+1"],"picked":"Cloak And Dagger+1","floor":22},{"not_picked":["Die Die Die+1","Catalyst+1"],"picked":"Blur+1","floor":23},{"not_picked":["Skewer+1","Eviscerate+1"],"picked":"Acrobatics+1","floor":28},{"not_picked":["Catalyst+1","Acrobatics+1"],"picked":"Bouncing Flask+1","floor":29},{"not_picked":["Poisoned Stab+1","Blur+1"],"picked":"Well Laid Plans","floor":30},{"not_picked":["Eviscerate+1","Cloak And Dagger+1"],"picked":"Dash+1","floor":31},{"not_picked":["Storm of Steel+1","Night Terror+1"],"picked":"Phantasmal Killer+1","floor":33},{"not_picked":["Blade Dance+1","PiercingWail+1"],"picked":"Infinite Blades+1","floor":35},{"not_picked":["Catalyst+1","Endless Agony+1"],"picked":"Backflip+1","floor":36},{"not_picked":["Deadly Poison+1","Expertise+1","Underhanded Strike+1"],"picked":"SKIP","floor":40},{"not_picked":["Poisoned Stab+1","Acrobatics+1","Underhanded Strike+1"],"picked":"SKIP","floor":45},{"not_picked":["Cloak And Dagger+1","Slice+1","Deflect+1"],"picked":"SKIP","floor":45},{"not_picked":["Acrobatics+1","Expertise+1"],"picked":"Blur+1","floor":46},{"not_picked":["Dagger Spray+1","Dagger Throw+1","Dodge and Roll+1"],"picked":"SKIP","floor":46},{"not_picked":["Deadly Poison+1","Unload+1"],"picked":"Footwork","floor":47},{"not_picked":["Catalyst+1","Bane+1","Flechettes+1"],"picked":"SKIP","floor":47},{"not_picked":["Poisoned Stab+1","Quick Slash+1","Expertise+1"],"picked":"SKIP","floor":48}],"player_experience":383911,"relics_obtained":[{"floor":4,"key":"Molten Egg 2"},{"floor":6,"key":"Toxic Egg 2"},{"floor":10,"key":"Matryoshka"},{"floor":14,"key":"Tiny Chest"},{"floor":23,"key":"Gremlin Horn"},{"floor":26,"key":"Centennial Puzzle"},{"floor":26,"key":"Sundial"},{"floor":28,"key":"Blue Candle"},{"floor":30,"key":"Pear"},{"floor":36,"key":"Prayer Wheel"},{"floor":40,"key":"MawBank"},{"floor":43,"key":"Pen Nib"},{"floor":43,"key":"Darkstone Periapt"},{"floor":48,"key":"Potion Belt"}],"event_choices":[{"damage_healed":0,"gold_gain":0,"player_choice":"Gave Potion","damage_taken":0,"relics_obtained":["Boot"],"max_hp_gain":0,"max_hp_loss":0,"event_name":"WeMeetAgain","floor":2,"gold_loss":0},{"damage_healed":23,"gold_gain":0,"player_choice":"Banana","damage_taken":0,"max_hp_gain":0,"max_hp_loss":0,"event_name":"Big Fish","floor":11,"gold_loss":0},{"damage_healed":0,"gold_gain":0,"player_choice":"Ignored","damage_taken":0,"max_hp_gain":0,"max_hp_loss":0,"event_name":"Ghosts","floor":19,"gold_loss":0},{"damage_healed":0,"gold_gain":0,"player_choice":"Joined the Cult","damage_taken":6,"max_hp_gain":0,"max_hp_loss":0,"event_name":"Nest","floor":21,"gold_loss":0,"cards_obtained":["RitualDagger"]},{"damage_healed":0,"gold_gain":0,"player_choice":"Smashed Altar","damage_taken":0,"max_hp_gain":0,"max_hp_loss":0,"event_name":"Forgotten Altar","floor":27,"gold_loss":0,"cards_obtained":["Decay"]},{"damage_healed":0,"gold_gain":0,"player_choice":"Fight","damage_taken":0,"max_hp_gain":0,"max_hp_loss":0,"event_name":"Mysterious Sphere","floor":36,"gold_loss":0},{"damage_healed":70,"gold_gain":0,"player_choice":"Heal","damage_taken":0,"max_hp_gain":0,"max_hp_loss":10,"event_name":"The Moai Head","floor":37,"gold_loss":0},{"damage_healed":0,"gold_gain":0,"player_choice":"Trade","damage_taken":0,"relics_obtained":["CultistMask"],"max_hp_gain":0,"max_hp_loss":0,"event_name":"FaceTrader","floor":41,"gold_loss":0}],"is_beta":false,"boss_relics":[{"not_picked":["Runic Dome","Eternal Feather"],"picked":"Coffee Dripper"},{"not_picked":["White Beast Statue","Runic Pyramid"],"picked":"WristBlade"}],"items_purged_floors":[20,24,38,39,42,44],"is_endless":false,"potions_floor_spawned":[1,5,10,14,16,18,23,31,36,46,48],"killed_by":"Awakened One","ascension_level":4}