{"path_per_floor":["M","?","T","M","M","E","R","M","T","R","M","M","R","$","R","B",null,"M","?","T","$","M","R","M","M","T","R","M","?","M","M","R","B",null,"M","?","M","$","M","R","?","$","T","?","M","M"],"character_chosen":"THE_SILENT","items_purchased":["Ice Cream","Leg Sweep","Poisoned Stab"],"gold_per_floor":[118,118,118,134,152,486,486,504,504,504,516,526,526,15,15,119,119,129,129,129,29,45,45,56,70,124,124,135,135,146,165,165,267,267,282,382,393,268,282,282,282,132,185,185,195,211,211],"floor_reached":47,"campfire_rested":3,"playtime":16895,"current_hp_per_floor":[66,66,66,64,64,35,35,27,27,27,22,17,17,17,38,43,70,50,50,50,50,37,37,13,1,1,22,35,35,20,8,29,6,70,52,52,17,17,9,9,9,9,9,9,7,7,0],"items_purged":["Strike_G","Strike_G","Strike_G","Normality"],"gold":211,"score":431,"play_id":"bdd9b232-15bd-4b53-b243-c7e15a768683","local_time":"20180517231435","is_prod":false,"is_daily":false,"chose_seed":false,"is_ascension_mode":false,"campfire_upgraded":5,"timestamp":1526624075,"campfire_choices":[{"data":"Deadly Poison","floor":7,"key":"SMITH"},{"data":"Deflect","floor":10,"key":"SMITH"},{"data":"Noxious Fumes","floor":13,"key":"SMITH"},{"floor":15,"key":"REST"},{"data":"Leg Sweep","floor":23,"key":"SMITH"},{"floor":27,"key":"REST"},{"floor":32,"key":"REST"},{"data":"Sucker Punch","floor":40,"key":"SMITH"}],"path_taken":["M","?","?","M","M","E","R","?","T","R","M","M","R","$","R","BOSS","M","?","?","$","M","R","M","?","T","R","M","?","M","M","R","BOSS","M","?","?","$","M","R","?","$","T","?","M","M","M"],"build_version":"2018-05-17","seed_source_timestamp":1492509837691,"purchased_purges":4,"victory":false,"master_deck":["Defend_G","Defend_G","Defend_G","Defend_G","Defend_G","Strike_G","Survivor","Neutralize","Sucker Punch+1","Deadly Poison+1","Deflect+1","Masterful Stab","Dagger Throw","Noxious Fumes+1","Leg Sweep+1","Poisoned Stab","Doppelganger","Deflect","Dodge and Roll+1","Escape Plan+1","Bouncing Flask+1","Backflip+1","Master of Strategy+1"],"max_hp_per_floor":[70,70,70,70,70,70,70,70,70,70,70,70,70,70,70,70,70,70,70,70,70,70,70,70,70,70,70,70,70,70,70,70,70,70,70,70,70,70,70,70,70,70,70,70,70,70,70],"relics":["Ring of the Snake","Pantograph","Old Coin","Matryoshka","Ice Cream","Lizard Tail","Toxic Egg 2","Art of War","Omamori","Tiny Chest","Calling Bell","Bag of Preparation","Toolbox","Torii","Orichalcum"],"card_choices":[{"not_picked":["Dagger Throw","Terror"],"picked":"Sucker Punch","floor":1},{"not_picked":["Flying Knee","Underhanded Strike"],"picked":"Deadly Poison","floor":4},{"not_picked":["Reflex","Dagger Spray"],"picked":"Deflect","floor":5},{"not_picked":["Finisher","Calculated Gamble"],"picked":"Masterful Stab","floor":6},{"not_picked":["Masterful Stab","Malaise"],"picked":"Dagger Throw","floor":8},{"not_picked":["Acrobatics","Quick Slash","Distraction"],"picked":"SKIP","floor":11},{"not_picked":["Dash","Dodge and Roll"],"picked":"Noxious Fumes","floor":12},{"not_picked":["Phantasmal Killer","Storm of Steel"],"picked":"Doppelganger","floor":16},{"not_picked":["Dagger Throw","Distraction"],"picked":"Deflect","floor":18},{"not_picked":["Underhanded Strike","Malaise+1","Noxious Fumes+1"],"picked":"SKIP","floor":22},{"not_picked":["Deadly Poison+1","Malaise+1","Prepared+1"],"picked":"SKIP","floor":24},{"not_picked":["All Out Attack","Flying Knee"],"picked":"Dodge and Roll+1","floor":25},{"not_picked":["Riddle With Holes","Tools of the Trade"],"picked":"Escape Plan+1","floor":28},{"not_picked":["Infinite Blades+1","Dash"],"picked":"Bouncing Flask+1","floor":30},{"not_picked":["Outmaneuver+1","Terror+1"],"picked":"Backflip+1","floor":31},{"not_picked":["Eviscerate","Masterful Stab","Acrobatics+1"],"picked":"SKIP","floor":35},{"not_picked":["Unload","Bane+1","Underhanded Strike+1"],"picked":"SKIP","floor":37},{"not_picked":["Quick Slash+1","Bane","Deflect+1"],"picked":"SKIP","floor":39},{"not_picked":["Secret Weapon","Transmutation"],"picked":"Master of Strategy","floor":44},{"not_picked":["Leg Sweep+1","Flying Knee","Underhanded Strike"],"picked":"SKIP","floor":45},{"not_picked":["Acrobatics+1","Dodge and Roll+1","PiercingWail+1"],"picked":"SKIP","floor":46}],"player_experience":187385,"potions_floor_usage":[6,22,33,33,35,45,46],"damage_taken":[{"damage":4,"enemies":"Jaw Worm","floor":1,"turns":6},{"damage":2,"enemies":"Small Slimes","floor":4,"turns":5},{"damage":0,"enemies":"2 Louse","floor":5,"turns":4},{"damage":29,"enemies":"Lagavulin","floor":6,"turns":9},{"damage":8,"enemies":"Exordium Thugs","floor":8,"turns":6},{"damage":5,"enemies":"Exordium Wildlife","floor":11,"turns":6},{"damage":5,"enemies":"3 Louse","floor":12,"turns":5},{"damage":20,"enemies":"Hexaghost","floor":16,"turns":8},{"damage":20,"enemies":"Chosen","floor":18,"turns":5},{"damage":13,"enemies":"3 Byrds","floor":22,"turns":6},{"damage":24,"enemies":"Snake Plant","floor":24,"turns":5},{"damage":12,"enemies":"Centurion and Healer","floor":25,"turns":8},{"damage":27,"enemies":"Chosen and Byrds","floor":28,"turns":9},{"damage":15,"enemies":"Sentry and Sphere","floor":30,"turns":6},{"damage":12,"enemies":"Snecko","floor":31,"turns":8},{"damage":48,"enemies":"Collector","floor":33,"turns":9},{"damage":18,"enemies":"3 Shapes","floor":35,"turns":4},{"damage":35,"enemies":"3 Darklings","floor":37,"turns":9},{"damage":8,"enemies":"Sphere and 2 Shapes","floor":39,"turns":6},{"damage":2,"enemies":"4 Shapes","floor":45,"turns":6},{"damage":0,"enemies":"3 Darklings","floor":46,"turns":6},{"damage":10,"enemies":"Maw","floor":47,"turns":7}],"relics_obtained":[{"floor":3,"key":"Pantograph"},{"floor":6,"key":"Old Coin"},{"floor":9,"key":"Matryoshka"},{"floor":20,"key":"Toxic Egg 2"},{"floor":20,"key":"Art of War"},{"floor":26,"key":"Omamori"},{"floor":26,"key":"Tiny Chest"},{"floor":34,"key":"Bag of Preparation"},{"floor":34,"key":"Toolbox"},{"floor":34,"key":"Torii"},{"floor":43,"key":"Orichalcum"}],"event_choices":[{"event_name":"Liars Game","player_choice":"disagreed","floor":2,"damage_taken":0},{"event_name":"Vampires","player_choice":"Ignored","floor":19,"damage_taken":0},{"event_name":"Back to Basics","player_choice":"Elegance","floor":29,"damage_taken":0},{"event_name":"Golden Shrine","player_choice":"Pray","floor":36,"damage_taken":0},{"event_name":"Mysterious Sphere","player_choice":"Ignore","floor":41,"damage_taken":0},{"event_name":"SensoryStone","player_choice":"Memory 1","floor":44,"damage_taken":0}],"boss_relics":[{"not_picked":["Pandora\u0027s Box","White Beast Statue"],"picked":"Lizard Tail"},{"not_picked":["Eternal Feather","Sozu"],"picked":"Calling Bell"}],"potions_floor_spawned":[5,6,18,30,31,33,35,39,46],"seed_played":"-6174917839748432128","killed_by":"Maw","ascension_level":0,"potions_obtained":[{"floor":5,"key":"GhostInAJar"},{"floor":6,"key":"Ancient Potion"},{"floor":18,"key":"Block Potion"},{"floor":30,"key":"GhostInAJar"},{"floor":31,"key":"SteroidPotion"},{"floor":33,"key":"Energy Potion"},{"floor":35,"key":"Explosive Potion"},{"floor":39,"key":"GamblersBrew"},{"floor":46,"key":"LiquidBronze"}],"is_trial":false}