{"path_per_floor":["M","M","M","?","?","R","M","$","T","?","M","M","R","M","R","B",null,"M","$"],"character_chosen":"THE_SILENT","items_purchased":["Tough Bandages"],"gold_per_floor":[119,135,151,151,151,151,166,91,117,117,129,146,146,157,157,253,253,263,12,30],"floor_reached":20,"campfire_rested":1,"playtime":1996,"current_hp_per_floor":[70,58,58,44,44,44,44,44,44,44,36,36,36,34,55,25,72,74,74,60],"items_purged":["Strike_G"],"gold":30,"score":185,"play_id":"e760e26f-cfb8-4e25-99f0-379d1e80da5a","local_time":"20180522204741","is_prod":false,"is_daily":false,"chose_seed":false,"is_ascension_mode":true,"campfire_upgraded":2,"timestamp":1527047261,"campfire_choices":[{"data":"Neutralize","floor":6,"key":"SMITH"},{"data":"Tools of the Trade","floor":13,"key":"SMITH"},{"floor":15,"key":"REST"}],"path_taken":["M","M","M","?","?","R","M","$","T","?","M","?","R","M","R","BOSS","M","?","M"],"build_version":"2018-05-17","seed_source_timestamp":10765143713741,"purchased_purges":1,"victory":false,"master_deck":["Defend_G","Defend_G","Defend_G","Defend_G","Defend_G","Strike_G+1","Survivor","Neutralize+1","Prepared","Well Laid Plans","Backflip+1","Dagger Throw","Tools of the Trade+1","Dodge and Roll","Backflip","Tools of the Trade","Predator+1","Backflip+1","Cloak And Dagger+1","Deflect"],"max_hp_per_floor":[70,70,70,70,70,70,70,70,70,70,72,72,72,72,72,72,72,74,74,74],"relics":["Ring of the Snake","Singing Bowl","Astrolabe","Tough Bandages"],"card_choices":[{"not_picked":["Accuracy","Caltrops"],"picked":"Prepared","floor":0},{"not_picked":["Blade Dance","Dagger Spray"],"picked":"Well Laid Plans","floor":1},{"not_picked":["Prepared","Bane","Poisoned Stab"],"picked":"SKIP","floor":2},{"not_picked":["Dagger Spray","Slice"],"picked":"Backflip","floor":3},{"not_picked":["Sucker Punch","Cloak And Dagger"],"picked":"Dagger Throw","floor":7},{"not_picked":["Malaise","Sucker Punch","Die Die Die"],"picked":"Singing Bowl","floor":11},{"not_picked":["Bane","Dagger Throw"],"picked":"Dodge and Roll","floor":12},{"not_picked":["Flechettes","Cloak And Dagger"],"picked":"Backflip","floor":14},{"not_picked":["Doppelganger","Corpse Explosion"],"picked":"Tools of the Trade","floor":16},{"not_picked":["Flying Knee","Dash","Caltrops"],"picked":"Singing Bowl","floor":18},{"not_picked":["Expertise","Prepared"],"picked":"Deflect","floor":20}],"player_experience":301184,"potions_floor_usage":[11,14],"damage_taken":[{"damage":0,"enemies":"2 Louse","floor":1,"turns":3},{"damage":12,"enemies":"Jaw Worm","floor":2,"turns":7},{"damage":0,"enemies":"Small Slimes","floor":3,"turns":4},{"damage":0,"enemies":"2 Fungi Beasts","floor":7,"turns":3},{"damage":10,"enemies":"Exordium Thugs","floor":11,"turns":7},{"damage":0,"enemies":"Large Slime","floor":12,"turns":6},{"damage":2,"enemies":"2 Fungi Beasts","floor":14,"turns":4},{"damage":30,"enemies":"The Guardian","floor":16,"turns":22},{"damage":0,"enemies":"Shell Parasite","floor":18,"turns":9},{"damage":14,"enemies":"2 Thieves","floor":20,"turns":5}],"relics_obtained":[{"floor":9,"key":"Singing Bowl"}],"event_choices":[{"event_name":"Shining Light","player_choice":"Entered Light","floor":4,"damage_taken":0},{"event_name":"Liars Game","player_choice":"disagreed","floor":5,"damage_taken":0},{"event_name":"Match and Keep!","player_choice":"1 cards matched","floor":10,"damage_taken":0}],"boss_relics":[{"not_picked":["Snecko Eye","Ectoplasm"],"picked":"Astrolabe"}],"potions_floor_spawned":[1,3,11,16,18],"seed_played":"-4427087909272451246","killed_by":"2 Thieves","ascension_level":2,"potions_obtained":[{"floor":1,"key":"Energy Potion"},{"floor":3,"key":"FearPotion"},{"floor":11,"key":"FearPotion"},{"floor":16,"key":"LiquidBronze"},{"floor":18,"key":"Explosive Potion"}],"is_trial":false}