{"gold_per_floor":[116,116,71,85,60,87,87,119,119,119,119,180,195,224,224,328,328,343,357,357],"floor_reached":20,"playtime":78713,"items_purged":[],"score":230,"play_id":"733c87a2-540a-4eab-a7ff-7342e05fd362","local_time":"20190806211012","is_ascension_mode":true,"campfire_choices":[{"floor":7,"key":"REST"},{"floor":10,"key":"REST"},{"data":"Inflame","floor":15,"key":"SMITH"}],"neow_cost":"NONE","seed_source_timestamp":622318555720285,"circlet_count":0,"master_deck":["Strike_R","Strike_R","Strike_R","Strike_R","Strike_R","Defend_R","Defend_R","Defend_R","Defend_R","Bash","Barricade","Uppercut","Shrug It Off","Inflame+1","Flex","Uppercut","Cleave","Inflame","Dark Embrace","Double Tap","Warcry","Flame Barrier"],"special_seed":0,"relics":["Burning Blood","Matryoshka","Darkstone Periapt","Omamori","Bag of Marbles","Blue Candle","Tiny Chest","Oddly Smooth Stone","Eternal Feather"],"potions_floor_usage":[6,14,18],"damage_taken":[{"damage":9.0,"enemies":"Jaw Worm","floor":1.0,"turns":7.0},{"damage":8,"enemies":"2 Louse","floor":4,"turns":3},{"damage":28,"enemies":"Gremlin Nob","floor":6,"turns":5},{"damage":44,"enemies":"3 Sentries","floor":8,"turns":9},{"damage":30,"enemies":"Gremlin Nob","floor":12,"turns":4},{"damage":0,"enemies":"Cultist","floor":13,"turns":3},{"damage":18,"enemies":"Lagavulin","floor":14,"turns":7},{"damage":49,"enemies":"Hexaghost","floor":16,"turns":11},{"damage":23,"enemies":"3 Byrds","floor":18,"turns":3},{"damage":23,"enemies":"Chosen","floor":19,"turns":5},{"damage":46,"enemies":"Shelled Parasite and Fungi","floor":20,"turns":4}],"seed_played":"3513244163034302801","potions_obtained":[{"floor":4,"key":"PowerPotion"},{"floor":6,"key":"LiquidBronze"},{"floor":12,"key":"Block Potion"},{"floor":13,"key":"EssenceOfSteel"},{"floor":16,"key":"Ancient Potion"},{"floor":18,"key":"SpeedPotion"},{"floor":19,"key":"EssenceOfSteel"}],"is_trial":false,"path_per_floor":["M","?","$","M","$","E","R","E","T","R","?","E","M","E","R","B",null,"M","M","M"],"character_chosen":"IRONCLAD","items_purchased":["Shrug It Off","Flex"],"campfire_rested":2,"item_purchase_floors":[3,5],"current_hp_per_floor":[77,70,70,68,68,46,70,32,32,56,80,56,62,50,50,7,80,63,46,0],"gold":357,"neow_bonus":"ONE_RANDOM_RARE_CARD","is_prod":false,"is_daily":false,"chose_seed":false,"campfire_upgraded":1,"win_rate":0,"timestamp":1565151012,"path_taken":["M","?","$","M","$","E","R","E","T","R","?","E","M","E","R","BOSS","M","M","?"],"build_version":"2019-07-17","purchased_purges":0,"victory":false,"max_hp_per_floor":[80,80,80,80,80,80,80,80,80,80,80,80,80,80,80,80,80,80,80,80],"card_choices":[{"not_picked":["Clash","Bloodletting"],"picked":"Uppercut","floor":1.0},{"not_picked":["Clothesline","Body Slam"],"picked":"Inflame","floor":4},{"not_picked":["Shrug It Off","Burning Pact"],"picked":"Uppercut","floor":6},{"not_picked":["Power Through","Uppercut","Warcry"],"picked":"SKIP","floor":8},{"not_picked":["Reckless Charge","Flex"],"picked":"Cleave","floor":12},{"not_picked":["Corruption","Reckless Charge"],"picked":"Inflame","floor":13},{"not_picked":["Iron Wave","Carnage"],"picked":"Dark Embrace","floor":14},{"not_picked":["Reaper","Dark Embrace"],"picked":"Double Tap","floor":16},{"not_picked":["Headbutt+1","Cleave+1"],"picked":"Warcry","floor":18},{"not_picked":["Thunderclap","Intimidate+1"],"picked":"Flame Barrier","floor":19}],"player_experience":2537924,"relics_obtained":[{"floor":6,"key":"Darkstone Periapt"},{"floor":8,"key":"Omamori"},{"floor":9,"key":"Bag of Marbles"},{"floor":9,"key":"Blue Candle"},{"floor":12,"key":"Tiny Chest"},{"floor":14,"key":"Oddly Smooth Stone"}],"event_choices":[{"damage_healed":0.0,"max_hp_gain":0.0,"max_hp_loss":0.0,"gold_gain":0.0,"event_name":"Scrap Ooze","player_choice":"Success","floor":2.0,"gold_loss":0.0,"damage_taken":7.0,"relics_obtained":["Matryoshka"]},{"damage_healed":24,"gold_gain":0,"player_choice":"Full Heal","damage_taken":0,"max_hp_gain":0,"max_hp_loss":0,"event_name":"Wheel of Change","floor":11,"gold_loss":0}],"is_beta":false,"boss_relics":[{"not_picked":["Pandora\u0027s Box","Runic Cube"],"picked":"Eternal Feather"}],"items_purged_floors":[],"is_endless":false,"potions_floor_spawned":[4,6,12,13,16,18,19],"killed_by":"Shelled Parasite and Fungi","ascension_level":3}