{"gold_per_floor":[115,133,149,167,167,179,179,198,222,241,267,267,295,308,308,413,413,430,430,355,6,6,6,34,44,70,82,96,96,116,116,116,218,218,237,253,263,3,20,20,55,55,55,69,69,83,83,101,101,101],"floor_reached":50,"playtime":5862,"items_purged":["Strike_P","Strike_P"],"score":585,"play_id":"ab154ef3-a675-4457-bf14-d71e2ed918a2","local_time":"20190916165021","is_ascension_mode":false,"campfire_choices":[{"data":"Crescendo","floor":7.0,"key":"SMITH"},{"data":"Wireheading","floor":12.0,"key":"SMITH"},{"data":"MentalFortress","floor":15.0,"key":"SMITH"},{"data":"Adaptation","floor":23.0,"key":"SMITH"},{"floor":32.0,"key":"REST"},{"floor":40,"key":"REST"},{"floor":47,"key":"REST"},{"floor":49,"key":"REST"}],"neow_cost":"NONE","seed_source_timestamp":0,"circlet_count":0,"master_deck":["Strike_P+1","Defend_P","Defend_P","Defend_P","Defend_P+1","Eruption","Vigilance+1","EmptyFist","Crescendo+1","Protect","Wireheading+1","EmptyBody","FlyingSleeves","Consecrate+1","MentalFortress+1","Meditate","ReachHeaven","CurseOfTheBell","EmptyMind+1","Adaptation+1","WindmillStrike+1","CrushJoints+1","Halt","WreathOfFlame","Alpha","Sanctity","Perseverance+1","ClearTheMind+1","Bandage Up","Establishment","DeceiveReality+1","CutThroughFate+1"],"special_seed":0,"relics":["PureWater","Gremlin Horn","Melange","Whetstone","Vajra","Calling Bell","Toy Ornithopter","Pear","Ginger","MutagenicStrength","Pantograph","Molten Egg 2","War Paint","Lantern","VioletLotus","Art of War","Letter Opener"],"potions_floor_usage":[39,39,46,46],"damage_taken":[{"damage":1.0,"enemies":"Jaw Worm","floor":1.0,"turns":4.0},{"damage":0.0,"enemies":"Small Slimes","floor":2.0,"turns":2.0},{"damage":0.0,"enemies":"2 Louse","floor":3.0,"turns":1.0},{"damage":0.0,"enemies":"Red Slaver","floor":4.0,"turns":4.0},{"damage":0.0,"enemies":"Large Slime","floor":6.0,"turns":5.0},{"damage":2.0,"enemies":"2 Fungi Beasts","floor":8.0,"turns":3.0},{"damage":0.0,"enemies":"Exordium Thugs","floor":10.0,"turns":3.0},{"damage":15.0,"enemies":"Gremlin Nob","floor":11.0,"turns":3.0},{"damage":2.0,"enemies":"Lagavulin","floor":13.0,"turns":5.0},{"damage":17.0,"enemies":"Gremlin Gang","floor":14.0,"turns":4.0},{"damage":0.0,"enemies":"Slime Boss","floor":16.0,"turns":3.0},{"damage":14.0,"enemies":"Spheric Guardian","floor":18.0,"turns":4.0},{"damage":24.0,"enemies":"Slavers","floor":24.0,"turns":5.0},{"damage":13.0,"enemies":"2 Thieves","floor":25.0,"turns":3.0},{"damage":0.0,"enemies":"Snecko","floor":27.0,"turns":5.0},{"damage":6.0,"enemies":"Sentry and Sphere","floor":28.0,"turns":4.0},{"damage":8.0,"enemies":"Colosseum Slavers","floor":29.0,"turns":4.0},{"damage":2.0,"enemies":"Cultist and Chosen","floor":30.0,"turns":4.0},{"damage":48.0,"enemies":"Collector","floor":33.0,"turns":11.0},{"damage":0.0,"enemies":"3 Darklings","floor":35.0,"turns":4.0},{"damage":3.0,"enemies":"Orb Walker","floor":36.0,"turns":2.0},{"damage":27.0,"enemies":"Jaw Worm Horde","floor":37.0,"turns":5.0},{"damage":38,"enemies":"Spire Growth","floor":39,"turns":5},{"damage":41,"enemies":"Nemesis","floor":41,"turns":11},{"damage":11,"enemies":"Maw","floor":44,"turns":8},{"damage":11,"enemies":"Sphere and 2 Shapes","floor":46,"turns":2},{"damage":13,"enemies":"Writhing Mass","floor":48,"turns":3},{"damage":80,"enemies":"Awakened One","floor":50,"turns":5}],"seed_played":"-2000167289167325782","potions_obtained":[{"floor":1.0,"key":"Explosive Potion"},{"floor":4.0,"key":"Energy Potion"},{"floor":6.0,"key":"Poison Potion"},{"floor":13.0,"key":"FearPotion"},{"floor":16.0,"key":"SneckoOil"},{"floor":27.0,"key":"Ancient Potion"},{"floor":28.0,"key":"SkillPotion"},{"floor":30.0,"key":"Block Potion"},{"floor":33.0,"key":"Explosive Potion"},{"floor":35.0,"key":"FearPotion"},{"floor":37.0,"key":"Block Potion"},{"floor":41,"key":"Strength Potion"}],"is_trial":false,"path_per_floor":["M","M","M","M","?","M","R","M","T","M","E","R","E","M","R","B",null,"M","?","?","$","?","R","E","M","T","M","M","?","M","?","R","B",null,"M","M","M","$","M","R","E","?","T","M","T","M","R","M","R","B"],"character_chosen":"WATCHER","items_purchased":["Pantograph","Adaptation","Bandage Up","Establishment"],"campfire_rested":4,"item_purchase_floors":[21,21,38,38],"current_hp_per_floor":[70,70,70,70,63,63,63,61,61,61,46,46,44,27,27,27,81,67,67,67,67,67,67,43,30,30,30,24,26,24,24,48,30,81,81,78,51,51,27,51,14,14,14,7,7,10,34,25,49,0],"gold":101,"neow_bonus":"TEN_PERCENT_HP_BONUS","is_prod":false,"is_daily":false,"chose_seed":false,"campfire_upgraded":4,"win_rate":0,"timestamp":1568670621,"path_taken":["M","M","M","M","?","M","R","M","T","M","E","R","E","M","R","BOSS","M","?","?","$","?","R","E","?","T","M","M","?","M","?","R","BOSS","M","M","M","$","M","R","E","?","T","M","?","M","R","M","R","BOSS"],"build_version":"2019-09-16","purchased_purges":2,"victory":false,"max_hp_per_floor":[71,71,71,71,71,71,71,71,71,71,71,71,71,71,71,71,81,81,81,81,81,81,81,81,81,81,81,81,81,81,81,81,81,81,81,81,81,81,81,81,81,81,81,81,81,81,81,81,81,81],"card_choices":[{"not_picked":["Collect","Meditate"],"picked":"EmptyFist","floor":1.0},{"not_picked":["Tantrum","BowlingBash"],"picked":"Crescendo","floor":2.0},{"not_picked":["Crescendo","BowlingBash"],"picked":"Protect","floor":3.0},{"not_picked":["FollowUp","Vengeance"],"picked":"Wireheading","floor":4.0},{"not_picked":["Crescendo","EmptyFist"],"picked":"EmptyBody","floor":6.0},{"not_picked":["WaveOfTheHand","Protect"],"picked":"FlyingSleeves","floor":8.0},{"not_picked":["Vengeance","WreathOfFlame"],"picked":"Consecrate","floor":10.0},{"not_picked":["Metaphysics","WreathOfFlame"],"picked":"MentalFortress","floor":11.0},{"not_picked":["CrushJoints","ThirdEye"],"picked":"Meditate","floor":13.0},{"not_picked":["EmptyBody","CrushJoints","Swivel"],"picked":"SKIP","floor":14.0},{"not_picked":["Wish","DeusExMachina"],"picked":"ReachHeaven","floor":16.0},{"not_picked":["Wireheading+1","FlyingSleeves"],"picked":"EmptyMind+1","floor":18.0},{"not_picked":["Clarity","Tantrum+1"],"picked":"WindmillStrike+1","floor":24.0},{"not_picked":["Vengeance","Adaptation","SpiritShield+1"],"picked":"SKIP","floor":25.0},{"not_picked":["Collect","Vengeance"],"picked":"CrushJoints+1","floor":27.0},{"not_picked":["Collect","DeceiveReality"],"picked":"Halt","floor":28.0},{"not_picked":["Evaluate+1","Consecrate+1"],"picked":"WreathOfFlame","floor":30.0},{"not_picked":["Wallop+1","Nirvana"],"picked":"Alpha","floor":33.0},{"not_picked":["Evaluate","EmptyFist+1"],"picked":"Sanctity","floor":35.0},{"not_picked":["BowlingBash+1","PathToVictory"],"picked":"Perseverance+1","floor":36.0},{"not_picked":["EmptyMind+1","Sanctity"],"picked":"ClearTheMind+1","floor":37.0},{"not_picked":["WreathOfFlame+1","Worship+1"],"picked":"DeceiveReality+1","floor":39},{"not_picked":["JustLucky+1","MasterReality"],"picked":"CutThroughFate+1","floor":41},{"not_picked":["FlyingSleeves+1","EmptyMind+1","MentalFortress+1"],"picked":"SKIP","floor":44},{"not_picked":["Adaptation","Crescendo","EmptyFist+1"],"picked":"SKIP","floor":46},{"not_picked":["WindmillStrike+1","ThirdEye","CrushJoints+1"],"picked":"SKIP","floor":48}],"player_experience":286222,"relics_obtained":[{"floor":9.0,"key":"Melange"},{"floor":11.0,"key":"Whetstone"},{"floor":13.0,"key":"Vajra"},{"floor":17.0,"key":"Toy Ornithopter"},{"floor":17.0,"key":"Pear"},{"floor":17.0,"key":"Ginger"},{"floor":24.0,"key":"War Paint"},{"floor":26.0,"key":"Lantern"},{"floor":41,"key":"Art of War"},{"floor":45,"key":"Letter Opener"}],"event_choices":[{"damage_healed":0.0,"max_hp_gain":0.0,"max_hp_loss":0.0,"gold_gain":0.0,"event_name":"Scrap Ooze","player_choice":"Success","floor":5.0,"gold_loss":0.0,"damage_taken":7.0,"relics_obtained":["Gremlin Horn"]},{"damage_healed":0.0,"max_hp_gain":0.0,"max_hp_loss":0.0,"gold_gain":0.0,"event_name":"Drug Dealer","player_choice":"Inject Mutagens","floor":19.0,"gold_loss":0.0,"damage_taken":0.0,"relics_obtained":["MutagenicStrength"]},{"cards_removed":["Strike_P"],"damage_healed":0.0,"max_hp_gain":0.0,"max_hp_loss":0.0,"gold_gain":0.0,"event_name":"Beggar","player_choice":"Gave Gold","floor":20.0,"gold_loss":75.0,"damage_taken":0.0},{"damage_healed":0.0,"max_hp_gain":0.0,"max_hp_loss":0.0,"gold_gain":0.0,"event_name":"WeMeetAgain","player_choice":"Gave Potion","floor":22.0,"gold_loss":0.0,"damage_taken":0.0,"relics_obtained":["Molten Egg 2"]},{"damage_healed":0.0,"max_hp_gain":0.0,"max_hp_loss":0.0,"gold_gain":0.0,"event_name":"Colosseum","player_choice":"Fight","floor":29.0,"gold_loss":0.0,"damage_taken":0.0},{"damage_healed":0.0,"max_hp_gain":0.0,"max_hp_loss":0.0,"gold_gain":0.0,"event_name":"Colosseum","player_choice":"Fled From Nobs","floor":29.0,"gold_loss":0.0,"damage_taken":0.0},{"damage_healed":0.0,"max_hp_gain":0.0,"max_hp_loss":0.0,"gold_gain":0.0,"event_name":"Cursed Tome","player_choice":"Ignored","floor":31.0,"gold_loss":0.0,"damage_taken":0.0},{"damage_healed":0,"gold_gain":0,"player_choice":"Ignored","damage_taken":0,"max_hp_gain":0,"max_hp_loss":0,"event_name":"Mysterious Sphere","floor":42,"gold_loss":0}],"is_beta":true,"boss_relics":[{"not_picked":["Black Star","Snecko Eye"],"picked":"Calling Bell"},{"not_picked":["Velvet Choker","Astrolabe"],"picked":"VioletLotus"}],"items_purged_floors":[21,38],"is_endless":false,"potions_floor_spawned":[1,4,6,13,16,27,28,30,33,35,37,41],"killed_by":"Awakened One","ascension_level":0}