{"gold_per_floor":[117,128,31,48,48,78,78,109,134,134,165,177,187,187,187,287,287,305,305,12,27,45,45,78,78,78,98,108,108,23,33,33,33],"floor_reached":33,"playtime":2049,"items_purged":[],"score":359,"play_id":"51e1207d-77f3-41c1-b561-88626b1ad434","local_time":"20190907005120","is_ascension_mode":true,"campfire_choices":[{"floor":7.0,"key":"REST"},{"floor":10.0,"key":"REST"},{"floor":15.0,"key":"REST"},{"floor":23.0,"key":"REST"},{"floor":25.0,"key":"REST"},{"floor":29.0,"key":"REST"},{"floor":32.0,"key":"REST"}],"neow_cost":"NONE","seed_source_timestamp":0,"circlet_count":0,"master_deck":["Strike_G","Strike_G","Strike_G","Strike_G","Strike_G","Defend_G","Defend_G","Defend_G","Defend_G","Defend_G","Survivor","Neutralize","Terror","Sucker Punch","Well Laid Plans","Outmaneuver","Deadly Poison","Footwork+1","Backflip","Reflex","Blur","Dash","Slice","Dagger Throw","Burst","Escape Plan","Catalyst","Backstab","Noxious Fumes+1","Doppelganger","Malaise","Acrobatics+1","Dash","Choke+1"],"special_seed":0,"relics":["Ring of the Snake","NeowsBlessing","Lantern","Omamori","Bag of Preparation","Snecko Eye","Nloth\u0027s Gift","Vajra","Orichalcum","Ninja Scroll","Happy Flower"],"potions_floor_usage":[],"damage_taken":[{"damage":0.0,"enemies":"Cultist","floor":1.0,"turns":1.0},{"damage":0.0,"enemies":"Small Slimes","floor":2.0,"turns":1.0},{"damage":0.0,"enemies":"Jaw Worm","floor":4.0,"turns":1.0},{"damage":32.0,"enemies":"3 Sentries","floor":6.0,"turns":10.0},{"damage":10.0,"enemies":"Lagavulin","floor":8.0,"turns":8.0},{"damage":34.0,"enemies":"3 Sentries","floor":11.0,"turns":13.0},{"damage":2.0,"enemies":"Exordium Thugs","floor":12.0,"turns":7.0},{"damage":3.0,"enemies":"Gremlin Gang","floor":13.0,"turns":6.0},{"damage":39.0,"enemies":"Hexaghost","floor":16.0,"turns":14.0},{"damage":15.0,"enemies":"Shell Parasite","floor":18.0,"turns":8.0},{"damage":21.0,"enemies":"2 Thieves","floor":21.0,"turns":4.0},{"damage":8.0,"enemies":"Shelled Parasite and Fungi","floor":22.0,"turns":7.0},{"damage":13.0,"enemies":"Gremlin Leader","floor":24.0,"turns":7.0},{"damage":35.0,"enemies":"Sentry and Sphere","floor":27.0,"turns":7.0},{"damage":8.0,"enemies":"Centurion and Healer","floor":28.0,"turns":8.0},{"damage":13.0,"enemies":"Snecko","floor":31.0,"turns":5.0},{"damage":38,"enemies":"Champ","floor":33,"turns":12}],"seed_played":"-4165112518060056964","potions_obtained":[{"floor":4.0,"key":"GhostInAJar"},{"floor":8.0,"key":"Weak Potion"},{"floor":12.0,"key":"SkillPotion"},{"floor":13.0,"key":"LiquidBronze"},{"floor":21.0,"key":"SkillPotion"},{"floor":24.0,"key":"SmokeBomb"},{"floor":31.0,"key":"FearPotion"}],"is_trial":false,"path_per_floor":["M","M","$","M","?","E","R","E","T","R","E","M","M","?","R","B",null,"M","?","$","M","M","R","E","R","T","M","M","R","?","M","R","B"],"character_chosen":"THE_SILENT","items_purchased":["Well Laid Plans","Outmaneuver","Catalyst","Vajra","Backstab"],"campfire_rested":7,"item_purchase_floors":[3,3,20,20,20],"current_hp_per_floor":[70,70,70,70,75,43,65,55,55,75,41,39,36,36,58,19,61,46,46,46,25,17,39,26,48,48,13,5,27,27,14,36,0],"gold":33,"neow_bonus":"THREE_ENEMY_KILL","is_prod":false,"is_daily":false,"chose_seed":false,"campfire_upgraded":0,"win_rate":0,"timestamp":1567842680,"path_taken":["M","M","$","M","?","E","R","E","T","R","E","M","M","?","R","BOSS","M","?","$","M","M","R","E","R","T","M","?","R","?","M","R","BOSS"],"build_version":"2019-07-17","purchased_purges":0,"victory":false,"max_hp_per_floor":[70,70,70,70,75,75,75,75,75,75,75,75,75,75,75,75,75,75,75,75,75,75,75,75,75,75,75,75,75,75,75,75,75],"card_choices":[{"not_picked":["Cloak And Dagger","Deflect"],"picked":"Terror","floor":1.0},{"not_picked":["Dagger Throw","Outmaneuver"],"picked":"Sucker Punch","floor":2.0},{"not_picked":["Underhanded Strike","Catalyst"],"picked":"Deadly Poison","floor":4.0},{"not_picked":["Catalyst","Distraction"],"picked":"Footwork","floor":6.0},{"not_picked":["Underhanded Strike","Dagger Spray"],"picked":"Backflip","floor":8.0},{"not_picked":["Caltrops","Poisoned Stab"],"picked":"Reflex","floor":10.0},{"not_picked":["Dagger Spray","Endless Agony"],"picked":"Blur","floor":11.0},{"not_picked":["Night Terror","Dagger Spray"],"picked":"Dash","floor":12.0},{"not_picked":["Deflect","Sucker Punch"],"picked":"Slice","floor":13.0},{"not_picked":["Finisher","Deflect"],"picked":"Dagger Throw","floor":15.0},{"not_picked":["Night Terror","Doppelganger"],"picked":"Burst","floor":16.0},{"not_picked":["Dodge and Roll","Poisoned Stab"],"picked":"Escape Plan","floor":18.0},{"not_picked":["Endless Agony","Acrobatics"],"picked":"Noxious Fumes+1","floor":21.0},{"not_picked":["Backflip","Cloak And Dagger"],"picked":"Doppelganger","floor":22.0},{"not_picked":["PiercingWail","Caltrops"],"picked":"Malaise","floor":24.0},{"not_picked":["Dagger Throw","Calculated Gamble"],"picked":"Acrobatics+1","floor":27.0},{"not_picked":["Quick Slash","Escape Plan"],"picked":"Dash","floor":28.0},{"not_picked":["Prepared","Dagger Throw"],"picked":"Choke+1","floor":31.0}],"player_experience":3140491,"relics_obtained":[{"floor":6.0,"key":"Lantern"},{"floor":8.0,"key":"Omamori"},{"floor":9.0,"key":"Dream Catcher"},{"floor":11.0,"key":"Bag of Preparation"},{"floor":24.0,"key":"Orichalcum"},{"floor":26.0,"key":"Ninja Scroll"}],"event_choices":[{"damage_healed":0.0,"max_hp_gain":5.0,"max_hp_loss":0.0,"gold_gain":0.0,"event_name":"Big Fish","player_choice":"Donut","floor":5.0,"gold_loss":0.0,"damage_taken":0.0},{"damage_healed":0.0,"max_hp_gain":0.0,"max_hp_loss":0.0,"gold_gain":0.0,"event_name":"Upgrade Shrine","player_choice":"Upgraded","floor":14.0,"gold_loss":0.0,"damage_taken":0.0,"cards_upgraded":["Footwork"]},{"damage_healed":0.0,"max_hp_gain":0.0,"max_hp_loss":0.0,"gold_gain":0.0,"event_name":"N\u0027loth","player_choice":"Traded Relic","floor":19.0,"relics_lost":["Dream Catcher"],"gold_loss":0.0,"damage_taken":0.0,"relics_obtained":["Nloth\u0027s Gift"]},{"damage_healed":0.0,"max_hp_gain":0.0,"max_hp_loss":0.0,"gold_gain":0.0,"event_name":"Addict","player_choice":"Obtained Relic","floor":30.0,"gold_loss":85.0,"damage_taken":0.0,"relics_obtained":["Happy Flower"]}],"is_beta":false,"boss_relics":[{"not_picked":["Astrolabe","Fusion Hammer"],"picked":"Snecko Eye"}],"items_purged_floors":[],"is_endless":false,"potions_floor_spawned":[4,8,12,13,21,24,31],"killed_by":"Champ","ascension_level":5}