{"gold_per_floor":[15,30,30,30,55,96,111,111,138,138,60,60,60,79,79,209,209,233,246,246],"floor_reached":20,"playtime":1050,"items_purged":[],"score":261,"play_id":"6980db9b-5d44-4156-bdc9-37d2e4345103","local_time":"20191016175053","is_ascension_mode":true,"campfire_choices":[{"floor":8,"key":"REST"},{"floor":13,"key":"REST"},{"data":"Blizzard","floor":15,"key":"SMITH"}],"neow_cost":"NO_GOLD","seed_source_timestamp":445509274961900,"circlet_count":0,"master_deck":["AscendersBane","Strike_B","Strike_B","Strike_B","Strike_B","Defend_B","Defend_B","Defend_B","Defend_B","Zap","Dualcast","Biased Cognition+1","BootSequence","Compile Driver","Sweeping Beam+1","Coolheaded+1","Coolheaded","Amplify","Blizzard+1","Hyperbeam","Redo"],"relics":["FrozenCore","Golden Idol","Ancient Tea Set","Omamori","Orichalcum"],"potions_floor_usage":[16,16,16],"damage_taken":[{"damage":6,"enemies":"2 Louse","floor":1,"turns":2},{"damage":8,"enemies":"Small Slimes","floor":2,"turns":3},{"damage":0,"enemies":"Jaw Worm","floor":5,"turns":3},{"damage":40,"enemies":"3 Sentries","floor":6,"turns":6},{"damage":7,"enemies":"3 Louse","floor":7,"turns":3},{"damage":0,"enemies":"Exordium Wildlife","floor":14,"turns":4},{"damage":30,"enemies":"Slime Boss","floor":16,"turns":11},{"damage":23,"enemies":"Spheric Guardian","floor":18,"turns":6},{"damage":20,"enemies":"3 Byrds","floor":19,"turns":7},{"damage":26,"enemies":"Masked Bandits","floor":20,"turns":3}],"seed_played":"1638898275965098231","potions_obtained":[{"floor":5,"key":"GamblersBrew"},{"floor":6,"key":"Explosive Potion"},{"floor":7,"key":"Regen Potion"},{"floor":16,"key":"Weak Potion"}],"is_trial":false,"path_per_floor":["M","M","?","?","M","E","M","R","T","?","$","?","R","M","R","B",null,"M","M","?"],"character_chosen":"DEFECT","items_purchased":["Amplify"],"campfire_rested":2,"item_purchase_floors":[11],"current_hp_per_floor":[62,54,54,54,54,14,7,27,27,24,24,10,30,30,30,15,56,33,13,0],"gold":246,"neow_bonus":"THREE_RARE_CARDS","is_prod":false,"is_daily":false,"chose_seed":false,"campfire_upgraded":1,"win_rate":0,"timestamp":1571266253,"path_taken":["M","M","?","?","M","E","M","R","T","?","$","?","R","M","R","BOSS","M","M","?"],"build_version":"2019-10-16","purchased_purges":0,"victory":false,"max_hp_per_floor":[75,75,69,69,69,69,69,69,69,69,69,69,69,69,69,69,69,69,69,69],"card_choices":[{"not_picked":["Meteor Strike","Hyperbeam"],"picked":"Biased Cognition","floor":0},{"not_picked":["Hologram","Turbo"],"picked":"BootSequence","floor":1},{"not_picked":["Rebound","White Noise"],"picked":"Compile Driver","floor":2},{"not_picked":["Turbo","All For One"],"picked":"Sweeping Beam","floor":5},{"not_picked":["Beam Cell","Compile Driver"],"picked":"Coolheaded","floor":6},{"not_picked":["Beam Cell","Auto Shields"],"picked":"Coolheaded","floor":7},{"not_picked":["Compile Driver","Stack"],"picked":"Blizzard","floor":14},{"not_picked":["Fission","Thunder Strike"],"picked":"Hyperbeam","floor":16},{"not_picked":["Consume","Conserve Battery"],"picked":"Redo","floor":18},{"not_picked":["Steam","Redo","Rip and Tear"],"picked":"SKIP","floor":19}],"player_experience":523010,"relics_obtained":[{"floor":6,"key":"Ancient Tea Set"},{"floor":9,"key":"Omamori"}],"event_choices":[{"damage_healed":0,"gold_gain":0,"player_choice":"Lose Max HP","damage_taken":0,"relics_obtained":["Golden Idol"],"max_hp_gain":0,"max_hp_loss":6,"event_name":"Golden Idol","floor":3,"gold_loss":0},{"damage_healed":0,"gold_gain":0,"player_choice":"Grow","damage_taken":0,"max_hp_gain":0,"max_hp_loss":0,"event_name":"Living Wall","floor":4,"gold_loss":0,"cards_upgraded":["Biased Cognition"]},{"damage_healed":0,"gold_gain":0,"player_choice":"Success","damage_taken":3,"relics_obtained":["Orichalcum"],"max_hp_gain":0,"max_hp_loss":0,"event_name":"Scrap Ooze","floor":10,"gold_loss":0},{"damage_healed":0,"gold_gain":0,"player_choice":"Entered Light","damage_taken":14,"max_hp_gain":0,"max_hp_loss":0,"event_name":"Shining Light","floor":12,"gold_loss":0,"cards_upgraded":["Coolheaded","Sweeping Beam"]},{"damage_healed":0,"gold_gain":0,"player_choice":"Fought Bandits","damage_taken":0,"max_hp_gain":0,"max_hp_loss":0,"event_name":"Masked Bandits","floor":20,"gold_loss":0}],"is_beta":true,"boss_relics":[{"not_picked":["Inserter","Empty Cage"],"picked":"FrozenCore"}],"items_purged_floors":[],"is_endless":false,"potions_floor_spawned":[5,6,7,16],"killed_by":"Masked Bandits","ascension_level":10}