{"gold_per_floor":[119,119,169,219,269,296,346,366,366,63,170,170,220,235,235,334,384,395,0,50,100,111,111,139,139,212,212,245,17,112,146,146,146],"floor_reached":33,"playtime":3513,"items_purged":["Defend_G"],"score":360,"play_id":"d70f5a89-82e0-4185-8295-9363e1553d85","local_time":"20190812172858","is_ascension_mode":true,"campfire_choices":[{"floor":12.0,"key":"REST"},{"data":"Neutralize","floor":15.0,"key":"SMITH"},{"data":"Pommel Strike","floor":23.0,"key":"SMITH"},{"data":"Outmaneuver","floor":25,"key":"SMITH"},{"data":"Calculated Gamble","floor":27,"key":"SMITH"},{"floor":32,"key":"REST"}],"neow_cost":"NONE","seed_source_timestamp":0,"circlet_count":0,"master_deck":["Strike_G+1","Strike_G+1","Strike_G+1","Strike_G+1","Defend_G+1","Defend_G+1","Defend_G+1","Defend_G+1","Survivor","Neutralize+1","Prepared","Calculated Gamble+1","Dagger Spray","Prepared","Neutralize","Well Laid Plans+1","Caltrops","Pommel Strike+1","Pommel Strike","Core Surge","Headbutt","PiercingWail+1","Terror","Outmaneuver+1","Endless Agony","Blind+1"],"special_seed":0,"relics":["Ring of the Snake","Juzu Bracelet","SsserpentHead","Dodecahedron","Potion Belt","PrismaticShard","Vajra","Pear","Tiny House","Orichalcum","Pen Nib","Toxic Egg 2","Darkstone Periapt","Happy Flower","Lantern","Question Card"],"potions_floor_usage":[31,31,31],"damage_taken":[{"damage":0.0,"enemies":"Jaw Worm","floor":1.0,"turns":7.0},{"damage":34.0,"enemies":"3 Sentries","floor":6.0,"turns":15.0},{"damage":0.0,"enemies":"Cultist","floor":8.0,"turns":3.0},{"damage":32.0,"enemies":"Gremlin Nob","floor":11.0,"turns":6.0},{"damage":0.0,"enemies":"Small Slimes","floor":14.0,"turns":2.0},{"damage":14.0,"enemies":"Slime Boss","floor":16.0,"turns":8.0},{"damage":10.0,"enemies":"3 Byrds","floor":18.0,"turns":3.0},{"damage":6.0,"enemies":"Shell Parasite","floor":22.0,"turns":6.0},{"damage":7,"enemies":"Gremlin Leader","floor":24,"turns":8},{"damage":13,"enemies":"Book of Stabbing","floor":28,"turns":5},{"damage":35,"enemies":"Gremlin Leader","floor":31,"turns":8},{"damage":46,"enemies":"Collector","floor":33,"turns":7}],"seed_played":"-5087300868075877891","potions_obtained":[{"floor":8.0,"key":"SpeedPotion"},{"floor":14.0,"key":"PowerPotion"},{"floor":17.0,"key":"SteroidPotion"},{"floor":18.0,"key":"Block Potion"},{"floor":31,"key":"Dexterity Potion"}],"is_trial":false,"path_per_floor":["M","?","?","?","?","E","?","M","T","$","?","R","T","M","R","B",null,"M","?","?","?","M","R","E","R","T","R","E","$","T","E","R","B"],"character_chosen":"THE_SILENT","items_purchased":["PrismaticShard","Caltrops","Blind+1","Happy Flower"],"campfire_rested":2,"item_purchase_floors":[10,10,29,29],"current_hp_per_floor":[70,70,70,70,75,41,41,41,41,41,9,31,41,41,41,27,90,80,80,80,80,74,74,67,67,67,67,54,54,54,19,46,0],"gold":146,"neow_bonus":"RANDOM_COMMON_RELIC","is_prod":false,"is_daily":false,"chose_seed":false,"campfire_upgraded":4,"win_rate":0,"timestamp":1565648938,"path_taken":["M","?","?","?","?","E","?","M","T","$","?","R","?","M","R","BOSS","M","?","?","?","M","R","E","R","T","R","E","$","?","E","R","BOSS"],"build_version":"2019-07-17","purchased_purges":1,"victory":false,"max_hp_per_floor":[70,70,70,70,75,75,75,75,75,75,75,75,85,85,85,85,90,90,90,90,90,90,90,90,90,90,90,90,90,90,90,90,90],"card_choices":[{"not_picked":["Dagger Throw","Acrobatics"],"picked":"Prepared","floor":1.0},{"not_picked":["Acrobatics","Slice"],"picked":"Dagger Spray","floor":6.0},{"not_picked":["Slice","Prepared"],"picked":"Well Laid Plans","floor":8.0},{"not_picked":["Beam Cell","Warcry"],"picked":"Pommel Strike","floor":11.0},{"not_picked":["True Grit","Sword Boomerang"],"picked":"Pommel Strike","floor":14.0},{"not_picked":["Doppelganger","Secret Weapon"],"picked":"Core Surge","floor":16.0},{"not_picked":["Bane","Wild Strike"],"picked":"Headbutt","floor":17.0},{"not_picked":["Poisoned Stab","Sentinel"],"picked":"PiercingWail+1","floor":18.0},{"not_picked":["Burning Pact","Flex"],"picked":"Terror","floor":22.0},{"not_picked":["Barricade","Blood for Blood"],"picked":"Outmaneuver","floor":24},{"not_picked":["Cold Snap","Sucker Punch+1"],"picked":"Endless Agony","floor":28},{"not_picked":["Warcry+1","Caltrops","Clash+1"],"picked":"SKIP","floor":31}],"player_experience":117802,"relics_obtained":[{"floor":6.0,"key":"Dodecahedron"},{"floor":9.0,"key":"Potion Belt"},{"floor":11.0,"key":"Vajra"},{"floor":13.0,"key":"Pear"},{"floor":24,"key":"Pen Nib"},{"floor":26,"key":"Toxic Egg 2"},{"floor":28,"key":"Darkstone Periapt"},{"floor":30,"key":"Lantern"},{"floor":31,"key":"Question Card"}],"event_choices":[{"damage_healed":0.0,"max_hp_gain":0.0,"max_hp_loss":0.0,"gold_gain":0.0,"event_name":"FaceTrader","player_choice":"Trade","floor":2.0,"gold_loss":0.0,"damage_taken":0.0,"relics_obtained":["SsserpentHead"]},{"damage_healed":0.0,"max_hp_gain":0.0,"max_hp_loss":0.0,"gold_gain":0.0,"event_name":"Golden Wing","player_choice":"Ignored","floor":3.0,"gold_loss":0.0,"damage_taken":0.0},{"damage_healed":0.0,"max_hp_gain":0.0,"max_hp_loss":0.0,"gold_gain":0.0,"cards_transformed":["Strike_G"],"event_name":"Transmorgrifier","player_choice":"Transformed","floor":4.0,"gold_loss":0.0,"damage_taken":0.0,"cards_obtained":["Calculated Gamble"]},{"damage_healed":0.0,"max_hp_gain":5.0,"max_hp_loss":0.0,"gold_gain":0.0,"event_name":"Big Fish","player_choice":"Donut","floor":5.0,"gold_loss":0.0,"damage_taken":0.0},{"damage_healed":0.0,"max_hp_gain":0.0,"max_hp_loss":0.0,"gold_gain":0.0,"event_name":"Match and Keep!","player_choice":"2 cards matched","floor":7.0,"gold_loss":0.0,"damage_taken":0.0,"cards_obtained":["Prepared","Neutralize"]},{"damage_healed":0.0,"max_hp_gain":0.0,"max_hp_loss":0.0,"gold_gain":0.0,"event_name":"Dead Adventurer","player_choice":"Searched \u00271\u0027 times","floor":11.0,"gold_loss":0.0,"damage_taken":0.0},{"damage_healed":0.0,"max_hp_gain":0.0,"max_hp_loss":0.0,"gold_gain":0.0,"event_name":"Masked Bandits","player_choice":"Paid Fearfully","floor":19.0,"gold_loss":445.0,"damage_taken":0.0},{"damage_healed":0.0,"max_hp_gain":0.0,"max_hp_loss":0.0,"gold_gain":0.0,"event_name":"The Mausoleum","player_choice":"Opened","floor":20.0,"gold_loss":0.0,"damage_taken":0.0,"relics_obtained":["Orichalcum"]},{"damage_healed":0.0,"max_hp_gain":0.0,"max_hp_loss":0.0,"gold_gain":0.0,"event_name":"Back to Basics","player_choice":"Simplicity","floor":21.0,"gold_loss":0.0,"damage_taken":0.0,"cards_upgraded":["Strike_G","Strike_G","Strike_G","Strike_G","Defend_G","Defend_G","Defend_G","Defend_G"]}],"is_beta":false,"boss_relics":[{"not_picked":["Sozu","HoveringKite"],"picked":"Tiny House"}],"items_purged_floors":[10],"is_endless":false,"potions_floor_spawned":[8,14,18,31],"killed_by":"Collector","ascension_level":1}