{"gold_per_floor":[113,129,129,129,149,178,178,203,203,217,33,33],"floor_reached":12,"playtime":320,"items_purged":["Rupture"],"score":97,"play_id":"26a3d84b-0874-4654-8af5-153d1d720d91","local_time":"20190627172143","is_ascension_mode":true,"campfire_choices":[{"floor":7,"key":"REST"}],"neow_cost":"NONE","seed_source_timestamp":1263854298545029,"circlet_count":0,"master_deck":["Strike_R","Strike_R","Strike_R","Strike_R","Strike_R","Defend_R","Defend_R","Defend_R","Defend_R","Bash","Flex","Combust","Warcry"],"relics":["Burning Blood","NeowsBlessing","The Courier","Sundial","Paper Frog","Matryoshka","Vajra"],"potions_floor_usage":[10],"damage_taken":[{"damage":0,"enemies":"Jaw Worm","floor":1,"turns":1},{"damage":0,"enemies":"Cultist","floor":2,"turns":1},{"damage":0,"enemies":"Small Slimes","floor":5,"turns":1},{"damage":58,"enemies":"Gremlin Nob","floor":6,"turns":5},{"damage":40,"enemies":"3 Sentries","floor":8,"turns":4},{"damage":14,"enemies":"Blue Slaver","floor":10,"turns":4},{"damage":15,"enemies":"2 Fungi Beasts","floor":12,"turns":2}],"seed_played":"-1155845233373288443","potions_obtained":[{"floor":1,"key":"SmokeBomb"},{"floor":8,"key":"SkillPotion"},{"floor":10,"key":"SkillPotion"}],"is_trial":false,"path_per_floor":["M","M","?","?","M","E","R","E","T","M","$","M"],"character_chosen":"IRONCLAD","items_purchased":["Vajra"],"campfire_rested":1,"item_purchase_floors":[11],"current_hp_per_floor":[80,80,80,80,80,28,52,18,18,10,10,0],"gold":33,"neow_bonus":"THREE_ENEMY_KILL","is_prod":false,"is_daily":false,"chose_seed":false,"campfire_upgraded":0,"win_rate":0,"timestamp":1561670503,"path_taken":["M","M","?","?","?","E","R","E","T","M","$","M"],"build_version":"2019-01-23","purchased_purges":1,"victory":false,"max_hp_per_floor":[80,80,80,80,80,80,80,80,80,80,80,80],"card_choices":[{"not_picked":["Carnage","Shrug It Off"],"picked":"Rupture","floor":1},{"not_picked":["Headbutt","Fire Breathing"],"picked":"Flex","floor":2},{"not_picked":["Sword Boomerang","Havoc","Clothesline"],"picked":"SKIP","floor":5},{"not_picked":["Wild Strike","Feed"],"picked":"Combust","floor":6},{"not_picked":["Perfected Strike","Rage"],"picked":"Warcry","floor":8},{"not_picked":["Clash","Havoc","Searing Blow"],"picked":"SKIP","floor":10}],"player_experience":245350,"relics_obtained":[{"floor":6,"key":"Sundial"},{"floor":8,"key":"Paper Frog"},{"floor":9,"key":"Matryoshka"}],"event_choices":[{"damage_healed":0,"gold_gain":0,"player_choice":"Box","damage_taken":0,"relics_obtained":["The Courier"],"max_hp_gain":0,"max_hp_loss":0,"event_name":"Big Fish","floor":3,"gold_loss":0,"cards_obtained":["Regret"]},{"cards_removed":["Regret"],"damage_healed":0,"gold_gain":0,"player_choice":"Removed Curses","damage_taken":0,"max_hp_gain":0,"max_hp_loss":0,"event_name":"Fountain of Cleansing","floor":4,"gold_loss":0}],"is_beta":false,"boss_relics":[],"items_purged_floors":[11],"is_endless":false,"potions_floor_spawned":[1,8,10],"killed_by":"2 Fungi Beasts","ascension_level":2}