{"gold_per_floor":[114,132,151,151,171,206,206,250,273,312,330,11,36,36],"floor_reached":14,"playtime":1225,"items_purged":["Injury"],"score":118,"play_id":"c2dfcbf9-a925-405e-ad09-1d9ead038ccb","local_time":"20190911094130","is_ascension_mode":true,"campfire_choices":[{"floor":7,"key":"REST"}],"neow_cost":"NONE","seed_source_timestamp":658681995570600,"circlet_count":0,"master_deck":["Strike_P","Strike_P","Strike_P","Strike_P","Defend_P","Defend_P","Defend_P","Defend_P","Eruption","Vigilance+1","Crescendo","WindmillStrike","Sanctity","EmptyBody","CutThroughFate","ThirdEye","TalkToTheHand","Conclude","EmptyMind","FollowUp"],"relics":["PureWater","Golden Idol","Oddly Smooth Stone","Potion Belt","Art of War","Centennial Puzzle","Vajra"],"potions_floor_usage":[5,6,8,14],"damage_taken":[{"damage":6,"enemies":"Jaw Worm","floor":1,"turns":2},{"damage":5,"enemies":"2 Louse","floor":2,"turns":3},{"damage":0,"enemies":"Small Slimes","floor":3,"turns":2},{"damage":0,"enemies":"Blue Slaver","floor":5,"turns":5},{"damage":11,"enemies":"Gremlin Nob","floor":6,"turns":4},{"damage":34,"enemies":"Lagavulin","floor":8,"turns":7},{"damage":19,"enemies":"3 Sentries","floor":10,"turns":11},{"damage":0,"enemies":"Large Slime","floor":11,"turns":4},{"damage":0,"enemies":"Red Slaver","floor":13,"turns":3},{"damage":11,"enemies":"Exordium Thugs","floor":14,"turns":1}],"seed_played":"-3334700057956663779","potions_obtained":[{"floor":2,"key":"Dexterity Potion"},{"floor":3,"key":"Block Potion"},{"floor":5,"key":"DuplicationPotion"},{"floor":11,"key":"PowerPotion"}],"is_trial":false,"path_per_floor":["M","M","M","?","M","E","R","E","T","E","M","$","M","M"],"character_chosen":"WATCHER","items_purchased":["Vajra","Conclude","EmptyMind"],"campfire_rested":1,"item_purchase_floors":[12,12,12],"current_hp_per_floor":[59,54,54,54,54,43,62,28,28,9,9,9,9,0],"gold":36,"neow_bonus":"UPGRADE_CARD","is_prod":false,"is_daily":false,"chose_seed":false,"campfire_upgraded":0,"win_rate":0,"timestamp":1568212890,"path_taken":["M","M","M","?","M","E","R","E","T","E","M","$","M","M"],"build_version":"2019-09-10","purchased_purges":1,"victory":false,"max_hp_per_floor":[65,65,65,65,65,65,65,65,65,65,65,65,65,65],"card_choices":[{"not_picked":["ClearTheMind","CleanseEvil"],"picked":"Crescendo","floor":1},{"not_picked":["Consecrate","ForeignInfluence"],"picked":"WindmillStrike","floor":2},{"not_picked":["Prostrate","Crescendo"],"picked":"Sanctity","floor":3},{"not_picked":["DeceiveReality","ThirdEye"],"picked":"EmptyBody","floor":5},{"not_picked":["FollowUp","Tantrum"],"picked":"CutThroughFate","floor":6},{"not_picked":["Consecrate","Scrawl","DeceiveReality"],"picked":"SKIP","floor":8},{"not_picked":["Adaptation","FlurryOfBlows"],"picked":"ThirdEye","floor":10},{"not_picked":["Consecrate","JustLucky"],"picked":"TalkToTheHand","floor":11},{"not_picked":["Consecrate","Crescendo"],"picked":"FollowUp","floor":13}],"player_experience":253935,"relics_obtained":[{"floor":6,"key":"Oddly Smooth Stone"},{"floor":8,"key":"Potion Belt"},{"floor":9,"key":"Art of War"},{"floor":10,"key":"Centennial Puzzle"}],"event_choices":[{"damage_healed":0,"gold_gain":0,"player_choice":"Take Wound","damage_taken":0,"relics_obtained":["Golden Idol"],"max_hp_gain":0,"max_hp_loss":0,"event_name":"Golden Idol","floor":4,"gold_loss":0,"cards_obtained":["Injury"]}],"is_beta":true,"boss_relics":[],"items_purged_floors":[12],"is_endless":false,"potions_floor_spawned":[2,3,5,11],"killed_by":"Exordium Thugs","ascension_level":1}