{"gold_per_floor":[314,314,328,348,18,49,77,77,151,186,186,17,192,5,5,107,107,120,131,131,131,6,6,39,53,53,53,1,33,33,58,58,154,154,164,178,188,14,26,26,59,59,84,94,125,125,179,1,1,1],"floor_reached":51,"playtime":4096,"items_purged":["Decay","Doubt","Decay"],"score":1333,"play_id":"0ff6f617-6058-4942-9c99-b06c839a8dac","local_time":"20191011111059","is_ascension_mode":true,"campfire_choices":[{"data":"Eruption","floor":8.0,"key":"SMITH"},{"data":"WindmillStrike","floor":11.0,"key":"SMITH"},{"data":"Vault","floor":15.0,"key":"SMITH"},{"data":"Establishment","floor":23.0,"key":"SMITH"},{"floor":27.0,"key":"REST"},{"floor":30.0,"key":"REST"},{"floor":32,"key":"REST"},{"data":"Strike_P","floor":40,"key":"PURGE"},{"data":"Strike_P","floor":42,"key":"PURGE"},{"floor":46,"key":"REST"},{"data":"1","floor":49,"key":"LIFT"}],"neow_cost":"NO_GOLD","seed_source_timestamp":126147502749600,"circlet_count":0,"master_deck":["AscendersBane","Strike_P","Strike_P","Defend_P+1","Defend_P","Defend_P+1","Defend_P","Eruption+1","Vigilance","BattleHymn","WindmillStrike+1","BowlingBash","FlurryOfBlows+1","Vault+1","FearNoEvil+1","SignatureMove+1","ClearTheMind","Protect","WheelKick+1","Establishment+1","CurseOfTheBell","EmptyFist+1","EmptyBody","TalkToTheHand+1","Tantrum+1","Crescendo","Vault","EmptyFist+1","Crescendo","Meditate","CrushJoints+1","Protect","Tantrum+1","Meditate+1","Wallop+1","MentalFortress","Secret Technique+1"],"special_seed":0,"relics":["PureWater","Old Coin","Molten Egg 2","WingedGreaves","Oddly Smooth Stone","Sundial","War Paint","Calling Bell","Bronze Scales","Ornamental Fan","CaptainsWheel","Anchor","Peace Pipe","Bag of Preparation","Matryoshka","Bottled Lightning","Fusion Hammer","Membership Card","Toy Ornithopter","Toxic Egg 2","Pen Nib","Lizard Tail","Girya"],"potions_floor_usage":[33,50,50],"damage_taken":[{"damage":7.0,"enemies":"2 Louse","floor":1.0,"turns":4.0},{"damage":0.0,"enemies":"Cultist","floor":3.0,"turns":2.0},{"damage":9.0,"enemies":"Jaw Worm","floor":4.0,"turns":3.0},{"damage":0.0,"enemies":"Lagavulin","floor":6.0,"turns":4.0},{"damage":12.0,"enemies":"3 Sentries","floor":7.0,"turns":4.0},{"damage":0.0,"enemies":"Lagavulin","floor":10.0,"turns":5.0},{"damage":7.0,"enemies":"Hexaghost","floor":16.0,"turns":8.0},{"damage":0.0,"enemies":"Spheric Guardian","floor":18.0,"turns":1.0},{"damage":15.0,"enemies":"Shell Parasite","floor":19.0,"turns":3.0},{"damage":30.0,"enemies":"Gremlin Leader","floor":24.0,"turns":5.0},{"damage":7.0,"enemies":"Centurion and Healer","floor":25.0,"turns":4.0},{"damage":0.0,"enemies":"Book of Stabbing","floor":29.0,"turns":3.0},{"damage":10.0,"enemies":"Gremlin Leader","floor":31.0,"turns":5.0},{"damage":31,"enemies":"Champ","floor":33,"turns":10},{"damage":3,"enemies":"3 Darklings","floor":35,"turns":4},{"damage":2,"enemies":"3 Shapes","floor":36,"turns":4},{"damage":1,"enemies":"Transient","floor":37,"turns":6},{"damage":2,"enemies":"Jaw Worm Horde","floor":39,"turns":3},{"damage":1,"enemies":"Giant Head","floor":41,"turns":7},{"damage":0,"enemies":"Sphere and 2 Shapes","floor":44,"turns":3},{"damage":7,"enemies":"Reptomancer","floor":45,"turns":4},{"damage":3,"enemies":"2 Orb Walkers","floor":47,"turns":3},{"damage":20,"enemies":"Time Eater","floor":50,"turns":7}],"seed_played":"-5234770201814108971","potions_obtained":[{"floor":1.0,"key":"AttackPotion"},{"floor":3.0,"key":"Explosive Potion"},{"floor":6.0,"key":"SteroidPotion"},{"floor":7.0,"key":"Ambrosia"},{"floor":16.0,"key":"Ancient Potion"},{"floor":25.0,"key":"LiquidBronze"},{"floor":31,"key":"SkillPotion"},{"floor":35,"key":"BottledMiracle"},{"floor":37,"key":"SmokeBomb"},{"floor":44,"key":"Strength Potion"},{"floor":45,"key":"AttackPotion"}],"is_trial":false,"path_per_floor":["M","?","M","M","$","E","E","R","T","E","R","$","?","$","R","B",null,"M","M","?","?","$","R","E","M","T","R","?","E","R","E","R","B",null,"M","M","M","$","M","R","E","R","T","M","E","R","?","$","R","B",null],"character_chosen":"WATCHER","items_purchased":["Molten Egg 2","FearNoEvil+1","SignatureMove+1","ClearTheMind","Protect","WheelKick+1","Membership Card","CrushJoints+1","Wallop+1","MentalFortress","Secret Technique+1"],"campfire_rested":4,"item_purchase_floors":[5,12,12,12,14,14,38,38,48,48,48],"current_hp_per_floor":[58,58,58,49,49,49,37,37,37,37,37,37,37,37,37,30,62,62,47,47,47,47,47,17,10,10,31,31,31,52,42,63,32,62,59,57,56,56,54,54,53,53,53,53,46,67,64,64,64,54],"gold":1,"neow_bonus":"ONE_RARE_RELIC","is_prod":false,"is_daily":false,"chose_seed":false,"campfire_upgraded":4,"win_rate":0,"timestamp":1570810259,"path_taken":["M","?","M","M","$","E","E","R","T","E","R","?","?","$","R","BOSS","M","M","?","?","$","R","E","M","T","R","?","E","R","E","R","BOSS","M","M","?","$","M","R","E","R","T","M","E","R","?","$","R","BOSS"],"build_version":"2019-10-10","purchased_purges":3,"victory":true,"max_hp_per_floor":[72,72,72,72,72,72,72,72,72,72,72,72,72,72,72,72,72,72,72,72,72,72,72,72,72,72,72,72,72,72,72,72,72,72,72,72,72,72,72,72,72,72,72,72,72,72,72,72,72,72],"card_choices":[{"not_picked":["ClearTheMind","Crescendo"],"picked":"BattleHymn","floor":1.0},{"not_picked":["ThirdEye","SashWhip"],"picked":"WindmillStrike","floor":3.0},{"not_picked":["InnerPeace","Wireheading"],"picked":"BowlingBash","floor":4.0},{"not_picked":["Prostrate","WaveOfTheHand"],"picked":"FlurryOfBlows+1","floor":6.0},{"not_picked":["Vengeance","Perseverance"],"picked":"Vault","floor":7.0},{"not_picked":["Omniscience","Prostrate","Nirvana"],"picked":"SKIP","floor":10.0},{"not_picked":["DeusExMachina","ConjureBlade"],"picked":"Establishment","floor":16.0},{"not_picked":["Wallop+1","Protect"],"picked":"EmptyFist+1","floor":18.0},{"not_picked":["Protect","Alpha"],"picked":"EmptyBody","floor":19.0},{"not_picked":["EmptyFist+1","FollowUp+1","ThirdEye"],"picked":"SKIP","floor":24.0},{"not_picked":["Prostrate","FlurryOfBlows+1"],"picked":"TalkToTheHand+1","floor":25.0},{"not_picked":["Crescendo","ThirdEye"],"picked":"Tantrum+1","floor":29.0},{"not_picked":["Devotion","FlyingSleeves+1"],"picked":"Crescendo","floor":31},{"not_picked":["Blasphemy","DeusExMachina"],"picked":"Vault","floor":33},{"not_picked":["Weave+1","FollowUp+1"],"picked":"EmptyFist+1","floor":35},{"not_picked":["Study","Prostrate"],"picked":"Crescendo","floor":36},{"not_picked":["FlurryOfBlows+1","Wireheading"],"picked":"Meditate","floor":37},{"not_picked":["FollowUp+1","Meditate"],"picked":"Protect","floor":39},{"not_picked":["Indignation","Omniscience"],"picked":"Tantrum+1","floor":41},{"not_picked":["Prostrate+1","Crescendo+1","Pray+1"],"picked":"SKIP","floor":44},{"not_picked":["CutThroughFate+1","Scrawl+1"],"picked":"Meditate+1","floor":45}],"player_experience":454388,"relics_obtained":[{"floor":6.0,"key":"WingedGreaves"},{"floor":7.0,"key":"Oddly Smooth Stone"},{"floor":9.0,"key":"Sundial"},{"floor":10.0,"key":"War Paint"},{"floor":17.0,"key":"Bronze Scales"},{"floor":17.0,"key":"Ornamental Fan"},{"floor":17.0,"key":"CaptainsWheel"},{"floor":24.0,"key":"Anchor"},{"floor":26.0,"key":"Peace Pipe"},{"floor":29.0,"key":"Matryoshka"},{"floor":31,"key":"Bottled Lightning"},{"floor":41,"key":"Toy Ornithopter"},{"floor":43,"key":"Toxic Egg 2"},{"floor":43,"key":"Pen Nib"},{"floor":45,"key":"Lizard Tail"},{"floor":47,"key":"Girya"}],"event_choices":[{"damage_healed":0.0,"max_hp_gain":0.0,"max_hp_loss":0.0,"gold_gain":0.0,"event_name":"Wheel of Change","player_choice":"Cursed","floor":2.0,"gold_loss":0.0,"damage_taken":0.0,"cards_obtained":["Decay"]},{"damage_healed":0.0,"max_hp_gain":0.0,"max_hp_loss":0.0,"gold_gain":175.0,"event_name":"Liars Game","player_choice":"AGREE","floor":13.0,"gold_loss":0.0,"damage_taken":0.0,"cards_obtained":["Doubt"]},{"damage_healed":0.0,"max_hp_gain":0.0,"max_hp_loss":0.0,"gold_gain":0.0,"event_name":"Forgotten Altar","player_choice":"Smashed Altar","floor":20.0,"gold_loss":0.0,"damage_taken":0.0,"cards_obtained":["Decay"]},{"damage_healed":0.0,"max_hp_gain":0.0,"max_hp_loss":0.0,"gold_gain":0.0,"event_name":"Vampires","player_choice":"Ignored","floor":21.0,"gold_loss":0.0,"damage_taken":0.0},{"damage_healed":0.0,"max_hp_gain":0.0,"max_hp_loss":0.0,"gold_gain":0.0,"event_name":"WeMeetAgain","player_choice":"Paid Gold","floor":28.0,"gold_loss":52.0,"damage_taken":0.0,"relics_obtained":["Bag of Preparation"]},{"damage_healed":0,"gold_gain":0,"player_choice":"Fight","damage_taken":0,"max_hp_gain":0,"max_hp_loss":0,"event_name":"Mysterious Sphere","floor":47,"gold_loss":0}],"is_beta":true,"boss_relics":[{"not_picked":["Runic Pyramid","Snecko Eye"],"picked":"Calling Bell"},{"not_picked":["Busted Crown","HolyWater"],"picked":"Fusion Hammer"}],"items_purged_floors":[5,14,22],"is_endless":false,"potions_floor_spawned":[1,3,6,7,16,19,25,31,35,37,44,45],"ascension_level":12}