{"path_per_floor":["M","M","M","$","?","R","E","M","T","M","?","?","M","$","R","B",null,"M","$","M","?","M","R"],"character_chosen":"THE_SILENT","items_purchased":["Deadly Poison","Flying Knee","Noxious Fumes","Blur"],"gold_per_floor":[213,230,247,99,49,49,76,96,96,114,114,114,132,32,32,137,137,149,38,49,49,64,64,64],"floor_reached":24,"campfire_rested":0,"playtime":1929,"item_purchase_floors":[4,4,19,19],"current_hp_per_floor":[62,61,61,61,61,61,29,18,18,18,18,70,67,67,67,44,64,64,64,63,63,32,32,0],"items_purged":["Strike_G","Strike_G"],"gold":64,"score":257,"play_id":"143824b3-e520-47c9-bc08-bae473efbb51","local_time":"20180528135918","is_prod":false,"is_daily":false,"chose_seed":false,"is_ascension_mode":true,"campfire_upgraded":3,"win_rate":0,"timestamp":1527541158,"campfire_choices":[{"data":"Deadly Poison","floor":6,"key":"SMITH"},{"data":"Neutralize","floor":15,"key":"SMITH"},{"data":"Noxious Fumes","floor":23,"key":"SMITH"}],"path_taken":["M","M","M","$","?","R","E","?","T","M","?","?","M","$","R","BOSS","M","$","M","?","?","R","M"],"build_version":"2018-05-24","seed_source_timestamp":7670432933440,"purchased_purges":2,"victory":false,"master_deck":["Defend_G","Defend_G","Defend_G","Defend_G","Defend_G","Strike_G","Strike_G","Survivor","Neutralize+1","Backflip","Well Laid Plans","Deadly Poison+1","Flying Knee","Backflip","Escape Plan","Quick Slash","Adrenaline","Blur","Deflect","Deadly Poison","Poisoned Stab","Noxious Fumes+1","Blur","Blur+1","Tactician"],"max_hp_per_floor":[70,70,70,70,70,70,70,70,70,70,70,70,70,70,70,70,70,70,70,70,70,70,70,70],"relics":["Ring of the Snake","Bottled Tornado","Ornamental Fan","Orrery"],"card_choices":[{"not_picked":["Dagger Spray","Terror"],"picked":"Backflip","floor":1},{"not_picked":["Deflect","Skewer"],"picked":"Well Laid Plans","floor":2},{"not_picked":["Skewer","Well Laid Plans","Poisoned Stab"],"picked":"SKIP","floor":3},{"not_picked":["Poisoned Stab","Endless Agony"],"picked":"Backflip","floor":7},{"not_picked":["Flying Knee","Reflex","Bane"],"picked":"SKIP","floor":8},{"not_picked":["Quick Slash","Deflect"],"picked":"Escape Plan","floor":10},{"not_picked":["Sucker Punch","A Thousand Cuts"],"picked":"Quick Slash","floor":13},{"not_picked":["Storm of Steel","Die Die Die"],"picked":"Adrenaline","floor":16},{"not_picked":["Caltrops","Dodge and Roll"],"picked":"Blur","floor":17},{"not_picked":["Acrobatics","Calculated Gamble"],"picked":"Deflect","floor":17},{"not_picked":["Predator","Dagger Spray"],"picked":"Deadly Poison","floor":17},{"not_picked":["Prepared","Dagger Throw"],"picked":"Poisoned Stab","floor":18},{"not_picked":["Slice","Crippling Poison"],"picked":"Blur+1","floor":20},{"not_picked":["Predator+1","Well Laid Plans+1"],"picked":"Tactician","floor":22}],"player_experience":434768,"potions_floor_usage":[7,16],"damage_taken":[{"damage":1,"enemies":"Small Slimes","floor":1,"turns":4},{"damage":1,"enemies":"2 Louse","floor":2,"turns":4},{"damage":0,"enemies":"Jaw Worm","floor":3,"turns":4},{"damage":32,"enemies":"Gremlin Nob","floor":7,"turns":4},{"damage":11,"enemies":"Exordium Thugs","floor":8,"turns":9},{"damage":0,"enemies":"2 Fungi Beasts","floor":10,"turns":4},{"damage":3,"enemies":"Lots of Slimes","floor":13,"turns":6},{"damage":23,"enemies":"Hexaghost","floor":16,"turns":11},{"damage":0,"enemies":"Chosen","floor":18,"turns":6},{"damage":1,"enemies":"Spheric Guardian","floor":20,"turns":5},{"damage":31,"enemies":"3 Cultists","floor":22,"turns":7},{"damage":40,"enemies":"Snecko","floor":24,"turns":8}],"relics_obtained":[{"floor":7,"key":"Bottled Tornado"},{"floor":9,"key":"Ornamental Fan"}],"event_choices":[{"event_name":"The Cleric","player_choice":"Card Removal","floor":5,"damage_taken":0},{"event_name":"Accursed Blacksmith","player_choice":"Ignore","floor":11,"damage_taken":0},{"event_name":"Wheel of Change","player_choice":"Full Heal","floor":12,"damage_taken":0},{"event_name":"Drug Dealer","player_choice":"Ignored","floor":21,"damage_taken":0}],"boss_relics":[{"not_picked":["Runic Dome","Velvet Choker"],"picked":"Orrery"}],"items_purged_floors":[4,14],"potions_floor_spawned":[1,2,10,20],"seed_played":"-2065944070288168656","killed_by":"Snecko","ascension_level":6,"potions_obtained":[{"floor":1,"key":"Regen Potion"},{"floor":2,"key":"SteroidPotion"},{"floor":10,"key":"Poison Potion"},{"floor":20,"key":"Ancient Potion"}],"is_trial":false}