{"gold_per_floor":[114,129,144,419,404,434,28,28,53,68,68,83,113,128,128,228,228,243,243,258,273,288,288,0,15,15,45,60,90,90,120,120,220,220,235,335,350,3,0,0,15,15,65,80,95,125,140,170,170,170],"floor_reached":51,"playtime":4236,"items_purged":["Regret","Madness","Discipline"],"score":1033,"play_id":"28da9040-f58a-4083-a8e4-4c9583087941","local_time":"20191007102818","daily_mods":["Allstar","Purple Cards","DeadlyEvents"],"is_ascension_mode":false,"campfire_choices":[{"floor":8,"key":"REST"},{"data":"Apotheosis","floor":11,"key":"SMITH"},{"data":"Tantrum","floor":15,"key":"SMITH"},{"floor":23,"key":"REST"},{"floor":32,"key":"REST"},{"data":"Vault","floor":40,"key":"SMITH"},{"floor":42,"key":"REST"},{"data":"Malaise","floor":49,"key":"SMITH"}],"neow_cost":"","seed_source_timestamp":0,"circlet_count":0,"master_deck":["Survivor","Neutralize","Finesse","Magnetism","Sadistic Nature","PanicButton","Conclude","JustLucky","Protect","Blur","Tantrum+1","Apotheosis+1","Vault+1","Malaise+1","Endless Agony","Caltrops","Envenom","SpiritShield","Indignation","Storm of Steel","JustLucky","Protect","Riddle With Holes","Footwork+1","RitualDagger","ThirdEye+1","Acrobatics+1","Wallop","SandsOfTime","Tantrum+1","EmptyBody","WindmillStrike+1","Corpse Explosion","Burst","CutThroughFate+1","ClearTheMind","Protect+1","Ragnarok","Adaptation+1","Crescendo","Noxious Fumes+1"],"special_seed":18176,"relics":["Ring of the Snake","CloakClasp","PreservedInsect","Ancient Tea Set","Dodecahedron","Pandora\u0027s Box","Lee\u0027s Waffle","Pen Nib","Snake Skull","Boot","Pocketwatch","Happy Flower","Black Star","Tingsha","Sling","Red Mask","Centennial Puzzle","Akabeko","Letter Opener","Smiling Mask","Unceasing Top"],"potions_floor_usage":[6,16,27,29,41,50,50,50],"damage_taken":[{"damage":0,"enemies":"2 Louse","floor":1,"turns":4},{"damage":2,"enemies":"Cultist","floor":2,"turns":5},{"damage":1,"enemies":"Jaw Worm","floor":3,"turns":4},{"damage":0,"enemies":"Exordium Thugs","floor":5,"turns":5},{"damage":38,"enemies":"Gremlin Nob","floor":6,"turns":6},{"damage":3,"enemies":"Looter","floor":10,"turns":3},{"damage":0,"enemies":"3 Louse","floor":12,"turns":1},{"damage":0,"enemies":"Lagavulin","floor":13,"turns":7},{"damage":0,"enemies":"Large Slime","floor":14,"turns":6},{"damage":0,"enemies":"Slime Boss","floor":16,"turns":4},{"damage":32,"enemies":"3 Byrds","floor":18,"turns":3},{"damage":3,"enemies":"Spheric Guardian","floor":20,"turns":3},{"damage":0,"enemies":"Centurion and Healer","floor":21,"turns":4},{"damage":8,"enemies":"Snecko","floor":22,"turns":6},{"damage":0,"enemies":"Snake Plant","floor":25,"turns":4},{"damage":0,"enemies":"Gremlin Leader","floor":27,"turns":4},{"damage":0,"enemies":"Shelled Parasite and Fungi","floor":28,"turns":3},{"damage":38,"enemies":"Slavers","floor":29,"turns":4},{"damage":0,"enemies":"Book of Stabbing","floor":31,"turns":4},{"damage":4,"enemies":"Champ","floor":33,"turns":8},{"damage":0,"enemies":"3 Shapes","floor":35,"turns":2},{"damage":0,"enemies":"Mind Bloom Boss Battle","floor":36,"turns":4},{"damage":0,"enemies":"3 Darklings","floor":37,"turns":4},{"damage":4,"enemies":"Writhing Mass","floor":41,"turns":5},{"damage":0,"enemies":"Maw","floor":44,"turns":5},{"damage":0,"enemies":"3 Darklings","floor":45,"turns":2},{"damage":0,"enemies":"Giant Head","floor":46,"turns":3},{"damage":0,"enemies":"Spire Growth","floor":47,"turns":4},{"damage":0,"enemies":"Nemesis","floor":48,"turns":5},{"damage":0,"enemies":"Donu and Deca","floor":50,"turns":7}],"seed_played":"9193087267040089487","potions_obtained":[{"floor":1,"key":"Energy Potion"},{"floor":13,"key":"FearPotion"},{"floor":14,"key":"LiquidBronze"},{"floor":20,"key":"Dexterity Potion"},{"floor":25,"key":"Swift Potion"},{"floor":31,"key":"SkillPotion"},{"floor":33,"key":"LiquidBronze"},{"floor":35,"key":"SteroidPotion"},{"floor":44,"key":"AttackPotion"},{"floor":47,"key":"SteroidPotion"}],"is_trial":false,"path_per_floor":["M","M","M","?","M","E","$","R","T","M","R","M","E","M","R","B",null,"M","?","M","M","M","R","$","M","T","E","M","E","T","E","R","B",null,"M","?","M","$","?","R","M","R","T","M","M","E","M","E","R","B",null],"character_chosen":"THE_SILENT","items_purchased":["PreservedInsect","Apotheosis","Wallop","Lee\u0027s Waffle","Ragnarok","Sling"],"campfire_rested":4,"item_purchase_floors":[7,7,24,24,38,38],"current_hp_per_floor":[70,68,67,67,67,29,29,50,50,47,47,47,47,47,47,47,70,38,32,29,29,21,42,77,77,77,77,77,39,39,39,62,58,77,77,77,77,77,77,77,73,77,77,77,77,77,77,77,77,77],"gold":170,"neow_bonus":"","is_prod":false,"is_daily":true,"chose_seed":false,"campfire_upgraded":4,"win_rate":0,"timestamp":1570462098,"path_taken":["M","M","M","?","?","E","$","R","T","M","R","M","E","M","R","BOSS","M","?","?","M","M","R","$","M","T","E","M","?","?","E","R","BOSS","M","?","M","$","?","R","M","R","T","M","M","E","M","E","R","BOSS"],"build_version":"2019-10-04","purchased_purges":3,"victory":true,"max_hp_per_floor":[70,70,70,70,70,70,70,70,70,70,70,70,70,70,70,70,70,70,70,70,70,70,70,77,77,77,77,77,77,77,77,77,77,77,77,77,77,77,77,77,77,77,77,77,77,77,77,77,77,77],"card_choices":[{"not_picked":["Protect","Backstab"],"picked":"Conclude","floor":1},{"not_picked":["Predator","Deflect"],"picked":"JustLucky","floor":2},{"not_picked":["Prepared","Brilliance"],"picked":"Protect","floor":3},{"not_picked":["Conclude","Crescendo"],"picked":"Blur","floor":5},{"not_picked":["Sucker Punch","JustLucky"],"picked":"Tantrum","floor":6},{"not_picked":["Halt","Sanctity","Prepared"],"picked":"SKIP","floor":10},{"not_picked":["Prepared","Escape Plan","MentalFortress"],"picked":"SKIP","floor":12},{"not_picked":["FollowUp","Blade Dance"],"picked":"Vault","floor":13},{"not_picked":["Underhanded Strike","Weave","ThirdEye"],"picked":"SKIP","floor":14},{"not_picked":["Grand Finale","Doppelganger"],"picked":"Malaise","floor":16},{"not_picked":["Cloak And Dagger","Sanctity"],"picked":"Footwork+1","floor":18},{"not_picked":["Deflect","Worship"],"picked":"ThirdEye+1","floor":20},{"not_picked":["Calculated Gamble","PathToVictory"],"picked":"Acrobatics+1","floor":21},{"not_picked":["DeceiveReality","BowlingBash+1","Dodge and Roll"],"picked":"SKIP","floor":22},{"not_picked":["CrushJoints","SignatureMove"],"picked":"SandsOfTime","floor":25},{"not_picked":["Judgement","Blade Dance"],"picked":"Tantrum+1","floor":27},{"not_picked":["Deflect","Prostrate"],"picked":"EmptyBody","floor":28},{"not_picked":["Scrawl","Backflip"],"picked":"WindmillStrike+1","floor":29},{"not_picked":["Phantasmal Killer","Bouncing Flask"],"picked":"Corpse Explosion","floor":31},{"not_picked":["Vault","Die Die Die"],"picked":"Burst","floor":33},{"not_picked":["JustLucky+1","Nirvana"],"picked":"CutThroughFate+1","floor":35},{"not_picked":["Meditate+1","ThirdEye+1"],"picked":"ClearTheMind","floor":36},{"not_picked":["Dagger Spray","JustLucky+1"],"picked":"Protect+1","floor":37},{"not_picked":["Acrobatics","Noxious Fumes","Tactician"],"picked":"SKIP","floor":41},{"not_picked":["BowlingBash","Adaptation+1","Flechettes"],"picked":"SKIP","floor":44},{"not_picked":["BowlingBash","Flechettes"],"picked":"Adaptation+1","floor":44},{"not_picked":["WreathOfFlame+1","EmptyBody"],"picked":"Crescendo","floor":45},{"not_picked":["EmptyBody+1","FollowUp","Judgement"],"picked":"SKIP","floor":46},{"not_picked":["Riddle With Holes","Nirvana+1","SignatureMove+1"],"picked":"SKIP","floor":47},{"not_picked":["Dodge and Roll+1","MasterReality"],"picked":"Noxious Fumes+1","floor":48}],"player_experience":407335,"relics_obtained":[{"floor":6,"key":"CloakClasp"},{"floor":9,"key":"Ancient Tea Set"},{"floor":13,"key":"Dodecahedron"},{"floor":26,"key":"Pen Nib"},{"floor":27,"key":"Snake Skull"},{"floor":29,"key":"Boot"},{"floor":30,"key":"Pocketwatch"},{"floor":31,"key":"Happy Flower"},{"floor":36,"key":"Tingsha"},{"floor":43,"key":"Centennial Puzzle"},{"floor":46,"key":"Akabeko"},{"floor":46,"key":"Letter Opener"},{"floor":48,"key":"Smiling Mask"},{"floor":48,"key":"Unceasing Top"}],"event_choices":[{"damage_healed":0,"gold_gain":275,"player_choice":"Desecrate","damage_taken":0,"max_hp_gain":0,"max_hp_loss":0,"event_name":"Golden Shrine","floor":4,"gold_loss":0,"cards_obtained":["Regret"]},{"damage_healed":0,"gold_gain":0,"player_choice":"Joined the Cult","damage_taken":6,"max_hp_gain":0,"max_hp_loss":0,"event_name":"Nest","floor":19,"gold_loss":0,"cards_obtained":["RitualDagger"]},{"damage_healed":0,"gold_gain":0,"player_choice":"Fight","damage_taken":0,"max_hp_gain":0,"max_hp_loss":0,"event_name":"MindBloom","floor":36,"gold_loss":0},{"damage_healed":0,"gold_gain":0,"player_choice":"Paid","damage_taken":0,"relics_obtained":["Red Mask"],"max_hp_gain":0,"max_hp_loss":0,"event_name":"Tomb of Lord Red Mask","floor":39,"gold_loss":3}],"is_beta":true,"boss_relics":[{"not_picked":["Coffee Dripper","Velvet Choker"],"picked":"Pandora\u0027s Box"},{"not_picked":["Ring of the Serpent","Runic Pyramid"],"picked":"Black Star"}],"items_purged_floors":[7,24,38],"is_endless":false,"potions_floor_spawned":[1,13,14,20,25,31,33,35,44,46,47],"ascension_level":0}