{"gold_per_floor":[113,126,12,28,39,39,66,66,144,144,179,179,64,77,77,173,173,183,183,47,66,77,77,111,111,111,137,137,12,12,23,23,23],"floor_reached":33,"playtime":1988,"items_purged":["Strike_B","Strike_B","Strike_B"],"score":406,"play_id":"3c1af727-bd1f-4bae-bcca-2195e624815e","local_time":"20190821091956","is_ascension_mode":true,"campfire_choices":[{"data":"Static Discharge","floor":6,"key":"SMITH"},{"data":"Storm","floor":8,"key":"SMITH"},{"data":"Hello World","floor":15,"key":"SMITH"},{"data":"Lockon","floor":23,"key":"SMITH"},{"data":"Dualcast","floor":25,"key":"SMITH"},{"data":"Capacitor","floor":30,"key":"SMITH"},{"data":"Loop","floor":32,"key":"SMITH"}],"neow_cost":"NONE","seed_source_timestamp":460566408929300,"circlet_count":0,"master_deck":["Strike_B","Defend_B","Defend_B","Defend_B","Defend_B","Zap","Dualcast+1","Cold Snap","Ball Lightning","Static Discharge+1","Loop+1","Hello World+1","Storm+1","Conserve Battery","Self Repair","Lockon+1","Capacitor+1","Self Repair","Heatsinks","Ghostly","Ghostly","Ghostly","Ghostly","Ghostly"],"relics":["Cracked Core","Gambling Chip","Cables","Strawberry","Sozu","Omamori","Matryoshka","Anchor"],"potions_floor_usage":[11,14,21,27],"damage_taken":[{"damage":2,"enemies":"Jaw Worm","floor":1,"turns":3},{"damage":0,"enemies":"Cultist","floor":2,"turns":2},{"damage":1,"enemies":"2 Louse","floor":4,"turns":2},{"damage":0,"enemies":"Large Slime","floor":5,"turns":4},{"damage":33,"enemies":"Gremlin Nob","floor":7,"turns":4},{"damage":18,"enemies":"3 Sentries","floor":11,"turns":4},{"damage":4,"enemies":"3 Louse","floor":14,"turns":3},{"damage":31,"enemies":"Hexaghost","floor":16,"turns":3},{"damage":0,"enemies":"Spheric Guardian","floor":18,"turns":3},{"damage":7,"enemies":"3 Byrds","floor":21,"turns":3},{"damage":18,"enemies":"Sentry and Sphere","floor":22,"turns":4},{"damage":18,"enemies":"Gremlin Leader","floor":24,"turns":5},{"damage":29,"enemies":"Book of Stabbing","floor":27,"turns":5},{"damage":2,"enemies":"Cultist and Chosen","floor":31,"turns":5},{"damage":65,"enemies":"Champ","floor":33,"turns":9}],"seed_played":"-806593148718644628","potions_obtained":[{"floor":1,"key":"LiquidBronze"},{"floor":5,"key":"Energy Potion"},{"floor":11,"key":"SkillPotion"},{"floor":16,"key":"Strength Potion"}],"is_trial":false,"path_per_floor":["M","M","$","M","M","R","E","R","T","?","E","$","$","M","R","B",null,"M","?","$","M","M","R","E","R","T","E","?","$","R","M","R","B"],"character_chosen":"DEFECT","items_purchased":["Loop","Self Repair","Lockon","Capacitor"],"campfire_rested":0,"item_purchase_floors":[3,13,13,20],"current_hp_per_floor":[66,66,66,65,65,65,32,32,32,75,64,64,64,67,67,36,71,78,78,78,71,60,60,49,49,49,34,34,34,34,41,41,0],"gold":23,"neow_bonus":"THREE_CARDS","is_prod":false,"is_daily":false,"chose_seed":false,"campfire_upgraded":7,"win_rate":0,"timestamp":1566397196,"path_taken":["M","M","$","M","M","R","E","R","T","?","E","?","$","M","R","BOSS","M","?","$","M","M","R","E","R","T","E","?","$","R","M","R","BOSS"],"build_version":"2019-07-17","purchased_purges":3,"victory":false,"max_hp_per_floor":[75,75,75,75,75,75,75,75,75,75,82,82,82,82,82,82,82,82,82,82,82,82,82,82,82,82,82,41,41,41,41,41,41],"card_choices":[{"not_picked":["Leap","Scrape"],"picked":"Cold Snap","floor":0},{"not_picked":["Reinforced Body","Undo"],"picked":"Ball Lightning","floor":1},{"not_picked":["Sweeping Beam","Undo"],"picked":"Static Discharge","floor":2},{"not_picked":["Force Field","Compile Driver","Cold Snap"],"picked":"SKIP","floor":4},{"not_picked":["Heatsinks","Conserve Battery"],"picked":"Hello World","floor":5},{"not_picked":["Steam Power","Tempest"],"picked":"Storm","floor":7},{"not_picked":["Gash","Cold Snap"],"picked":"Conserve Battery","floor":11},{"not_picked":["Redo","Turbo","Hyperbeam"],"picked":"SKIP","floor":14},{"not_picked":["Glacier","Beam Cell","Go for the Eyes"],"picked":"SKIP","floor":18},{"not_picked":["Barrage","Gash+1","Beam Cell+1"],"picked":"SKIP","floor":21},{"not_picked":["Hologram","Ball Lightning+1","Rip and Tear"],"picked":"SKIP","floor":22},{"not_picked":["Double Energy","Static Discharge"],"picked":"Self Repair","floor":24},{"not_picked":["Gash","Leap"],"picked":"Heatsinks","floor":27},{"not_picked":["Cold Snap","Reinforced Body","Coolheaded"],"picked":"SKIP","floor":31}],"player_experience":201923,"relics_obtained":[{"floor":7,"key":"Gambling Chip"},{"floor":9,"key":"Cables"},{"floor":11,"key":"Strawberry"},{"floor":24,"key":"Omamori"},{"floor":26,"key":"Matryoshka"},{"floor":27,"key":"Anchor"}],"event_choices":[{"damage_healed":43,"gold_gain":0,"player_choice":"Full Heal","damage_taken":0,"max_hp_gain":0,"max_hp_loss":0,"event_name":"Wheel of Change","floor":10,"gold_loss":0},{"damage_healed":0,"gold_gain":0,"player_choice":"Ignored","damage_taken":0,"max_hp_gain":0,"max_hp_loss":0,"event_name":"Vampires","floor":19,"gold_loss":0},{"damage_healed":0,"gold_gain":0,"player_choice":"Became a Ghost","damage_taken":0,"max_hp_gain":0,"max_hp_loss":41,"event_name":"Ghosts","floor":28,"gold_loss":0,"cards_obtained":["Ghostly","Ghostly","Ghostly","Ghostly","Ghostly"]}],"is_beta":false,"boss_relics":[{"not_picked":["Empty Cage","Ectoplasm"],"picked":"Sozu"}],"items_purged_floors":[3,20,29],"is_endless":false,"potions_floor_spawned":[1,5,11,16,24,27,31],"killed_by":"Champ","ascension_level":6}