{"gold_per_floor":[369,43,60,71,88,88,38,70,97,97,123,123,46,60,60,155,155,169,185,185,43,43,43,70,70,70,85,117,117,117,130,130,130],"floor_reached":33,"playtime":2574,"items_purged":["Strike_G"],"score":407,"play_id":"461626b6-46e1-4462-bbd3-a0ca01990cc7","local_time":"20190929223102","is_ascension_mode":true,"campfire_choices":[{"data":"Transmutation","floor":6,"key":"SMITH"},{"data":"Blade Dance","floor":12,"key":"SMITH"},{"data":"Cloak And Dagger","floor":15,"key":"SMITH"},{"data":"After Image","floor":23,"key":"SMITH"},{"floor":25,"key":"REST"},{"data":"Flechettes","floor":29,"key":"SMITH"},{"floor":32,"key":"REST"}],"neow_cost":"PERCENT_DAMAGE","seed_source_timestamp":39907615739100,"circlet_count":0,"master_deck":["Strike_G","Strike_G","Defend_G","Defend_G","Defend_G","Defend_G","Defend_G","Survivor","Neutralize","Blade Dance+1","Transmutation+1","Calculated Gamble","Backstab","Sucker Punch","Poisoned Stab","Infinite Blades","Cloak And Dagger+1","After Image+1","Flechettes+1","Footwork","Ghostly","Ghostly","Ghostly","Ghostly","Ghostly","Terror","Dodge and Roll+1","Leg Sweep","Finisher","Quick Slash+1"],"relics":["Ring of the Snake","Strange Spoon","MealTicket","Anchor","Bag of Marbles","Black Star","Mercury Hourglass","Ancient Tea Set","Bag of Preparation","Regal Pillow","Centennial Puzzle"],"potions_floor_usage":[5,11,11,27,28,33],"damage_taken":[{"damage":0,"enemies":"Small Slimes","floor":1,"turns":3},{"damage":1,"enemies":"2 Louse","floor":3,"turns":4},{"damage":1,"enemies":"Jaw Worm","floor":4,"turns":4},{"damage":0,"enemies":"Looter","floor":5,"turns":4},{"damage":1,"enemies":"Gremlin Nob","floor":8,"turns":4},{"damage":32,"enemies":"Lagavulin","floor":11,"turns":15},{"damage":0,"enemies":"3 Louse","floor":14,"turns":2},{"damage":24,"enemies":"Slime Boss","floor":16,"turns":10},{"damage":8,"enemies":"Shell Parasite","floor":18,"turns":5},{"damage":14,"enemies":"Chosen","floor":19,"turns":5},{"damage":17,"enemies":"Slavers","floor":24,"turns":10},{"damage":21,"enemies":"Snake Plant","floor":27,"turns":6},{"damage":0,"enemies":"Book of Stabbing","floor":28,"turns":8},{"damage":0,"enemies":"Sentry and Sphere","floor":31,"turns":5},{"damage":83,"enemies":"Automaton","floor":33,"turns":12}],"seed_played":"8844234618381912585","potions_obtained":[{"floor":1,"key":"Fire Potion"},{"floor":3,"key":"Block Potion"},{"floor":8,"key":"Energy Potion"},{"floor":18,"key":"SpeedPotion"},{"floor":19,"key":"Explosive Potion"},{"floor":27,"key":"Regen Potion"},{"floor":31,"key":"AttackPotion"}],"is_trial":false,"path_per_floor":["M","$","M","M","M","R","?","E","T","?","E","R","$","M","R","B",null,"M","M","?","$","?","R","E","R","T","M","E","R","?","M","R","B"],"character_chosen":"THE_SILENT","items_purchased":["Strange Spoon","Transmutation","Infinite Blades","Terror"],"campfire_rested":2,"item_purchase_floors":[2,2,13,21],"current_hp_per_floor":[49,49,48,47,47,47,47,46,46,46,14,14,29,29,29,5,70,62,48,35,35,35,35,18,28,28,7,22,22,22,22,35,0],"gold":130,"neow_bonus":"TWO_FIFTY_GOLD","is_prod":false,"is_daily":false,"chose_seed":false,"campfire_upgraded":5,"win_rate":0,"timestamp":1569814262,"path_taken":["M","$","M","M","M","R","?","E","T","?","E","R","$","M","R","BOSS","M","M","?","$","?","R","E","R","T","M","E","R","?","M","R","BOSS"],"build_version":"2019-09-27","purchased_purges":1,"victory":false,"max_hp_per_floor":[70,70,70,70,70,70,70,70,70,70,70,70,70,70,70,70,70,70,70,35,35,35,35,35,35,35,35,35,35,35,35,35,35],"card_choices":[{"not_picked":["Footwork","Flying Knee"],"picked":"Blade Dance","floor":1},{"not_picked":["Flying Knee","Deflect"],"picked":"Calculated Gamble","floor":3},{"not_picked":["Prepared","Wraith Form v2","Reflex"],"picked":"SKIP","floor":4},{"not_picked":["Finisher","Prepared"],"picked":"Backstab","floor":5},{"not_picked":["Caltrops","Outmaneuver"],"picked":"Sucker Punch","floor":8},{"not_picked":["Accuracy","Flying Knee"],"picked":"Poisoned Stab","floor":11},{"not_picked":["Escape Plan","Well Laid Plans"],"picked":"Cloak And Dagger","floor":14},{"not_picked":["Grand Finale","Doppelganger"],"picked":"After Image","floor":16},{"not_picked":["Setup+1","Backstab"],"picked":"Flechettes","floor":18},{"not_picked":["Predator","Cloak And Dagger+1"],"picked":"Footwork","floor":19},{"not_picked":["Outmaneuver+1","Grand Finale"],"picked":"Dodge and Roll+1","floor":24},{"not_picked":["Reflex","Heel Hook","Backflip"],"picked":"SKIP","floor":27},{"not_picked":["Backflip","Dodge and Roll"],"picked":"Leg Sweep","floor":28},{"not_picked":["Prepared","Accuracy"],"picked":"Quick Slash+1","floor":31}],"player_experience":342602,"relics_obtained":[{"floor":8,"key":"MealTicket"},{"floor":9,"key":"Anchor"},{"floor":11,"key":"Bag of Marbles"},{"floor":24,"key":"Mercury Hourglass"},{"floor":24,"key":"Ancient Tea Set"},{"floor":26,"key":"Bag of Preparation"},{"floor":28,"key":"Regal Pillow"},{"floor":28,"key":"Centennial Puzzle"}],"event_choices":[{"cards_removed":["Strike_G"],"damage_healed":0,"gold_gain":0,"player_choice":"Card Removal","damage_taken":0,"max_hp_gain":0,"max_hp_loss":0,"event_name":"The Cleric","floor":7,"gold_loss":50},{"cards_removed":["Strike_G"],"damage_healed":0,"gold_gain":0,"player_choice":"Forget","damage_taken":0,"max_hp_gain":0,"max_hp_loss":0,"event_name":"Living Wall","floor":10,"gold_loss":0},{"damage_healed":0,"gold_gain":0,"player_choice":"Became a Ghost","damage_taken":0,"max_hp_gain":0,"max_hp_loss":35,"event_name":"Ghosts","floor":20,"gold_loss":0,"cards_obtained":["Ghostly","Ghostly","Ghostly","Ghostly","Ghostly"]},{"damage_healed":0,"gold_gain":0,"player_choice":"Ignored","damage_taken":0,"max_hp_gain":0,"max_hp_loss":0,"event_name":"The Mausoleum","floor":22,"gold_loss":0},{"damage_healed":0,"gold_gain":0,"player_choice":"Read","damage_taken":0,"max_hp_gain":0,"max_hp_loss":0,"event_name":"The Library","floor":30,"gold_loss":0,"cards_obtained":["Finisher"]}],"is_beta":true,"boss_relics":[{"not_picked":["Busted Crown","SlaversCollar"],"picked":"Black Star"}],"items_purged_floors":[21],"is_endless":false,"potions_floor_spawned":[1,3,8,18,19,27,31],"killed_by":"Automaton","ascension_level":4}