{"path_per_floor":["M","M","?","$","M","R","M","M","T","E","?","M","M","?","R","B",null,"M","?","?","?","$","?","M","R","T","E","R","E","R","E","R","B",null,"M","M","?","$","?","R","M","R","T","?","M","M","?","M","R"],"character_chosen":"IRONCLAD","items_purchased":["Heavy Blade","Bottled Tornado","Whirlwind"],"gold_per_floor":[17,35,35,35,55,55,73,86,110,137,164,184,196,196,196,297,297,307,207,207,207,155,155,173,173,173,204,204,234,234,260,260,360,360,378,390,444,131,131,131,147,147,147,0,20,31,31,44,44],"floor_reached":50,"campfire_rested":3,"playtime":4445,"current_hp_per_floor":[80,71,71,71,76,76,69,51,58,60,45,51,53,53,53,41,97,80,80,64,45,45,45,51,51,51,21,51,42,42,16,46,9,102,96,89,72,72,72,72,66,66,66,66,40,35,35,17,47],"items_purged":[],"gold":44,"score":501,"play_id":"2eee60b6-0ce4-4a9e-a8b8-1a16ee4f7506","local_time":"20180303164229","is_prod":false,"is_daily":false,"is_ascension_mode":false,"campfire_upgraded":6,"timestamp":1520113349,"path_taken":["M","M","?","$","M","R","M","M","T","E","?","?","M","?","R","BOSS","M","?","?","?","$","?","M","R","T","E","R","E","R","E","R","BOSS","M","M","?","$","?","R","M","R","T","?","?","M","?","M","R","BOSS"],"build_version":"2018-03-01-PROD1","purchased_purges":0,"victory":false,"master_deck":["Strike_R+1","Strike_R+1","Strike_R+1","Strike_R+1","Strike_R+1","Defend_R+1","Defend_R+1","Bash","Sword Boomerang+1","Searing Blow","Clash","Headbutt","Cleave","Heavy Blade","Clothesline","Perfected Strike","Shockwave","Heavy Blade+1","Demon Form+1","Bloodletting","J.A.X.","Heavy Blade","Rampage+1","Rampage+1","Limit Break+1","Headbutt","Seeing Red","Pommel Strike","Heavy Blade","Whirlwind+1","Flex+1","Sword Boomerang+1"],"max_hp_per_floor":[80,80,80,80,80,80,80,80,87,97,97,97,97,97,97,97,97,97,97,97,102,102,102,102,102,102,102,102,102,102,102,102,102,102,102,102,102,102,102,102,102,102,102,102,102,102,102,102,102],"relics":["Burning Blood","Red Skull","Strawberry","Pear","Odd Mushroom","Velvet Choker","Enchiridion","Oddly Smooth Stone","Bronze Scales","Self Forming Clay","Letter Opener","Orrery","Calipers","Bottled Tornado","Ginger","Red Mask"],"card_choices":[{"not_picked":["Body Slam","Clash"],"picked":"Inflame"},{"not_picked":["Armaments","True Grit"],"picked":"Sword Boomerang"},{"not_picked":["Shockwave","Searing Blow"],"picked":"Clash"},{"not_picked":["Fire Breathing","Bloodletting"],"picked":"Headbutt"},{"not_picked":["Seeing Red","True Grit"],"picked":"Cleave"},{"not_picked":["Infernal Blade","Second Wind"],"picked":"Heavy Blade"},{"not_picked":["Flex","Barricade"],"picked":"Clothesline"},{"not_picked":["Pummel","Carnage"],"picked":"Perfected Strike"},{"not_picked":["Armaments","Rage"],"picked":"Shockwave"},{"not_picked":["Juggernaut","Brutality"],"picked":"Demon Form"},{"not_picked":["Anger","Metallicize"],"picked":"Bloodletting"},{"not_picked":["Searing Blow","True Grit"],"picked":"Rampage"},{"not_picked":["Thunderclap","Twin Strike"],"picked":"Rampage"},{"not_picked":["Offering","Impervious"],"picked":"Limit Break"},{"not_picked":["Anger","Flex"],"picked":"Headbutt"},{"not_picked":["Twin Strike","Iron Wave"],"picked":"Seeing Red"},{"not_picked":["Thunderclap","Iron Wave"],"picked":"Pommel Strike"},{"not_picked":["Cleave","Anger"],"picked":"Heavy Blade"},{"not_picked":["Perfected Strike","True Grit"],"picked":"Flex"},{"not_picked":["Armaments","Burning Pact"],"picked":"Sword Boomerang"}],"player_experience":11323,"potions_floor_usage":[16,16,50,50,50],"damage_taken":[{"damage":0,"enemies":"Small Slimes","floor":1,"turns":3},{"damage":15,"enemies":"Jaw Worm","floor":2,"turns":4},{"damage":1,"enemies":"2 Louse","floor":5,"turns":3},{"damage":13,"enemies":"2 Fungi Beasts","floor":7,"turns":3},{"damage":24,"enemies":"Lots of Slimes","floor":8,"turns":4},{"damage":14,"enemies":"Gremlin Nob","floor":10,"turns":3},{"damage":21,"enemies":"The Mushroom Lair","floor":11,"turns":3},{"damage":0,"enemies":"Large Slime","floor":12,"turns":4},{"damage":4,"enemies":"Gremlin Gang","floor":13,"turns":3},{"damage":18,"enemies":"Hexaghost","floor":16,"turns":6},{"damage":23,"enemies":"Shell Parasite","floor":18,"turns":3},{"damage":0,"enemies":"Chosen","floor":24,"turns":2},{"damage":36,"enemies":"Slavers","floor":27,"turns":5},{"damage":15,"enemies":"Gremlin Leader","floor":29,"turns":3},{"damage":32,"enemies":"Slavers","floor":31,"turns":4},{"damage":43,"enemies":"Collector","floor":33,"turns":6},{"damage":12,"enemies":"3 Shapes","floor":35,"turns":2},{"damage":13,"enemies":"Orb Walker","floor":36,"turns":2},{"damage":23,"enemies":"Mysterious Sphere","floor":37,"turns":3},{"damage":12,"enemies":"3 Darklings","floor":41,"turns":4},{"damage":32,"enemies":"4 Shapes","floor":45,"turns":2},{"damage":11,"enemies":"Sphere and 2 Shapes","floor":46,"turns":3},{"damage":24,"enemies":"Maw","floor":48,"turns":4},{"damage":50,"enemies":"Donu and Deca","floor":50,"turns":3}],"event_choices":[{"event_name":"Living Wall","player_choice":"Change","floor":3,"damage_taken":0},{"event_name":"Mushrooms","player_choice":"Fought Mushrooms","floor":11,"damage_taken":0},{"event_name":"Match and Keep!","player_choice":"1 cards matched","floor":14,"damage_taken":0},{"event_name":"Drug Dealer","player_choice":"Got JAXXED","floor":19,"damage_taken":0},{"event_name":"Cursed Tome","player_choice":"Obtained Book","floor":20,"damage_taken":0},{"event_name":"Forgotten Altar","player_choice":"Shed Blood","floor":21,"damage_taken":0},{"event_name":"Back to Basics","player_choice":"Simplicity","floor":23,"damage_taken":0},{"event_name":"Mysterious Sphere","player_choice":"Fight","floor":37,"damage_taken":0},{"event_name":"Wheel of Change","player_choice":"Card Removal","floor":39,"damage_taken":0},{"event_name":"Tomb of Lord Red Mask","player_choice":"Paid","floor":44,"damage_taken":0}],"boss_relics":[{"not_picked":["Philosopher\u0027s Stone","Tiny House"],"picked":"Velvet Choker"},{"not_picked":["Cursed Key","Snecko Eye"],"picked":"Orrery"}],"potions_floor_spawned":[1,5,10,11,12,13,16,24,27,31,35,36,46],"seed_played":"4360270537767477551","killed_by":"Donu and Deca","ascension_level":0,"is_trial":false}