{"gold_per_floor":[119,129,51,63,81,113,113,113,113,113,113,144,165],"floor_reached":13,"playtime":2672,"items_purged":[],"score":95,"play_id":"a9302e32-83a1-4ed2-b164-b35b30ce22c3","local_time":"20180921215444","is_ascension_mode":false,"campfire_choices":[{"floor":7.0,"key":"REST"},{"data":"Loop","floor":11.0,"key":"SMITH"}],"neow_cost":"","seed_source_timestamp":0,"circlet_count":0,"master_deck":["Strike_B","Strike_B","Strike_B","Defend_B","Defend_B","Defend_B","Defend_B","Zap","Dualcast","FTL","Redo","White Noise","Loop+1","Ball Lightning","Ball Lightning","Consume"],"special_seed":0,"relics":["Cracked Core","Lantern","Pen Nib","Golden Idol","Frozen Egg 2"],"potions_floor_usage":[],"damage_taken":[{"damage":1.0,"enemies":"Jaw Worm","floor":1.0,"turns":3.0},{"damage":0.0,"enemies":"Cultist","floor":2.0,"turns":3.0},{"damage":0.0,"enemies":"Small Slimes","floor":4.0,"turns":2.0},{"damage":14.0,"enemies":"3 Louse","floor":5.0,"turns":3.0},{"damage":30.0,"enemies":"3 Sentries","floor":6.0,"turns":6.0},{"damage":31.0,"enemies":"Lagavulin","floor":12.0,"turns":5.0},{"damage":8,"enemies":"Red Slaver","floor":13,"turns":4}],"seed_played":"-1202128967803863569","potions_obtained":[{"floor":4.0,"key":"FocusPotion"},{"floor":12.0,"key":"LiquidBronze"},{"floor":13,"key":"SkillPotion"}],"is_trial":false,"path_per_floor":["M","M","$","M","M","E","R","?","T","?","R","E"],"character_chosen":"DEFECT","items_purchased":["White Noise"],"campfire_rested":1,"item_purchase_floors":[3],"current_hp_per_floor":[74,74,74,74,60,30,52,52,52,52,52,21,13],"gold":165,"neow_bonus":"","is_prod":false,"is_daily":false,"chose_seed":false,"campfire_upgraded":1,"win_rate":0.0,"timestamp":1537581284,"path_taken":["M","M","$","M","M","E","R","?","T","?","R","E","M"],"build_version":"2018-09-20","purchased_purges":0,"victory":false,"max_hp_per_floor":[75,75,75,75,75,75,75,75,75,69,69,69,69],"card_choices":[{"not_picked":["Beam Cell","BootSequence"],"picked":"FTL","floor":1.0},{"not_picked":["Beam Cell","Conserve Battery"],"picked":"Redo","floor":2.0},{"not_picked":["Aggregate","Go for the Eyes"],"picked":"Loop","floor":4.0},{"not_picked":["Consume","Stack"],"picked":"Ball Lightning","floor":5.0},{"not_picked":["Skim","Steam"],"picked":"Ball Lightning","floor":6.0},{"not_picked":["Sweeping Beam","Scrape","Beam Cell"],"picked":"SKIP","floor":12.0},{"not_picked":["Steam","Streamline"],"picked":"Consume","floor":13}],"player_experience":119354,"relics_obtained":[{"floor":6.0,"key":"Lantern"},{"floor":9.0,"key":"Pen Nib"},{"floor":12.0,"key":"Frozen Egg 2"}],"event_choices":[{"event_name":"Bonfire Elementals","player_choice":"BASIC","floor":8.0,"damage_taken":0.0},{"event_name":"Golden Idol","player_choice":"Lose Max HP","floor":10.0,"damage_taken":0.0}],"is_beta":false,"boss_relics":[],"items_purged_floors":[],"is_endless":false,"potions_floor_spawned":[4,12,13],"killed_by":"Red Slaver","ascension_level":0}