{"path_per_floor":["M","?","M","$","?","R","E","M","T","M","R","M","R","M","R","B",null,"M","M","M"],"character_chosen":"IRONCLAD","items_purchased":[],"gold_per_floor":[117,67,87,12,87,87,115,131,131,143,143,158,158,169,169,265,265,283,256,272,272],"floor_reached":21,"campfire_rested":1,"playtime":1553,"current_hp_per_floor":[80,80,80,80,69,69,16,22,22,28,28,34,34,34,58,26,80,56,43,29,0],"items_purged":["Strike_R"],"gold":272,"score":183,"play_id":"0284747c-5c4f-4a4d-81ce-e05f113b37a9","local_time":"20180424194034","is_prod":false,"is_daily":false,"chose_seed":false,"is_ascension_mode":false,"campfire_upgraded":3,"timestamp":1524624034,"path_taken":["M","?","M","$","?","R","E","?","T","M","R","M","R","M","R","BOSS","M","?","M","M"],"build_version":"2018-04-19","seed_source_timestamp":9956981448325,"purchased_purges":1,"victory":false,"master_deck":["Strike_R","Strike_R","Strike_R","Defend_R","Defend_R","Defend_R","Defend_R","Bash","True Grit+1","Heavy Blade","Rampage","Whirlwind+1","Body Slam","Shrug It Off+1","Flex","Impervious","Heavy Blade","Twin Strike+1"],"max_hp_per_floor":[80,80,80,80,80,80,80,80,80,80,80,80,80,80,80,80,80,80,80,80,80],"relics":["Black Blood","Gremlin Horn","Matryoshka"],"card_choices":[{"not_picked":["Armaments","Headbutt"],"picked":"True Grit","floor":1},{"not_picked":["Sword Boomerang","Armaments"],"picked":"Heavy Blade","floor":3},{"not_picked":["Twin Strike","Warcry"],"picked":"Rampage","floor":7},{"not_picked":["Warcry","Twin Strike"],"picked":"Whirlwind","floor":8},{"not_picked":["Bloodletting","Wild Strike"],"picked":"Body Slam","floor":10},{"not_picked":["Cleave","Warcry"],"picked":"Shrug It Off","floor":12},{"not_picked":["Double Tap","Heavy Blade"],"picked":"Flex","floor":14},{"not_picked":["Reaper","Immolate"],"picked":"Impervious","floor":16},{"not_picked":["Sever Soul","Entrench"],"picked":"Heavy Blade","floor":18},{"not_picked":["Headbutt","Intimidate"],"picked":"Twin Strike","floor":20}],"player_experience":24959,"potions_floor_usage":[10,16,16],"damage_taken":[{"damage":0,"enemies":"Small Slimes","floor":1,"turns":6},{"damage":1,"enemies":"Jaw Worm","floor":3,"turns":7},{"damage":59,"enemies":"Lagavulin","floor":7,"turns":9},{"damage":0,"enemies":"2 Louse","floor":8,"turns":3},{"damage":0,"enemies":"Red Slaver","floor":10,"turns":4},{"damage":0,"enemies":"Lots of Slimes","floor":12,"turns":1},{"damage":6,"enemies":"Large Slime","floor":14,"turns":7},{"damage":38,"enemies":"The Guardian","floor":16,"turns":12},{"damage":34,"enemies":"Chosen","floor":18,"turns":8},{"damage":23,"enemies":"2 Thieves","floor":19,"turns":5},{"damage":24,"enemies":"Snake Plant","floor":20,"turns":7},{"damage":45,"enemies":"Cultist and Chosen","floor":21,"turns":4}],"event_choices":[{"event_name":"The Cleric","player_choice":"Card Removal","floor":2,"damage_taken":0},{"event_name":"World of Goop","player_choice":"Gather Gold","floor":5,"damage_taken":0}],"boss_relics":[{"not_picked":["Lizard Tail","Tiny House"],"picked":"Black Blood"}],"potions_floor_spawned":[3,7,8],"seed_played":"5603437064220597963","killed_by":"Cultist and Chosen","ascension_level":0,"is_trial":false}