{"path_per_floor":["M","M","?","M","M","R","M","E","T","E","M","M","R","M","R","B",null,"M","?","$","M","M","R","E","R","T","R"],"character_chosen":"IRONCLAD","items_purchased":["Body Slam"],"gold_per_floor":[116,130,80,99,109,109,127,162,187,219,232,242,242,255,255,359,359,369,369,245,261,278,278,312,312,338,338,338],"floor_reached":28,"campfire_rested":0,"playtime":2124,"current_hp_per_floor":[80,80,80,80,80,80,80,69,69,77,80,79,79,80,80,43,80,80,80,80,84,60,60,33,33,33,33,0],"items_purged":["Strike_R"],"gold":338,"score":277,"play_id":"1658d038-4023-409f-906f-82fa1f0723e2","local_time":"20180426185732","is_prod":false,"is_daily":false,"chose_seed":false,"is_ascension_mode":false,"campfire_upgraded":6,"timestamp":1524794252,"path_taken":["M","M","?","M","M","R","M","E","T","E","M","M","R","M","R","BOSS","M","?","$","M","M","R","E","R","T","R","E"],"build_version":"2018-04-26","seed_source_timestamp":3809011854547,"purchased_purges":1,"victory":false,"master_deck":["Defend_R","Defend_R","Defend_R","Defend_R","Bash+1","Battle Trance","Flex+1","Flame Barrier+1","Twin Strike+1","Clash","Evolve+1","Cleave","Infernal Blade+1","Iron Wave","Double Tap+1","Seeing Red+1","Burning Pact+1","Feed+1","Rampage+1","Body Slam+1","Spot Weakness+1","Whirlwind+1","Heavy Blade+1"],"max_hp_per_floor":[80,80,80,80,80,80,80,80,80,80,80,80,80,80,80,80,80,80,80,80,84,84,84,84,84,84,84,88],"relics":["Burning Blood","Shuriken","Blood Vial","Prayer Wheel","Astrolabe","Bronze Scales","Whetstone"],"card_choices":[{"not_picked":["Reckless Charge","Searing Blow"],"picked":"Battle Trance","floor":1},{"not_picked":["Perfected Strike","Dual Wield"],"picked":"Flex","floor":2},{"not_picked":["Clothesline","Battle Trance"],"picked":"Flame Barrier","floor":4},{"not_picked":["Battle Trance","Thunderclap"],"picked":"Twin Strike","floor":5},{"not_picked":["Dropkick","Battle Trance"],"picked":"Clash","floor":8},{"not_picked":["Ghostly Armor","Entrench"],"picked":"Evolve","floor":10},{"not_picked":["Shrug It Off","Iron Wave"],"picked":"Cleave","floor":11},{"not_picked":["Clothesline","Dark Embrace"],"picked":"Infernal Blade","floor":12},{"not_picked":["Sword Boomerang","Disarm"],"picked":"Iron Wave","floor":14},{"not_picked":["Bludgeon","Berserk"],"picked":"Double Tap","floor":16},{"not_picked":["Wild Strike","Warcry"],"picked":"Rampage","floor":18},{"not_picked":["Metallicize","Power Through"],"picked":"Spot Weakness","floor":21},{"not_picked":["Battle Trance","Dropkick"],"picked":"Whirlwind","floor":22},{"not_picked":["Seeing Red","Cleave"],"picked":"Heavy Blade","floor":24}],"player_experience":38269,"potions_floor_usage":[5,10,24],"damage_taken":[{"damage":2,"enemies":"2 Louse","floor":1,"turns":3},{"damage":1,"enemies":"Jaw Worm","floor":2,"turns":4},{"damage":6,"enemies":"Cultist","floor":4,"turns":3},{"damage":6,"enemies":"Exordium Wildlife","floor":5,"turns":5},{"damage":0,"enemies":"3 Louse","floor":7,"turns":3},{"damage":17,"enemies":"3 Sentries","floor":8,"turns":9},{"damage":0,"enemies":"Lagavulin","floor":10,"turns":5},{"damage":5,"enemies":"Looter","floor":11,"turns":4},{"damage":7,"enemies":"2 Fungi Beasts","floor":12,"turns":3},{"damage":1,"enemies":"3 Louse","floor":14,"turns":2},{"damage":43,"enemies":"The Guardian","floor":16,"turns":9},{"damage":5,"enemies":"Spheric Guardian","floor":18,"turns":3},{"damage":0,"enemies":"Chosen","floor":21,"turns":2},{"damage":30,"enemies":"Snake Plant","floor":22,"turns":5},{"damage":38,"enemies":"Book of Stabbing","floor":24,"turns":6},{"damage":41,"enemies":"Slavers","floor":28,"turns":4}],"event_choices":[{"event_name":"The Cleric","player_choice":"Card Removal","floor":3,"damage_taken":0},{"event_name":"The Mausoleum","player_choice":"No","floor":19,"damage_taken":0}],"boss_relics":[{"not_picked":["Black Blood","Ectoplasm"],"picked":"Astrolabe"}],"potions_floor_spawned":[1,2,4,12,14,16,18,21],"seed_played":"-8524001649376089550","killed_by":"Slavers","ascension_level":0,"is_trial":false}