{"gold_per_floor":[114,128,60,78,93,93,120,120,170,170,170,170,225,240,240,345,345,362,15,26,36,36,65,65,81,81,356,369,369,388,14,14,113,113,131,131,131,62,62,91,103,115,127,172,196,219,250,262,274,286],"floor_reached":50,"playtime":3767,"items_purged":["Strike_B","Strike_B"],"score":692,"play_id":"8b04b220-aa67-491e-babd-0340d1d19d06","local_time":"20190815154748","is_ascension_mode":true,"campfire_choices":[{"data":"Static Discharge","floor":6.0,"key":"SMITH"},{"floor":8.0,"key":"REST"},{"data":"Defragment","floor":10.0,"key":"SMITH"},{"data":"Storm","floor":15.0,"key":"SMITH"},{"data":"Machine Learning","floor":24.0,"key":"SMITH"},{"floor":29.0,"key":"REST"},{"floor":32.0,"key":"REST"},{"floor":42.0,"key":"REST"},{"data":"Trip","floor":49,"key":"SMITH"}],"neow_cost":"NONE","seed_source_timestamp":0,"circlet_count":0,"master_deck":["Strike_B+1","Strike_B+1","Defend_B+1","Defend_B+1","Defend_B+1","Defend_B+1","Zap+1","Dualcast+1","Coolheaded+1","Defragment+1","Static Discharge+1","Steam+1","Sweeping Beam+1","Machine Learning+1","Storm+1","Electrodynamics+1","Hologram+1","Self Repair+1","Conserve Battery+1","Loop+1","FTL+1","Chill+1","Fusion+1","Capacitor+1","Fission+1","Self Repair+1","Trip+1","Echo Form+1","Stack+1","Barrage+1"],"special_seed":0,"relics":["Cracked Core","Bottled Lightning","Omamori","Tiny Chest","Sozu","Lantern","Nilry\u0027s Codex","Mercury Hourglass","Ice Cream","Runic Capacitor","Black Star","Mark of the Bloom","MawBank","Whetstone","Calipers","Frozen Egg 2","The Courier"],"potions_floor_usage":[],"damage_taken":[{"damage":11.0,"enemies":"2 Louse","floor":1.0,"turns":3.0},{"damage":3.0,"enemies":"Small Slimes","floor":2.0,"turns":3.0},{"damage":1.0,"enemies":"Cultist","floor":4.0,"turns":3.0},{"damage":13.0,"enemies":"Blue Slaver","floor":5.0,"turns":4.0},{"damage":37.0,"enemies":"Gremlin Nob","floor":7.0,"turns":4.0},{"damage":22.0,"enemies":"Lagavulin","floor":13.0,"turns":4.0},{"damage":2.0,"enemies":"3 Louse","floor":14.0,"turns":2.0},{"damage":0.0,"enemies":"Slime Boss","floor":16.0,"turns":6.0},{"damage":8.0,"enemies":"Shell Parasite","floor":18.0,"turns":3.0},{"damage":3.0,"enemies":"3 Byrds","floor":20.0,"turns":3.0},{"damage":25.0,"enemies":"Shelled Parasite and Fungi","floor":21.0,"turns":4.0},{"damage":21.0,"enemies":"Slavers","floor":23.0,"turns":2.0},{"damage":23.0,"enemies":"Snecko","floor":25.0,"turns":4.0},{"damage":13.0,"enemies":"Snake Plant","floor":28.0,"turns":2.0},{"damage":17.0,"enemies":"Centurion and Healer","floor":30.0,"turns":3.0},{"damage":14.0,"enemies":"Collector","floor":33.0,"turns":5.0},{"damage":10.0,"enemies":"Orb Walker","floor":35.0,"turns":4.0},{"damage":13.0,"enemies":"Nemesis","floor":40.0,"turns":4.0},{"damage":16.0,"enemies":"Giant Head","floor":44.0,"turns":6.0},{"damage":19.0,"enemies":"3 Shapes","floor":45.0,"turns":3.0},{"damage":0,"enemies":"Sphere and 2 Shapes","floor":46,"turns":3},{"damage":16,"enemies":"Transient","floor":47,"turns":5},{"damage":20,"enemies":"Awakened One","floor":50,"turns":2}],"seed_played":"6764387991833452544","potions_obtained":[{"floor":1.0,"key":"FearPotion"},{"floor":5.0,"key":"Strength Potion"},{"floor":14.0,"key":"Fire Potion"}],"is_trial":false,"path_per_floor":["M","M","$","M","M","R","E","R","T","R","?","?","E","M","R","B",null,"M","$","M","M","?","E","R","M","T","?","M","R","M","$","R","B",null,"M","?","?","$","?","E","?","R","T","E","M","M","M","?","R","B"],"character_chosen":"DEFECT","items_purchased":["Static Discharge","Self Repair","Lantern","Conserve Battery","Runic Capacitor","Capacitor","Echo Form"],"campfire_rested":4,"item_purchase_floors":[3,19,19,19,31,31,38],"current_hp_per_floor":[71,68,68,67,54,54,17,41,41,41,61,61,39,37,37,37,82,74,74,78,60,44,30,30,14,14,14,8,32,15,15,39,25,82,82,82,82,82,82,69,69,69,69,53,34,34,18,18,18,0],"gold":286,"neow_bonus":"TEN_PERCENT_HP_BONUS","is_prod":false,"is_daily":false,"chose_seed":false,"campfire_upgraded":5,"win_rate":0,"timestamp":1565902068,"path_taken":["M","M","$","M","M","R","E","R","T","R","?","?","E","M","R","BOSS","M","$","M","M","?","E","R","M","T","?","M","R","?","$","R","BOSS","M","?","?","$","?","E","?","R","T","E","M","M","?","?","R","BOSS"],"build_version":"2019-07-17","purchased_purges":2,"victory":false,"max_hp_per_floor":[82,82,82,82,82,82,82,82,82,82,82,82,82,82,82,82,82,82,82,82,82,82,82,82,82,82,82,82,82,82,82,82,82,82,82,82,82,82,82,82,82,82,82,82,82,82,82,82,82,82],"card_choices":[{"not_picked":["Fusion","Stack"],"picked":"Coolheaded","floor":1.0},{"not_picked":["Reprogram","Sweeping Beam"],"picked":"Defragment","floor":2.0},{"not_picked":["Tempest","Chaos"],"picked":"Steam","floor":4.0},{"not_picked":["Chill","Coolheaded"],"picked":"Sweeping Beam","floor":5.0},{"not_picked":["Heatsinks","Rainbow"],"picked":"Ball Lightning","floor":7.0},{"not_picked":["Beam Cell","Leap"],"picked":"Machine Learning","floor":13.0},{"not_picked":["Doom and Gloom","FTL"],"picked":"Storm","floor":14.0},{"not_picked":["Reboot","Biased Cognition"],"picked":"Electrodynamics","floor":16.0},{"not_picked":["BootSequence","Gash+1"],"picked":"Hologram+1","floor":18.0},{"not_picked":["Redo","Coolheaded","Stack"],"picked":"SKIP","floor":20.0},{"not_picked":["Cold Snap","Static Discharge"],"picked":"Loop+1","floor":21.0},{"not_picked":["Coolheaded","Gash+1"],"picked":"FTL+1","floor":23.0},{"not_picked":["Rebound","Ball Lightning","Skim"],"picked":"SKIP","floor":25.0},{"not_picked":["Rebound","Blizzard+1"],"picked":"Chill","floor":28.0},{"not_picked":["Doom and Gloom","Blizzard"],"picked":"Fusion+1","floor":30.0},{"not_picked":["Biased Cognition","Machine Learning"],"picked":"Fission","floor":33.0},{"not_picked":["Go for the Eyes+1","Tempest+1"],"picked":"Self Repair+1","floor":35.0},{"not_picked":["Purity","PanicButton"],"picked":"Trip","floor":37.0},{"not_picked":["Hologram+1","Scrape+1","Chill"],"picked":"SKIP","floor":40.0},{"not_picked":["Steam Power","Hologram"],"picked":"Stack+1","floor":44.0},{"not_picked":["Compile Driver","Turbo"],"picked":"Barrage+1","floor":45.0},{"not_picked":["Streamline+1","Sweeping Beam+1","Coolheaded"],"picked":"SKIP","floor":46},{"not_picked":["Hologram","Compile Driver+1","Turbo+1"],"picked":"SKIP","floor":47}],"player_experience":154465,"relics_obtained":[{"floor":7.0,"key":"Bottled Lightning"},{"floor":9.0,"key":"Omamori"},{"floor":13.0,"key":"Tiny Chest"},{"floor":22.0,"key":"Nilry\u0027s Codex"},{"floor":23.0,"key":"Mercury Hourglass"},{"floor":26.0,"key":"Ice Cream"},{"floor":40.0,"key":"MawBank"},{"floor":40.0,"key":"Whetstone"},{"floor":43.0,"key":"Calipers"},{"floor":44.0,"key":"Frozen Egg 2"},{"floor":44.0,"key":"The Courier"}],"event_choices":[{"damage_healed":20.0,"max_hp_gain":0.0,"max_hp_loss":0.0,"gold_gain":0.0,"event_name":"Mushrooms","player_choice":"Healed and dodged fight","floor":11.0,"gold_loss":0.0,"damage_taken":0.0,"cards_obtained":["Parasite"]},{"damage_healed":0.0,"max_hp_gain":0.0,"max_hp_loss":0.0,"gold_gain":0.0,"event_name":"Living Wall","player_choice":"Grow","floor":12.0,"gold_loss":0.0,"damage_taken":0.0,"cards_upgraded":["Dualcast"]},{"damage_healed":0.0,"max_hp_gain":0.0,"max_hp_loss":0.0,"gold_gain":0.0,"event_name":"Cursed Tome","player_choice":"Obtained Book","floor":22.0,"gold_loss":0.0,"damage_taken":16.0},{"damage_healed":0.0,"max_hp_gain":0.0,"max_hp_loss":0.0,"gold_gain":275.0,"event_name":"Golden Shrine","player_choice":"Desecrate","floor":27.0,"gold_loss":0.0,"damage_taken":0.0,"cards_obtained":["Regret"]},{"damage_healed":0.0,"max_hp_gain":0.0,"max_hp_loss":0.0,"gold_gain":0.0,"event_name":"MindBloom","player_choice":"Upgrade","floor":36.0,"gold_loss":0.0,"damage_taken":0.0,"cards_upgraded":["Strike_B","Strike_B","Defend_B","Defend_B","Defend_B","Defend_B","Zap","Coolheaded","Steam","Sweeping Beam","Ball Lightning","Electrodynamics","Self Repair","Conserve Battery","Chill","Capacitor","Fission"],"relics_obtained":["Mark of the Bloom"]},{"damage_healed":0.0,"max_hp_gain":0.0,"max_hp_loss":0.0,"gold_gain":0.0,"event_name":"SensoryStone","player_choice":"Memory 1","floor":37.0,"gold_loss":0.0,"damage_taken":0.0},{"cards_removed":["Ball Lightning"],"damage_healed":0.0,"max_hp_gain":0.0,"max_hp_loss":0.0,"gold_gain":0.0,"event_name":"Falling","player_choice":"Removed Attack","floor":39.0,"gold_loss":0.0,"damage_taken":0.0},{"damage_healed":0.0,"max_hp_gain":0.0,"max_hp_loss":0.0,"gold_gain":0.0,"event_name":"Accursed Blacksmith","player_choice":"Forge","floor":41.0,"gold_loss":0.0,"damage_taken":0.0,"cards_upgraded":["Echo Form"]},{"damage_healed":0,"gold_gain":0,"player_choice":"Ignored","damage_taken":0,"max_hp_gain":0,"max_hp_loss":0,"event_name":"Mysterious Sphere","floor":48,"gold_loss":0}],"is_beta":false,"boss_relics":[{"not_picked":["Ectoplasm","Tiny House"],"picked":"Sozu"},{"not_picked":["Lizard Tail","Calling Bell"],"picked":"Black Star"}],"items_purged_floors":[19,31],"is_endless":false,"potions_floor_spawned":[1,5,14,23,28,30,35,44,45,47],"killed_by":"Awakened One","ascension_level":3}