{"gold_per_floor":[111,128,21,41,51,86,86,121,121,121,38,66,66,81,81,179,179,192,192,192,192,207,237,237,265,265,265,3,33,33,47,47,147,147,161,172,172,172,182,213,213,245,270,283,208,208,223,38,38,38],"floor_reached":51,"playtime":3989,"items_purged":["Strike_P","Strike_P"],"score":1083,"play_id":"2983d8a1-9440-4d9e-b2e0-33939d161b15","local_time":"20191007131658","is_ascension_mode":true,"campfire_choices":[{"data":"Crescendo","floor":7,"key":"SMITH"},{"data":"Eruption","floor":10,"key":"SMITH"},{"floor":15,"key":"REST"},{"data":"Judgement","floor":24,"key":"SMITH"},{"data":"ConjureBlade","floor":27,"key":"SMITH"},{"data":"Fasting2","floor":30,"key":"SMITH"},{"data":"BattleHymn","floor":32,"key":"SMITH"},{"floor":41,"key":"REST"},{"floor":49,"key":"REST"}],"neow_cost":"NONE","seed_source_timestamp":11034725086500,"circlet_count":0,"master_deck":["Strike_P","Defend_P","Defend_P","Defend_P","Defend_P","Eruption+1","Vigilance","BowlingBash+1","CutThroughFate","SandsOfTime","BattleHymn+1","Crescendo+1","Meditate","FearNoEvil+1","Protect+1","Flash of Steel+1","SashWhip+1","WindmillStrike+1","Judgement+1","InnerPeace+1","ClearTheMind","Decay","ConjureBlade+1","Clumsy","Fasting2+1","EmptyBody","DeusExMachina","MentalFortress+1","EmptyFist+1","WreathOfFlame+1","Dramatic Entrance+1","EmptyMind+1","TalkToTheHand+1","Sanctity"],"relics":["VioletLotus","Molten Egg 2","Du-Vu Doll","Eternal Feather","Mercury Hourglass","Cursed Key","InkBottle","MealTicket","Thread and Needle","Singing Bowl","Omamori","Sozu","Gremlin Horn","Juzu Bracelet","Happy Flower"],"potions_floor_usage":[14,22,25,29,39,50],"damage_taken":[{"damage":0,"enemies":"Jaw Worm","floor":1,"turns":2},{"damage":3,"enemies":"2 Louse","floor":2,"turns":3},{"damage":0,"enemies":"Small Slimes","floor":4,"turns":3},{"damage":8,"enemies":"Exordium Thugs","floor":5,"turns":3},{"damage":13,"enemies":"Gremlin Nob","floor":6,"turns":3},{"damage":7,"enemies":"Lagavulin","floor":8,"turns":3},{"damage":7,"enemies":"3 Sentries","floor":12,"turns":3},{"damage":1,"enemies":"Large Slime","floor":14,"turns":2},{"damage":34,"enemies":"Hexaghost","floor":16,"turns":6},{"damage":0,"enemies":"Spheric Guardian","floor":18,"turns":2},{"damage":11,"enemies":"2 Thieves","floor":22,"turns":3},{"damage":10,"enemies":"Gremlin Leader","floor":23,"turns":4},{"damage":10,"enemies":"Slavers","floor":25,"turns":3},{"damage":0,"enemies":"Book of Stabbing","floor":29,"turns":3},{"damage":5,"enemies":"Cultist and Chosen","floor":31,"turns":5},{"damage":21,"enemies":"Champ","floor":33,"turns":7},{"damage":4,"enemies":"3 Shapes","floor":35,"turns":2},{"damage":0,"enemies":"Orb Walker","floor":36,"turns":2},{"damage":9,"enemies":"Writhing Mass","floor":39,"turns":3},{"damage":26,"enemies":"Nemesis","floor":40,"turns":5},{"damage":47,"enemies":"Giant Head","floor":42,"turns":6},{"damage":24,"enemies":"3 Darklings","floor":44,"turns":3},{"damage":9,"enemies":"Spire Growth","floor":47,"turns":3},{"damage":27,"enemies":"Awakened One","floor":50,"turns":8}],"seed_played":"-8626510778829202551","potions_obtained":[{"floor":1,"key":"SteroidPotion"},{"floor":4,"key":"Dexterity Potion"},{"floor":12,"key":"Block Potion"},{"floor":16,"key":"DuplicationPotion"},{"floor":25,"key":"Weak Potion"},{"floor":33,"key":"Strength Potion"}],"is_trial":false,"path_per_floor":["M","M","$","M","M","E","R","E","T","R","$","E","?","M","R","B",null,"M","?","?","?","M","E","R","E","T","R","$","E","R","M","R","B",null,"M","M","?","?","M","E","R","E","T","M","$","?","M","$","R","B",null],"character_chosen":"WATCHER","items_purchased":["SandsOfTime","BattleHymn","Flash of Steel+1","Singing Bowl","TalkToTheHand+1","Sanctity"],"campfire_rested":3,"item_purchase_floors":[3,3,11,28,48,48],"current_hp_per_floor":[65,62,62,62,54,41,41,34,34,43,43,36,22,21,54,20,59,59,59,59,59,48,38,53,43,43,58,72,72,72,67,72,51,67,65,65,65,65,56,32,72,25,25,3,18,18,9,24,65,38],"gold":38,"neow_bonus":"BOSS_RELIC","is_prod":false,"is_daily":false,"chose_seed":false,"campfire_upgraded":6,"win_rate":0,"timestamp":1570472218,"path_taken":["M","M","$","M","M","E","R","E","T","R","$","E","?","M","R","BOSS","M","?","?","?","M","E","R","E","T","R","$","E","R","M","R","BOSS","M","M","?","?","M","E","R","E","T","M","?","?","M","$","R","BOSS"],"build_version":"2019-10-04","purchased_purges":2,"victory":true,"max_hp_per_floor":[72,72,72,72,72,72,72,72,72,72,72,72,72,72,72,72,72,72,72,72,72,72,72,72,72,72,72,72,72,72,72,72,72,72,74,74,74,74,74,76,76,76,76,78,78,78,78,78,78,78],"card_choices":[{"not_picked":["Weave","ThirdEye"],"picked":"BowlingBash","floor":1},{"not_picked":["Nirvana","Prostrate"],"picked":"CutThroughFate","floor":2},{"not_picked":["CrushJoints","Evaluate"],"picked":"Crescendo","floor":4},{"not_picked":["EmptyBody","PathToVictory"],"picked":"Meditate","floor":5},{"not_picked":["MasterReality","FlyingSleeves"],"picked":"FearNoEvil","floor":6},{"not_picked":["DeceiveReality","WheelKick+1"],"picked":"Protect","floor":8},{"not_picked":["ReachHeaven+1","FollowUp+1"],"picked":"SashWhip+1","floor":12},{"not_picked":["Weave+1","BattleHymn"],"picked":"WindmillStrike+1","floor":14},{"not_picked":["Brilliance","ConjureBlade"],"picked":"Judgement","floor":16},{"not_picked":["Crescendo","Vengeance"],"picked":"InnerPeace+1","floor":18},{"not_picked":["CutThroughFate+1","Prostrate","Halt"],"picked":"SKIP","floor":22},{"not_picked":["CutThroughFate+1","Prostrate","Halt"],"picked":"SKIP","floor":22},{"not_picked":["ReachHeaven+1","CrushJoints+1","Sanctity"],"picked":"SKIP","floor":23},{"not_picked":["CutThroughFate+1","DeusExMachina"],"picked":"ConjureBlade","floor":25},{"not_picked":["Crescendo","Nirvana"],"picked":"Fasting2","floor":29},{"not_picked":["Worship","Vengeance"],"picked":"EmptyBody","floor":31},{"not_picked":["ConjureBlade","MasterReality"],"picked":"DeusExMachina","floor":33},{"not_picked":["Prostrate+1","SandsOfTime+1","CrushJoints+1"],"picked":"Singing Bowl","floor":35},{"not_picked":["Sanctity","Perseverance"],"picked":"MentalFortress+1","floor":36},{"not_picked":["FollowUp+1","CutThroughFate+1"],"picked":"EmptyFist+1","floor":39},{"not_picked":["JustLucky+1","ThirdEye","Weave+1"],"picked":"Singing Bowl","floor":40},{"not_picked":["Collect+1","LessonLearned+1"],"picked":"WreathOfFlame+1","floor":42},{"not_picked":["CarveReality+1","Collect","Pray"],"picked":"Singing Bowl","floor":44},{"not_picked":["Good Instincts","Madness"],"picked":"Dramatic Entrance+1","floor":46},{"not_picked":["WindmillStrike+1","Scrawl"],"picked":"EmptyMind+1","floor":47}],"player_experience":411571,"relics_obtained":[{"floor":6,"key":"Molten Egg 2"},{"floor":8,"key":"Du-Vu Doll"},{"floor":9,"key":"Eternal Feather"},{"floor":12,"key":"Mercury Hourglass"},{"floor":23,"key":"InkBottle"},{"floor":25,"key":"MealTicket"},{"floor":26,"key":"Thread and Needle"},{"floor":29,"key":"Omamori"},{"floor":40,"key":"Gremlin Horn"},{"floor":42,"key":"Juzu Bracelet"},{"floor":43,"key":"Happy Flower"}],"event_choices":[{"damage_healed":0,"gold_gain":0,"player_choice":"Entered Light","damage_taken":14,"max_hp_gain":0,"max_hp_loss":0,"event_name":"Shining Light","floor":13,"gold_loss":0,"cards_upgraded":["BowlingBash","Protect"]},{"damage_healed":0,"gold_gain":0,"player_choice":"Read","damage_taken":0,"max_hp_gain":0,"max_hp_loss":0,"event_name":"The Library","floor":19,"gold_loss":0,"cards_obtained":["ClearTheMind"]},{"damage_healed":0,"gold_gain":0,"player_choice":"Ignored","damage_taken":0,"max_hp_gain":0,"max_hp_loss":0,"event_name":"Vampires","floor":20,"gold_loss":0},{"damage_healed":0,"gold_gain":0,"player_choice":"Smashed Altar","damage_taken":0,"max_hp_gain":0,"max_hp_loss":0,"event_name":"Forgotten Altar","floor":21,"gold_loss":0,"cards_obtained":["Decay"]},{"damage_healed":0,"gold_gain":0,"player_choice":"Ignored","damage_taken":0,"max_hp_gain":0,"max_hp_loss":0,"event_name":"Tomb of Lord Red Mask","floor":37,"gold_loss":0},{"cards_removed":["Strike_P"],"damage_healed":0,"gold_gain":0,"player_choice":"Removed Attack","damage_taken":0,"max_hp_gain":0,"max_hp_loss":0,"event_name":"Falling","floor":38,"gold_loss":0},{"damage_healed":0,"gold_gain":0,"player_choice":"Memory 1","damage_taken":0,"max_hp_gain":0,"max_hp_loss":0,"event_name":"SensoryStone","floor":46,"gold_loss":0}],"is_beta":true,"boss_relics":[{"not_picked":["SacredBark","Velvet Choker"],"picked":"Cursed Key"},{"not_picked":["Tiny House","SlaversCollar"],"picked":"Sozu"}],"items_purged_floors":[45,48],"is_endless":false,"potions_floor_spawned":[1,4,12,16,25,33,35,44],"ascension_level":6}