{"gold_per_floor":[112,112,128,128,139,139,153,185,185,220,220,220,220,236,236,339,339,326,326,4,4,15,44,44,61,61,61,93,93,126,136,136,231,231,242,242,242,342,171,197,197,122,122,122,148,7,24,50,50,50],"floor_reached":51,"playtime":4601,"items_purged":["Strike_P+1","Strike_P+1"],"score":822,"play_id":"a509e549-0989-4d8e-a0c0-392222d1e6a9","local_time":"20190922182943","is_ascension_mode":false,"campfire_choices":[{"data":"SashWhip","floor":6.0,"key":"SMITH"},{"data":"Nirvana","floor":11.0,"key":"SMITH"},{"floor":13.0,"key":"REST"},{"data":"CrushJoints","floor":15.0,"key":"SMITH"},{"data":"Eruption","floor":24,"key":"SMITH"},{"data":"Crescendo","floor":32,"key":"SMITH"},{"data":"ThirdEye","floor":41,"key":"SMITH"},{"data":"CutThroughFate","floor":44,"key":"SMITH"},{"floor":49,"key":"REST"}],"neow_cost":"NONE","seed_source_timestamp":0,"circlet_count":0,"master_deck":["Strike_P+1","Defend_P+1","Defend_P+1","Defend_P+1","Defend_P+1","Eruption+1","Vigilance+1","Consecrate","SashWhip+1","ThirdEye+1","JustLucky+1","Nirvana+1","EmptyBody","CrushJoints+1","Adaptation+1","Wireheading+1","MentalFortress+1","BattleHymn+1","EmptyFist","Crescendo+1","FearNoEvil","InnerPeace+1","Madness","Madness+1","ClearTheMind+1","CutThroughFate+1","Wireheading+1","JustLucky+1","WreathOfFlame+1"],"special_seed":0,"relics":["PureWater","Toy Ornithopter","Lizard Tail","Frozen Egg 2","Bottled Tornado","Runic Dome","TeardropLocket","Strawberry","Lantern","Pen Nib","Ginger","Sundial","Sozu","Mango","InkBottle","Molten Egg 2","Kunai","War Paint","MealTicket"],"potions_floor_usage":[23,45],"damage_taken":[{"damage":0.0,"enemies":"2 Louse","floor":1.0,"turns":1.0},{"damage":0.0,"enemies":"Small Slimes","floor":3.0,"turns":3.0},{"damage":0.0,"enemies":"Jaw Worm","floor":5.0,"turns":2.0},{"damage":4.0,"enemies":"Blue Slaver","floor":7.0,"turns":4.0},{"damage":21.0,"enemies":"Gremlin Nob","floor":8.0,"turns":6.0},{"damage":8.0,"enemies":"3 Sentries","floor":10.0,"turns":5.0},{"damage":4.0,"enemies":"3 Louse","floor":14.0,"turns":5.0},{"damage":75.0,"enemies":"Hexaghost","floor":16.0,"turns":16.0},{"damage":0,"enemies":"2 Thieves","floor":18,"turns":4},{"damage":0,"enemies":"3 Byrds","floor":22,"turns":6},{"damage":15,"enemies":"Gremlin Leader","floor":23,"turns":7},{"damage":5,"enemies":"Snecko","floor":25,"turns":6},{"damage":9,"enemies":"Book of Stabbing","floor":28,"turns":6},{"damage":1,"enemies":"Gremlin Leader","floor":30,"turns":5},{"damage":0,"enemies":"3 Cultists","floor":31,"turns":4},{"damage":1,"enemies":"Collector","floor":33,"turns":9},{"damage":3,"enemies":"3 Darklings","floor":35,"turns":3},{"damage":2,"enemies":"Mind Bloom Boss Battle","floor":38,"turns":6},{"damage":10,"enemies":"Nemesis","floor":40,"turns":5},{"damage":0,"enemies":"Reptomancer","floor":45,"turns":3},{"damage":9,"enemies":"3 Shapes","floor":47,"turns":4},{"damage":0,"enemies":"Giant Head","floor":48,"turns":6},{"damage":34,"enemies":"Time Eater","floor":50,"turns":6}],"seed_played":"-905680421961100164","potions_obtained":[{"floor":3.0,"key":"Weak Potion"},{"floor":5.0,"key":"SpeedPotion"},{"floor":14.0,"key":"Swift Potion"},{"floor":18,"key":"EssenceOfSteel"},{"floor":23,"key":"GamblersBrew"},{"floor":33,"key":"SkillPotion"}],"is_trial":false,"path_per_floor":["M","?","M","?","M","R","M","E","T","E","R","?","R","M","R","B",null,"M","?","$","?","M","E","R","M","T","T","E","?","E","M","R","B",null,"M","?","?","?","$","E","R","$","T","R","E","$","M","E","R","B",null],"character_chosen":"WATCHER","items_purchased":["TeardropLocket","MentalFortress+1","CutThroughFate","InkBottle","Wireheading+1"],"campfire_rested":2,"item_purchase_floors":[20,20,39,39,46],"current_hp_per_floor":[71,64,64,61,61,61,57,41,41,33,33,19,40,36,36,18,71,71,71,71,71,71,63,63,58,58,58,49,49,48,48,48,47,78,75,75,65,77,77,67,67,67,67,67,72,72,63,63,90,56],"gold":50,"neow_bonus":"TEN_PERCENT_HP_BONUS","is_prod":false,"is_daily":false,"chose_seed":false,"campfire_upgraded":7,"win_rate":0,"timestamp":1569194983,"path_taken":["M","?","M","?","M","R","M","E","T","E","R","?","R","M","R","BOSS","M","?","$","?","M","E","R","M","T","?","E","?","E","?","R","BOSS","M","?","?","?","$","E","R","?","T","R","E","$","M","E","R","BOSS"],"build_version":"2019-09-20","purchased_purges":2,"victory":true,"max_hp_per_floor":[71,71,71,71,71,71,71,71,71,71,71,71,71,71,71,71,71,71,71,71,71,71,78,78,78,78,78,78,78,78,78,78,78,78,78,78,78,92,92,92,92,92,92,92,92,92,92,92,92,92],"card_choices":[{"not_picked":["SandsOfTime","WaveOfTheHand"],"picked":"Consecrate","floor":1.0},{"not_picked":["Halt","FlurryOfBlows"],"picked":"SashWhip","floor":3.0},{"not_picked":["Evaluate","BattleHymn"],"picked":"ThirdEye","floor":5.0},{"not_picked":["Prostrate","Swivel"],"picked":"JustLucky","floor":7.0},{"not_picked":["FlowState","Metaphysics"],"picked":"Nirvana","floor":8.0},{"not_picked":["FlurryOfBlows","EmptyMind"],"picked":"EmptyBody","floor":10.0},{"not_picked":["Crescendo","FlyingSleeves"],"picked":"CrushJoints","floor":14.0},{"not_picked":["Vault","Wish"],"picked":"Adaptation+1","floor":16.0},{"not_picked":["FlyingSleeves","Swivel"],"picked":"Wireheading+1","floor":18},{"not_picked":["EmptyBody","Collect+1"],"picked":"BattleHymn+1","floor":22},{"not_picked":["FlyingSleeves+1","SashWhip","BowlingBash"],"picked":"SKIP","floor":23},{"not_picked":["Consecrate","SashWhip"],"picked":"EmptyFist","floor":25},{"not_picked":["Weave","Consecrate"],"picked":"Crescendo","floor":28},{"not_picked":["Worship+1","WaveOfTheHand"],"picked":"FearNoEvil","floor":30},{"not_picked":["ForeignInfluence","TalkToTheHand","Protect"],"picked":"SKIP","floor":31},{"not_picked":["TalkToTheHand+1","Swivel+1"],"picked":"InnerPeace","floor":35},{"not_picked":["BowlingBash+1","Crescendo+1"],"picked":"ClearTheMind+1","floor":38},{"not_picked":["MasterReality+1","CleanseEvil","Crescendo+1"],"picked":"SKIP","floor":40},{"not_picked":["Fasting+1","InnerPeace+1","WreathOfFlame+1"],"picked":"SKIP","floor":45},{"not_picked":["Sanctity+1","DeceiveReality"],"picked":"JustLucky+1","floor":47},{"not_picked":["Swivel","ClearTheMind"],"picked":"WreathOfFlame+1","floor":48}],"player_experience":308502,"relics_obtained":[{"floor":8.0,"key":"Lizard Tail"},{"floor":9.0,"key":"Frozen Egg 2"},{"floor":10.0,"key":"Bottled Tornado"},{"floor":23,"key":"Strawberry"},{"floor":26,"key":"Lantern"},{"floor":27,"key":"Pen Nib"},{"floor":28,"key":"Ginger"},{"floor":30,"key":"Sundial"},{"floor":38,"key":"Mango"},{"floor":40,"key":"Molten Egg 2"},{"floor":43,"key":"Kunai"},{"floor":45,"key":"War Paint"},{"floor":48,"key":"MealTicket"}],"event_choices":[{"cards_removed":["Strike_P"],"damage_healed":0.0,"max_hp_gain":0.0,"max_hp_loss":0.0,"gold_gain":0.0,"event_name":"Golden Wing","player_choice":"Card Removal","floor":2.0,"gold_loss":0.0,"damage_taken":7.0},{"damage_healed":0.0,"max_hp_gain":0.0,"max_hp_loss":0.0,"gold_gain":0.0,"event_name":"Scrap Ooze","player_choice":"Success","floor":4.0,"gold_loss":0.0,"damage_taken":3.0,"relics_obtained":["Toy Ornithopter"]},{"damage_healed":0.0,"max_hp_gain":0.0,"max_hp_loss":0.0,"gold_gain":0.0,"event_name":"Shining Light","player_choice":"Entered Light","floor":12.0,"gold_loss":0.0,"damage_taken":14.0,"cards_upgraded":["Vigilance","JustLucky"]},{"damage_healed":0,"gold_gain":0,"player_choice":"Simplicity","damage_taken":0,"max_hp_gain":0,"max_hp_loss":0,"event_name":"Back to Basics","floor":19,"gold_loss":0,"cards_upgraded":["Strike_P","Strike_P","Strike_P","Defend_P","Defend_P","Defend_P","Defend_P"]},{"damage_healed":0,"gold_gain":0,"player_choice":"Ignored","damage_taken":0,"max_hp_gain":0,"max_hp_loss":0,"event_name":"Vampires","floor":21,"gold_loss":0},{"damage_healed":0,"gold_gain":0,"player_choice":"Ignored","damage_taken":0,"max_hp_gain":0,"max_hp_loss":0,"event_name":"Ghosts","floor":29,"gold_loss":0},{"damage_healed":0,"gold_gain":0,"player_choice":"Ignored","damage_taken":0,"max_hp_gain":0,"max_hp_loss":0,"event_name":"Tomb of Lord Red Mask","floor":36,"gold_loss":0},{"damage_healed":0,"gold_gain":0,"player_choice":"Embrace Madness","damage_taken":10,"max_hp_gain":0,"max_hp_loss":0,"event_name":"Winding Halls","floor":37,"gold_loss":0,"cards_obtained":["Madness","Madness"]},{"damage_healed":0,"gold_gain":0,"player_choice":"Fight","damage_taken":0,"max_hp_gain":0,"max_hp_loss":0,"event_name":"MindBloom","floor":38,"gold_loss":0}],"is_beta":true,"boss_relics":[{"not_picked":["Empty Cage","Coffee Dripper"],"picked":"Runic Dome"},{"not_picked":["Snecko Eye","Black Star"],"picked":"Sozu"}],"items_purged_floors":[42,46],"is_endless":false,"potions_floor_spawned":[3,5,14,18,23,33,38,45],"ascension_level":0}