{"gold_per_floor":[110,28,42,42,57,57,84,109,109,138,4,4,4,4,4,109,109,122,133,58,158,178,211,211,236,236,264,283,283,283,294,294,394,394,436,508,522,672,42,42,100,100,126,142,179,196,206,224,224,224],"floor_reached":50,"playtime":3976,"items_purged":["Strike_P","Strike_P"],"score":806,"play_id":"bbc2f0ac-06f2-4069-b55e-cc832002949a","local_time":"20191005142101","is_ascension_mode":true,"campfire_choices":[{"data":"Eruption","floor":6,"key":"SMITH"},{"floor":12,"key":"REST"},{"data":"Meditate","floor":13,"key":"SMITH"},{"data":"Wallop","floor":15,"key":"SMITH"},{"floor":24,"key":"REST"},{"floor":29,"key":"REST"},{"data":"DeusExMachina","floor":30,"key":"SMITH"},{"floor":32,"key":"REST"},{"floor":40,"key":"REST"},{"floor":42,"key":"DIG"},{"floor":49,"key":"REST"}],"neow_cost":"NONE","seed_source_timestamp":527528539502400,"circlet_count":0,"master_deck":["Strike_P","Strike_P","Defend_P","Defend_P","Defend_P","Defend_P","Eruption+1","Vigilance","CurseOfTheBell","Perseverance","MentalFortress","FearNoEvil","ForeignInfluence+1","Wallop+1","FlyingSleeves","Meditate+1","FlurryOfBlows","EmptyFist","DeusExMachina+1","WheelKick","Crescendo+1","SashWhip+1","Adaptation+1","Sanctity","Wish","Omniscience","ThirdEye+1","ClearTheMind+1","EmptyMind","Halt","Crescendo+1"],"relics":["Calling Bell","Happy Flower","Shuriken","WingedGreaves","PreservedInsect","Sundial","Bronze Scales","Dead Branch","Philosopher\u0027s Stone","Centennial Puzzle","Blood Vial","Omamori","Akabeko","VioletLotus","Shovel","Ginger","Regal Pillow","Sling","Ancient Tea Set","War Paint","Du-Vu Doll","InkBottle"],"potions_floor_usage":[10,10,16,23,27,33,33,36,37,38,45,46,48,48,50],"damage_taken":[{"damage":0,"enemies":"Small Slimes","floor":1,"turns":3},{"damage":12,"enemies":"Cultist","floor":3,"turns":4},{"damage":2,"enemies":"Jaw Worm","floor":5,"turns":5},{"damage":32,"enemies":"Gremlin Nob","floor":7,"turns":4},{"damage":10,"enemies":"3 Sentries","floor":8,"turns":3},{"damage":0,"enemies":"Gremlin Nob","floor":10,"turns":3},{"damage":0,"enemies":"Hexaghost","floor":16,"turns":5},{"damage":0,"enemies":"Spheric Guardian","floor":18,"turns":3},{"damage":11,"enemies":"Chosen","floor":19,"turns":4},{"damage":9,"enemies":"Snake Plant","floor":22,"turns":2},{"damage":3,"enemies":"Slavers","floor":23,"turns":2},{"damage":9,"enemies":"Book of Stabbing","floor":25,"turns":4},{"damage":22,"enemies":"Slavers","floor":27,"turns":3},{"damage":10,"enemies":"Centurion and Healer","floor":28,"turns":3},{"damage":18,"enemies":"3 Cultists","floor":31,"turns":3},{"damage":26,"enemies":"Champ","floor":33,"turns":7},{"damage":0,"enemies":"Orb Walker","floor":35,"turns":2},{"damage":32,"enemies":"2 Orb Walkers","floor":36,"turns":5},{"damage":10,"enemies":"3 Shapes","floor":37,"turns":3},{"damage":4,"enemies":"Mind Bloom Boss Battle","floor":38,"turns":5},{"damage":32,"enemies":"Reptomancer","floor":41,"turns":3},{"damage":0,"enemies":"Maw","floor":44,"turns":4},{"damage":15,"enemies":"Jaw Worm Horde","floor":45,"turns":2},{"damage":1,"enemies":"Spire Growth","floor":46,"turns":2},{"damage":0,"enemies":"Transient","floor":47,"turns":5},{"damage":3,"enemies":"Writhing Mass","floor":48,"turns":4},{"damage":103,"enemies":"Time Eater","floor":50,"turns":4}],"seed_played":"6402178943702351567","potions_obtained":[{"floor":1,"key":"Strength Potion"},{"floor":3,"key":"Ancient Potion"},{"floor":8,"key":"Strength Potion"},{"floor":10,"key":"StancePotion"},{"floor":18,"key":"Ambrosia"},{"floor":19,"key":"Fire Potion"},{"floor":25,"key":"LiquidBronze"},{"floor":31,"key":"SpeedPotion"},{"floor":33,"key":"Weak Potion"},{"floor":35,"key":"SpeedPotion"},{"floor":36,"key":"Explosive Potion"},{"floor":44,"key":"Regen Potion"},{"floor":45,"key":"Dexterity Potion"},{"floor":48,"key":"SteroidPotion"}],"is_trial":false,"path_per_floor":["M","$","M","?","M","R","E","E","T","E","$","R","R","$","R","B",null,"M","M","$","?","M","E","R","E","T","E","M","R","R","M","R","B",null,"M","?","M","?","$","R","E","R","T","M","M","M","M","M","R","B"],"character_chosen":"WATCHER","items_purchased":["MentalFortress","FlurryOfBlows","EmptyFist","Regal Pillow","Sling","Ancient Tea Set","DuplicationPotion"],"campfire_rested":6,"item_purchase_floors":[2,11,11,39,39,39,39],"current_hp_per_floor":[72,72,60,53,51,51,19,9,9,9,9,30,30,30,30,30,62,62,51,51,51,42,39,60,51,51,31,23,44,44,28,49,25,60,62,32,24,22,22,58,28,28,28,30,22,23,25,24,60,0],"gold":224,"neow_bonus":"BOSS_RELIC","is_prod":false,"is_daily":false,"chose_seed":false,"campfire_upgraded":4,"win_rate":0,"timestamp":1570303261,"path_taken":["M","$","M","?","M","R","E","E","T","E","$","R","R","?","R","BOSS","M","M","$","?","M","E","R","E","T","E","?","R","R","M","R","BOSS","M","?","M","?","$","R","E","R","T","M","M","?","M","M","R","BOSS"],"build_version":"2019-10-04","purchased_purges":2,"victory":false,"max_hp_per_floor":[72,72,72,72,72,72,72,72,72,72,72,72,72,72,72,72,72,72,72,72,72,72,72,72,72,72,72,72,72,72,72,72,72,72,72,72,72,72,72,72,72,72,72,72,72,72,72,72,72,72],"card_choices":[{"not_picked":["Scrawl","FlowState"],"picked":"Perseverance","floor":1},{"not_picked":["CrushJoints","EmptyBody"],"picked":"FearNoEvil","floor":3},{"not_picked":["Protect","Worship"],"picked":"ForeignInfluence","floor":5},{"not_picked":["BattleHymn","MasterReality"],"picked":"Wallop","floor":7},{"not_picked":["MentalFortress","Fasting2"],"picked":"FlyingSleeves","floor":8},{"not_picked":["Consecrate","BowlingBash"],"picked":"Meditate","floor":10},{"not_picked":["Blasphemy","Devotion"],"picked":"DeusExMachina","floor":16},{"not_picked":["Protect","Worship"],"picked":"WheelKick","floor":18},{"not_picked":["FlurryOfBlows+1","Sanctity+1"],"picked":"Crescendo+1","floor":19},{"not_picked":["CrushJoints+1","ThirdEye"],"picked":"SashWhip+1","floor":22},{"not_picked":["Weave","FollowUp"],"picked":"Adaptation+1","floor":23},{"not_picked":["WheelKick","CarveReality+1","DeceiveReality"],"picked":"SKIP","floor":25},{"not_picked":["Consecrate","ReachHeaven"],"picked":"Sanctity","floor":27},{"not_picked":["BowlingBash+1","JustLucky","Perseverance"],"picked":"SKIP","floor":28},{"not_picked":["Protect","SashWhip+1"],"picked":"Wish","floor":31},{"not_picked":["DevaForm","Devotion"],"picked":"Omniscience","floor":33},{"not_picked":["FollowUp","DeceiveReality+1"],"picked":"ThirdEye","floor":35},{"not_picked":["Prostrate","MentalFortress+1"],"picked":"ClearTheMind+1","floor":36},{"not_picked":["Nirvana+1","Prostrate","BowlingBash"],"picked":"SKIP","floor":37},{"not_picked":["DevaForm","CrushJoints","Discipline"],"picked":"SKIP","floor":41},{"not_picked":["ClearTheMind+1","Worship+1"],"picked":"EmptyMind","floor":44},{"not_picked":["Collect+1","Fasting2","Meditate"],"picked":"SKIP","floor":45},{"not_picked":["ThirdEye+1","EmptyBody"],"picked":"Halt","floor":46},{"not_picked":["LessonLearned","SashWhip","EmptyFist"],"picked":"SKIP","floor":47},{"not_picked":["Pray+1","Protect+1"],"picked":"Crescendo+1","floor":48}],"player_experience":390820,"relics_obtained":[{"floor":0,"key":"Happy Flower"},{"floor":0,"key":"Shuriken"},{"floor":0,"key":"WingedGreaves"},{"floor":7,"key":"PreservedInsect"},{"floor":8,"key":"Sundial"},{"floor":9,"key":"Bronze Scales"},{"floor":10,"key":"Dead Branch"},{"floor":23,"key":"Centennial Puzzle"},{"floor":25,"key":"Blood Vial"},{"floor":26,"key":"Omamori"},{"floor":27,"key":"Akabeko"},{"floor":36,"key":"Shovel"},{"floor":38,"key":"Ginger"},{"floor":41,"key":"War Paint"},{"floor":42,"key":"Du-Vu Doll"},{"floor":43,"key":"InkBottle"}],"event_choices":[{"damage_healed":0,"gold_gain":0,"player_choice":"Damaged","damage_taken":7,"max_hp_gain":0,"max_hp_loss":0,"event_name":"Wheel of Change","floor":4,"gold_loss":0},{"damage_healed":0,"gold_gain":100,"player_choice":"Pray","damage_taken":0,"max_hp_gain":0,"max_hp_loss":0,"event_name":"Golden Shrine","floor":21,"gold_loss":0},{"damage_healed":0,"gold_gain":0,"player_choice":"Fight","damage_taken":0,"max_hp_gain":0,"max_hp_loss":0,"event_name":"Mysterious Sphere","floor":36,"gold_loss":0},{"damage_healed":0,"gold_gain":0,"player_choice":"Fight","damage_taken":0,"max_hp_gain":0,"max_hp_loss":0,"event_name":"MindBloom","floor":38,"gold_loss":0}],"is_beta":true,"boss_relics":[{"not_picked":["Pandora\u0027s Box","Runic Dome"],"picked":"Philosopher\u0027s Stone"},{"not_picked":["Cursed Key","Velvet Choker"],"picked":"VioletLotus"}],"items_purged_floors":[20,39],"is_endless":false,"potions_floor_spawned":[1,3,8,10,18,19,25,31,33,35,36,44,45,48],"killed_by":"Time Eater","ascension_level":5}