{"gold_per_floor":[117,117,131,104,54,54,82,82,106,106,106,126,155,172,172,269,269,286,302,242,242,157],"floor_reached":22,"playtime":733,"items_purged":["Parasite"],"score":266,"play_id":"35af1d1c-dc31-4e38-b288-0b0103d7a1d6","local_time":"20190627173417","is_ascension_mode":true,"campfire_choices":[{"floor":6,"key":"RECALL"},{"data":"Flex","floor":8,"key":"SMITH"},{"data":"Bash","floor":10,"key":"SMITH"},{"data":"Combust","floor":15,"key":"SMITH"}],"neow_cost":"NONE","seed_source_timestamp":1264194594049456,"circlet_count":0,"master_deck":["Strike_R","Strike_R","Strike_R","Strike_R","Strike_R","Defend_R","Bash+1","Battle Trance","Flex+1","Intimidate","Combust","Warcry","Combust+1","Demon Form","Headbutt+1","Sever Soul+1","Flex"],"relics":["Burning Blood","NeowsBlessing","Centennial Puzzle","Art of War","PreservedInsect","The Courier","Bottled Tornado","Astrolabe","Nunchaku"],"potions_floor_usage":[13,16,16],"damage_taken":[{"damage":0,"enemies":"Jaw Worm","floor":1,"turns":1},{"damage":0,"enemies":"Small Slimes","floor":3,"turns":1},{"damage":0,"enemies":"Lagavulin","floor":7,"turns":1},{"damage":10,"enemies":"2 Louse","floor":12,"turns":2},{"damage":1,"enemies":"Gremlin Nob","floor":13,"turns":2},{"damage":7,"enemies":"2 Fungi Beasts","floor":14,"turns":3},{"damage":90,"enemies":"The Guardian","floor":16,"turns":8},{"damage":20,"enemies":"Chosen","floor":18,"turns":4},{"damage":23,"enemies":"3 Byrds","floor":19,"turns":3}],"seed_played":"-7269151856824148000","potions_obtained":[{"floor":1,"key":"Regen Potion"},{"floor":7,"key":"Poison Potion"},{"floor":12,"key":"PowerPotion"},{"floor":16,"key":"FearPotion"}],"is_trial":false,"path_per_floor":["M","?","M","$","?","R","E","R","T","R","?","M","E","M","R","B",null,"M","M","$","?","?"],"character_chosen":"IRONCLAD","items_purchased":["Flex"],"campfire_rested":0,"item_purchase_floors":[4],"current_hp_per_floor":[80,73,79,79,79,79,80,80,80,80,80,76,80,79,79,7,80,66,49,49,49,49],"gold":157,"neow_bonus":"THREE_ENEMY_KILL","is_prod":false,"is_daily":false,"chose_seed":false,"campfire_upgraded":3,"win_rate":0,"timestamp":1561671257,"path_taken":["M","?","M","$","?","R","E","R","T","R","?","M","E","M","R","BOSS","M","M","$","?","?"],"build_version":"2019-01-23","purchased_purges":1,"victory":false,"max_hp_per_floor":[80,80,80,80,80,80,80,80,80,80,80,80,80,80,80,80,80,80,80,77,77,77],"card_choices":[{"not_picked":["Rage","Fire Breathing"],"picked":"Battle Trance","floor":1},{"not_picked":["Twin Strike","Clothesline","Iron Wave"],"picked":"SKIP","floor":3},{"not_picked":["Armaments","Anger"],"picked":"Intimidate","floor":7},{"not_picked":["Anger","Warcry"],"picked":"Combust","floor":12},{"not_picked":["Dual Wield","Reckless Charge"],"picked":"Warcry","floor":13},{"not_picked":["Armaments","Twin Strike"],"picked":"Combust","floor":14},{"not_picked":["Bludgeon","Offering"],"picked":"Demon Form","floor":16},{"not_picked":["Ghostly Armor+1","Armaments","Body Slam+1"],"picked":"SKIP","floor":18},{"not_picked":["Iron Wave","Headbutt","Anger"],"picked":"SKIP","floor":19}],"player_experience":245670,"relics_obtained":[{"floor":7,"key":"Art of War"},{"floor":9,"key":"PreservedInsect"},{"floor":13,"key":"Bottled Tornado"}],"event_choices":[{"damage_healed":0,"gold_gain":0,"player_choice":"Success","damage_taken":7,"relics_obtained":["Centennial Puzzle"],"max_hp_gain":0,"max_hp_loss":0,"event_name":"Scrap Ooze","floor":2,"gold_loss":0},{"cards_removed":["Defend_R"],"damage_healed":0,"gold_gain":0,"player_choice":"Card Removal","damage_taken":0,"max_hp_gain":0,"max_hp_loss":0,"event_name":"The Cleric","floor":5,"gold_loss":50},{"damage_healed":0,"gold_gain":0,"player_choice":"Box","damage_taken":0,"relics_obtained":["The Courier"],"max_hp_gain":0,"max_hp_loss":0,"event_name":"Big Fish","floor":11,"gold_loss":0,"cards_obtained":["Regret"]},{"damage_healed":0,"gold_gain":0,"player_choice":"Read","damage_taken":0,"max_hp_gain":0,"max_hp_loss":0,"event_name":"The Library","floor":21,"gold_loss":0,"cards_obtained":["Flex"]},{"damage_healed":0,"gold_gain":0,"player_choice":"Obtained Relic","damage_taken":0,"relics_obtained":["Nunchaku"],"max_hp_gain":0,"max_hp_loss":0,"event_name":"Addict","floor":22,"gold_loss":85}],"is_beta":false,"boss_relics":[{"not_picked":["Runic Cube","Mark of Pain"],"picked":"Astrolabe"}],"items_purged_floors":[20],"is_endless":false,"potions_floor_spawned":[1,7,12,16],"ascension_level":2}