{"gold_per_floor":[119,119,119,134,147,147,178,4,4,32,47,47,63,90,90,188,188,207,220,230,8,8,8,43,43,117,117,150,150,183,183,183,280,280,280],"floor_reached":35,"playtime":2757,"items_purged":[],"score":539,"play_id":"aa47e90d-5ba9-4708-870e-6a80ed4974fb","local_time":"20190825113451","is_ascension_mode":true,"campfire_choices":[{"data":"Uppercut","floor":6.0,"key":"SMITH"},{"floor":12.0,"key":"REST"},{"floor":15.0,"key":"REST"},{"floor":23.0,"key":"REST"},{"floor":27.0,"key":"REST"},{"floor":29.0,"key":"REST"},{"floor":32.0,"key":"REST"}],"neow_cost":"NONE","seed_source_timestamp":0,"circlet_count":0,"master_deck":["Strike_R","Strike_R","Strike_R","Strike_R+1","Strike_R","Defend_R","Defend_R","Defend_R","Defend_R","Bash","Cleave+1","Metallicize","Sword Boomerang","Uppercut+1","Disarm","Double Tap","Pummel","Cleave","Combust","Battle Trance","Intimidate","Immolate","True Grit","Feel No Pain+1","Evolve","Wild Strike+1","Headbutt","Rage+1","Decay","Limit Break"],"special_seed":0,"relics":["Black Blood","Smiling Mask","Dead Branch","WingedGreaves","Red Skull","Blood Vial","Lizard Tail","Oddly Smooth Stone","Girya","Ornamental Fan","Lantern","Singing Bowl"],"potions_floor_usage":[],"damage_taken":[{"damage":1.0,"enemies":"Cultist","floor":1.0,"turns":4.0},{"damage":7.0,"enemies":"Jaw Worm","floor":4.0,"turns":3.0},{"damage":0.0,"enemies":"2 Louse","floor":5.0,"turns":2.0},{"damage":32.0,"enemies":"Lagavulin","floor":7.0,"turns":5.0},{"damage":25.0,"enemies":"Gremlin Nob","floor":10.0,"turns":4.0},{"damage":4.0,"enemies":"2 Fungi Beasts","floor":11.0,"turns":2.0},{"damage":8.0,"enemies":"Looter","floor":13.0,"turns":2.0},{"damage":6.0,"enemies":"3 Sentries","floor":14.0,"turns":2.0},{"damage":43.0,"enemies":"Hexaghost","floor":16.0,"turns":9.0},{"damage":24.0,"enemies":"2 Thieves","floor":18.0,"turns":3.0},{"damage":8.0,"enemies":"3 Byrds","floor":19.0,"turns":3.0},{"damage":28.0,"enemies":"Centurion and Healer","floor":20.0,"turns":6.0},{"damage":21.0,"enemies":"Book of Stabbing","floor":24.0,"turns":5.0},{"damage":41.0,"enemies":"Gremlin Leader","floor":28.0,"turns":6.0},{"damage":51.0,"enemies":"Slavers","floor":30.0,"turns":3.0},{"damage":62.0,"enemies":"Collector","floor":33.0,"turns":10.0},{"damage":69,"enemies":"3 Darklings","floor":35,"turns":7}],"seed_played":"-793982697678142996","potions_obtained":[{"floor":1.0,"key":"PowerPotion"},{"floor":4.0,"key":"SpeedPotion"},{"floor":5.0,"key":"Explosive Potion"},{"floor":13.0,"key":"FearPotion"},{"floor":16.0,"key":"BloodPotion"},{"floor":19.0,"key":"PowerPotion"},{"floor":28.0,"key":"Regen Potion"}],"is_trial":false,"path_per_floor":["M","?","?","M","M","R","E","$","T","E","M","R","M","E","R","B",null,"M","M","M","$","?","R","E","?","T","R","E","R","E","?","R","B",null,"M"],"character_chosen":"IRONCLAD","items_purchased":["Double Tap","Pummel","Evolve","Oddly Smooth Stone"],"campfire_rested":6,"item_purchase_floors":[8,8,21,21],"current_hp_per_floor":[80,64,64,63,69,69,43,43,43,24,26,50,48,48,72,37,69,53,53,33,33,33,57,44,44,44,68,35,59,16,16,40,26,67,0],"gold":280,"neow_bonus":"RANDOM_COMMON_RELIC","is_prod":false,"is_daily":false,"chose_seed":false,"campfire_upgraded":1,"win_rate":0,"timestamp":1566758091,"path_taken":["M","?","?","M","M","R","E","$","T","E","M","R","?","E","R","BOSS","M","M","M","$","?","R","E","?","T","R","E","R","E","?","R","BOSS","M"],"build_version":"2019-07-17","purchased_purges":0,"victory":false,"max_hp_per_floor":[80,80,80,80,80,80,80,80,80,80,80,80,80,80,80,80,80,80,80,80,80,80,80,80,80,80,80,80,80,80,80,80,80,80,80],"card_choices":[{"not_picked":["Iron Wave","Twin Strike"],"picked":"Cleave","floor":1.0},{"not_picked":["Clothesline","Entrench"],"picked":"Sword Boomerang","floor":4.0},{"not_picked":["Body Slam","Whirlwind"],"picked":"Uppercut","floor":5.0},{"not_picked":["Dropkick","Clash"],"picked":"Disarm","floor":7.0},{"not_picked":["Clash","Body Slam"],"picked":"Cleave","floor":10.0},{"not_picked":["Uppercut","Pommel Strike"],"picked":"Combust","floor":11.0},{"not_picked":["Whirlwind","Armaments"],"picked":"Battle Trance","floor":13.0},{"not_picked":["Anger","Entrench"],"picked":"Intimidate","floor":14.0},{"not_picked":["Juggernaut","Dark Embrace"],"picked":"Immolate","floor":16.0},{"not_picked":["Pommel Strike","Iron Wave","Sword Boomerang"],"picked":"SKIP","floor":18.0},{"not_picked":["Havoc","Battle Trance"],"picked":"True Grit","floor":19.0},{"not_picked":["True Grit","Thunderclap"],"picked":"Feel No Pain+1","floor":20.0},{"not_picked":["Seeing Red","Shrug It Off+1"],"picked":"Wild Strike+1","floor":24.0},{"not_picked":["Heavy Blade","Rampage"],"picked":"Headbutt","floor":28.0},{"not_picked":["Seeing Red","Warcry"],"picked":"Rage+1","floor":30.0},{"not_picked":["Barricade","Bludgeon"],"picked":"Limit Break","floor":33.0}],"player_experience":3036843,"relics_obtained":[{"floor":7.0,"key":"Dead Branch"},{"floor":9.0,"key":"WingedGreaves"},{"floor":10.0,"key":"Red Skull"},{"floor":14.0,"key":"Blood Vial"},{"floor":24.0,"key":"Girya"},{"floor":26.0,"key":"Ornamental Fan"},{"floor":28.0,"key":"Lantern"},{"floor":30.0,"key":"Singing Bowl"}],"event_choices":[{"damage_healed":0.0,"max_hp_gain":0.0,"max_hp_loss":0.0,"gold_gain":0.0,"event_name":"Shining Light","player_choice":"Entered Light","floor":2.0,"gold_loss":0.0,"damage_taken":16.0,"cards_upgraded":["Strike_R","Cleave"]},{"damage_healed":0.0,"max_hp_gain":0.0,"max_hp_loss":0.0,"gold_gain":0.0,"event_name":"Match and Keep!","player_choice":"1 cards matched","floor":3.0,"gold_loss":0.0,"damage_taken":0.0,"cards_obtained":["Metallicize"]},{"damage_healed":0.0,"max_hp_gain":0.0,"max_hp_loss":0.0,"gold_gain":0.0,"event_name":"Cursed Tome","player_choice":"Ignored","floor":22.0,"gold_loss":0.0,"damage_taken":0.0},{"damage_healed":0.0,"max_hp_gain":0.0,"max_hp_loss":0.0,"gold_gain":0.0,"event_name":"Ghosts","player_choice":"Ignored","floor":25.0,"gold_loss":0.0,"damage_taken":0.0},{"damage_healed":0.0,"max_hp_gain":0.0,"max_hp_loss":0.0,"gold_gain":0.0,"event_name":"Forgotten Altar","player_choice":"Smashed Altar","floor":31.0,"gold_loss":0.0,"damage_taken":0.0,"cards_obtained":["Decay"]}],"is_beta":false,"boss_relics":[{"not_picked":["White Beast Statue","Busted Crown"],"picked":"Lizard Tail"},{"not_picked":["Philosopher\u0027s Stone","Orrery"],"picked":"Black Blood"}],"items_purged_floors":[],"is_endless":false,"potions_floor_spawned":[1,4,5,13,16,18,19,28,30],"killed_by":"3 Darklings","ascension_level":5}