{"gold_per_floor":[110,33,33,33,52,83,103,103,103,103,139,220,263,187,187,306,306,322,69,69,89,109,109,109,38,64,85,85],"floor_reached":28,"playtime":2016,"items_purged":[],"score":285,"play_id":"9fa1175e-0ded-4b99-ae6c-5ab0839a76cb","local_time":"20190626094923","is_ascension_mode":true,"campfire_choices":[{"floor":15,"key":"REST"},{"floor":23,"key":"RECALL"}],"neow_cost":"NONE","seed_source_timestamp":1148616754488371,"circlet_count":0,"master_deck":["Strike_B","Strike_B","Strike_B","Strike_B","Defend_B","Defend_B","Defend_B","Defend_B","Zap","Dualcast","Loop","Loop","Chill","Reprogram","Injury","Redo","Go for the Eyes","Self Repair","Machine Learning","Beam Cell","Amplify","Flash of Steel","Stack","Skim","Capacitor","Streamline+1"],"relics":["Cracked Core","NeowsBlessing","Torii","Bag of Preparation","Golden Idol","PreservedInsect","Bronze Scales","Gremlin Horn","Velvet Choker","Cables","Oddly Smooth Stone"],"potions_floor_usage":[12,16,27,27],"damage_taken":[{"damage":0,"enemies":"Small Slimes","floor":1,"turns":1},{"damage":0,"enemies":"2 Louse","floor":5,"turns":1},{"damage":0,"enemies":"3 Sentries","floor":6,"turns":1},{"damage":12,"enemies":"Jaw Worm","floor":7,"turns":3},{"damage":31,"enemies":"Lagavulin","floor":11,"turns":7},{"damage":7,"enemies":"3 Sentries","floor":12,"turns":5},{"damage":2,"enemies":"3 Sentries","floor":13,"turns":7},{"damage":11,"enemies":"The Guardian","floor":16,"turns":11},{"damage":26,"enemies":"Shell Parasite","floor":18,"turns":7},{"damage":8,"enemies":"Chosen","floor":21,"turns":4},{"damage":18,"enemies":"Centurion and Healer","floor":22,"turns":9},{"damage":8,"enemies":"Chosen and Byrds","floor":27,"turns":4},{"damage":46,"enemies":"Book of Stabbing","floor":28,"turns":4}],"seed_played":"5461555294555408316","potions_obtained":[{"floor":5,"key":"Ancient Potion"},{"floor":11,"key":"Explosive Potion"},{"floor":13,"key":"Fire Potion"},{"floor":16,"key":"GamblersBrew"},{"floor":21,"key":"AttackPotion"},{"floor":22,"key":"AttackPotion"},{"floor":27,"key":"SkillPotion"}],"is_trial":false,"path_per_floor":["M","$","?","?","M","E","M","?","T","$","E","?","E","$","R","B",null,"M","$","?","M","M","R","?","$","T","M","E"],"character_chosen":"DEFECT","items_purchased":["Loop","Self Repair","Cables","Capacitor"],"campfire_rested":1,"item_purchase_floors":[2,14,19,25],"current_hp_per_floor":[75,75,72,72,72,72,60,60,60,60,29,22,20,20,42,38,75,56,56,56,55,44,44,44,44,44,43,0],"gold":85,"neow_bonus":"THREE_ENEMY_KILL","is_prod":false,"is_daily":false,"chose_seed":false,"campfire_upgraded":0,"win_rate":0,"timestamp":1561556963,"path_taken":["M","$","?","?","M","E","M","?","T","?","E","?","E","$","R","BOSS","M","$","?","?","M","R","?","$","T","M","E"],"build_version":"2019-01-23","purchased_purges":0,"victory":false,"max_hp_per_floor":[75,75,75,75,75,75,75,75,75,75,75,75,75,75,75,75,75,75,75,75,75,75,75,75,75,75,75,75],"card_choices":[{"not_picked":["Hologram","Sweeping Beam"],"picked":"Loop","floor":1},{"not_picked":["Compile Driver","Hologram"],"picked":"Chill","floor":5},{"not_picked":["Rebound","Leap"],"picked":"Reprogram","floor":6},{"not_picked":["Lockon","Rebound","Auto Shields"],"picked":"SKIP","floor":7},{"not_picked":["Turbo","Blizzard"],"picked":"Redo","floor":11},{"not_picked":["Hologram","Glacier"],"picked":"Go for the Eyes","floor":12},{"not_picked":["Rebound","Lockon","Hyperbeam"],"picked":"SKIP","floor":13},{"not_picked":["Meteor Strike","All For One"],"picked":"Machine Learning","floor":16},{"not_picked":["Self Repair+1","Leap","Redo"],"picked":"SKIP","floor":18},{"not_picked":["Undo","Coolheaded+1"],"picked":"Stack","floor":21},{"not_picked":["Beam Cell","Leap+1"],"picked":"Skim","floor":22},{"not_picked":["Coolheaded+1","Auto Shields+1"],"picked":"Streamline+1","floor":27}],"player_experience":224523,"relics_obtained":[{"floor":6,"key":"Bag of Preparation"},{"floor":11,"key":"PreservedInsect"},{"floor":13,"key":"Gremlin Horn"},{"floor":26,"key":"Oddly Smooth Stone"}],"event_choices":[{"damage_healed":0,"gold_gain":0,"player_choice":"Success","damage_taken":3,"relics_obtained":["Torii"],"max_hp_gain":0,"max_hp_loss":0,"event_name":"Scrap Ooze","floor":3,"gold_loss":0},{"damage_healed":0,"gold_gain":0,"player_choice":"Leave","damage_taken":0,"max_hp_gain":0,"max_hp_loss":0,"event_name":"The Cleric","floor":4,"gold_loss":0},{"damage_healed":0,"gold_gain":0,"player_choice":"Take Wound","damage_taken":0,"relics_obtained":["Golden Idol"],"max_hp_gain":0,"max_hp_loss":0,"event_name":"Golden Idol","floor":8,"gold_loss":0,"cards_obtained":["Injury"]},{"damage_healed":0,"gold_gain":0,"player_choice":"Searched \u00272\u0027 times","damage_taken":0,"relics_obtained":["Bronze Scales"],"max_hp_gain":0,"max_hp_loss":0,"event_name":"Dead Adventurer","floor":12,"gold_loss":0},{"damage_healed":0,"gold_gain":0,"player_choice":"3 cards matched","damage_taken":0,"max_hp_gain":0,"max_hp_loss":0,"event_name":"Match and Keep!","floor":20,"gold_loss":0,"cards_obtained":["Beam Cell","Amplify","Flash of Steel"]},{"damage_healed":0,"gold_gain":0,"player_choice":"Ignored","damage_taken":0,"max_hp_gain":0,"max_hp_loss":0,"event_name":"Beggar","floor":24,"gold_loss":0}],"is_beta":false,"boss_relics":[{"not_picked":["Ectoplasm","Fusion Hammer"],"picked":"Velvet Choker"}],"items_purged_floors":[],"is_endless":false,"potions_floor_spawned":[5,11,13,16,21,22,27],"killed_by":"Book of Stabbing","ascension_level":2}