{"gold_per_floor":[165,175,194,207,207,243,193,224,224,224,245,265,265],"floor_reached":13,"playtime":673,"items_purged":[],"score":116,"play_id":"a1daf506-0c35-42e0-a68a-ca42a9b65ecf","local_time":"20190703225838","is_ascension_mode":true,"campfire_choices":[],"neow_cost":"NONE","seed_source_timestamp":1802113669460030,"circlet_count":0,"master_deck":["Strike_G","Strike_G","Strike_G","Strike_G","Defend_G","Defend_G+1","Defend_G","Defend_G","Defend_G","Survivor","Neutralize","Poisoned Stab","Sucker Punch","Dagger Spray","Skewer","Corpse Explosion","Crippling Poison","Pain","Blur"],"relics":["Tiny House","Golden Idol","StoneCalendar","Dead Branch","WarpedTongs","Molten Egg 2"],"potions_floor_usage":[4,6,6,8,8,11,12],"damage_taken":[{"damage":4,"enemies":"Jaw Worm","floor":1,"turns":3},{"damage":0,"enemies":"2 Louse","floor":2,"turns":4},{"damage":1,"enemies":"Small Slimes","floor":3,"turns":4},{"damage":18,"enemies":"Gremlin Gang","floor":4,"turns":5},{"damage":27,"enemies":"3 Sentries","floor":6,"turns":9},{"damage":12,"enemies":"Gremlin Nob","floor":8,"turns":4},{"damage":4,"enemies":"Large Slime","floor":11,"turns":5},{"damage":1,"enemies":"Looter","floor":12,"turns":3}],"seed_played":"6905891671076795613","potions_obtained":[{"floor":0,"key":"EntropicBrew"},{"floor":2,"key":"SpeedPotion"},{"floor":6,"key":"Energy Potion"},{"floor":8,"key":"AttackPotion"}],"is_trial":false,"path_per_floor":["M","M","M","M","?","E","?","E","T","?","M","M","?"],"character_chosen":"THE_SILENT","items_purchased":[],"campfire_rested":0,"item_purchase_floors":[],"current_hp_per_floor":[71,71,70,52,52,25,25,13,13,13,9,8,1],"gold":265,"neow_bonus":"BOSS_RELIC","is_prod":false,"is_daily":false,"chose_seed":false,"campfire_upgraded":0,"win_rate":0,"timestamp":1562209118,"path_taken":["M","M","M","M","?","E","?","E","T","?","?","?","?"],"build_version":"2019-07-01","purchased_purges":0,"victory":false,"max_hp_per_floor":[75,75,75,75,69,69,69,69,69,69,69,69,69],"card_choices":[{"not_picked":["Finisher","Outmaneuver"],"picked":"Poisoned Stab","floor":0},{"not_picked":["Underhanded Strike","Poisoned Stab","Catalyst"],"picked":"SKIP","floor":1},{"not_picked":["Crippling Poison","Backflip"],"picked":"Sucker Punch","floor":2},{"not_picked":["Accuracy","Dagger Throw"],"picked":"Dagger Spray","floor":3},{"not_picked":["Adrenaline","Blade Dance"],"picked":"Skewer","floor":4},{"not_picked":["Skewer","Deflect"],"picked":"Corpse Explosion","floor":6},{"not_picked":["Setup","Poisoned Stab"],"picked":"Crippling Poison","floor":8},{"not_picked":["Blade Dance","Dagger Spray"],"picked":"Blur","floor":11},{"not_picked":["Bane","Quick Slash","Distraction"],"picked":"SKIP","floor":12}],"player_experience":353710,"relics_obtained":[{"floor":6,"key":"StoneCalendar"},{"floor":8,"key":"Dead Branch"}],"event_choices":[{"damage_healed":0,"gold_gain":0,"player_choice":"Lose Max HP","damage_taken":0,"relics_obtained":["Golden Idol"],"max_hp_gain":0,"max_hp_loss":6,"event_name":"Golden Idol","floor":5,"gold_loss":0},{"cards_removed":["Strike_G"],"damage_healed":0,"gold_gain":0,"player_choice":"Card Removal","damage_taken":0,"max_hp_gain":0,"max_hp_loss":0,"event_name":"The Cleric","floor":7,"gold_loss":50},{"damage_healed":0,"gold_gain":0,"player_choice":"Rummage","damage_taken":0,"relics_obtained":["WarpedTongs"],"max_hp_gain":0,"max_hp_loss":0,"event_name":"Accursed Blacksmith","floor":10,"gold_loss":0,"cards_obtained":["Pain"]},{"damage_healed":0,"gold_gain":0,"player_choice":"Success","damage_taken":7,"relics_obtained":["Molten Egg 2"],"max_hp_gain":0,"max_hp_loss":0,"event_name":"Scrap Ooze","floor":13,"gold_loss":0}],"is_beta":false,"boss_relics":[],"items_purged_floors":[],"is_endless":false,"potions_floor_spawned":[2,6,8],"ascension_level":4}