{"gold_per_floor":[116,132,144,158,36,64,34,63,63,83,118,137,137,37,37,136,136,156,167,82,92,92,92],"floor_reached":23,"playtime":2384,"items_purged":["Strike_P","Strike_P"],"score":213,"play_id":"232b964f-0ee1-4857-a529-6971524a1896","local_time":"20190909155234","is_ascension_mode":false,"campfire_choices":[{"floor":13,"key":"REST"},{"floor":15,"key":"REST"}],"neow_cost":"NONE","seed_source_timestamp":506982967356000,"circlet_count":0,"master_deck":["Strike_P+1","Strike_P","Defend_P","Defend_P","Defend_P","Defend_P","Eruption+1","Vigilance","EmptyBody","Halt","DeceiveReality","EmptyMind","Evaluate","Sanctity+1","FlyingSleeves","ClearTheMind+1","DeusExMachina+1","Crescendo+1","Nirvana"],"relics":["PureWater","Whetstone","Bag of Marbles","Toxic Egg 2","Peace Pipe","Black Star","Pen Nib"],"potions_floor_usage":[4,6,6,8,8,11,16,18],"damage_taken":[{"damage":2,"enemies":"Cultist","floor":1,"turns":3},{"damage":15,"enemies":"Jaw Worm","floor":2,"turns":5},{"damage":0,"enemies":"2 Louse","floor":3,"turns":2},{"damage":0,"enemies":"Blue Slaver","floor":4,"turns":2},{"damage":14,"enemies":"Gremlin Nob","floor":6,"turns":4},{"damage":19,"enemies":"3 Sentries","floor":8,"turns":6},{"damage":0,"enemies":"Looter","floor":10,"turns":2},{"damage":7,"enemies":"Gremlin Nob","floor":11,"turns":3},{"damage":6,"enemies":"2 Fungi Beasts","floor":12,"turns":3},{"damage":17,"enemies":"Slime Boss","floor":16,"turns":6},{"damage":28,"enemies":"Chosen","floor":18,"turns":7},{"damage":13,"enemies":"Spheric Guardian","floor":19,"turns":6},{"damage":27,"enemies":"Snake Plant","floor":21,"turns":4},{"damage":10,"enemies":"Gremlin Leader","floor":23,"turns":3}],"seed_played":"-5616827261796612135","potions_obtained":[{"floor":1,"key":"Weak Potion"},{"floor":2,"key":"PowerPotion"},{"floor":3,"key":"DuplicationPotion"},{"floor":6,"key":"AttackPotion"},{"floor":7,"key":"FearPotion"},{"floor":7,"key":"LiquidBronze"},{"floor":12,"key":"AttackPotion"},{"floor":16,"key":"GamblersBrew"}],"is_trial":false,"path_per_floor":["M","M","M","M","$","E","?","E","T","M","E","M","R","$","R","B",null,"M","M","?","M","?","E"],"character_chosen":"WATCHER","items_purchased":["EmptyMind"],"campfire_rested":2,"item_purchase_floors":[5],"current_hp_per_floor":[69,54,54,54,54,40,40,21,21,21,14,8,29,29,50,33,71,43,30,30,3,8,0],"gold":92,"neow_bonus":"TEN_PERCENT_HP_BONUS","is_prod":false,"is_daily":false,"chose_seed":false,"campfire_upgraded":0,"win_rate":0.0,"timestamp":1568062354,"path_taken":["M","M","M","M","$","E","?","E","T","M","E","M","R","?","R","BOSS","M","M","?","M","?","E"],"build_version":"2019-09-09","purchased_purges":2,"victory":false,"max_hp_per_floor":[71,71,71,71,71,71,71,71,71,71,71,71,71,71,71,71,71,71,71,71,71,71,71],"card_choices":[{"not_picked":["FlurryOfBlows","CleanseEvil","WreathOfFlame"],"picked":"SKIP","floor":1},{"not_picked":["Consecrate","InnerPeace"],"picked":"EmptyBody","floor":2},{"not_picked":["JustLucky","EmptyBody"],"picked":"Halt","floor":3},{"not_picked":["Halt","Worship"],"picked":"DeceiveReality","floor":4},{"not_picked":["WreathOfFlame","FollowUp"],"picked":"Crescendo","floor":6},{"not_picked":["FlurryOfBlows","Sanctity"],"picked":"Evaluate","floor":8},{"not_picked":["Weave","WaveOfTheHand+1"],"picked":"Sanctity+1","floor":10},{"not_picked":["CutThroughFate","Unraveling+1"],"picked":"FlyingSleeves","floor":11},{"not_picked":["Scrawl+1","Collect+1"],"picked":"ClearTheMind+1","floor":12},{"not_picked":["Blasphemy+1","Omniscience+1"],"picked":"DeusExMachina+1","floor":16},{"not_picked":["EmptyMind+1","ClearTheMind+1","Evaluate+1"],"picked":"SKIP","floor":18},{"not_picked":["Devotion","Perseverance+1"],"picked":"Crescendo+1","floor":19},{"not_picked":["Fasting","WaveOfTheHand+1"],"picked":"Nirvana","floor":21}],"player_experience":233352,"relics_obtained":[{"floor":6,"key":"Whetstone"},{"floor":8,"key":"Bag of Marbles"},{"floor":9,"key":"Toxic Egg 2"},{"floor":11,"key":"Peace Pipe"}],"event_choices":[{"damage_healed":0,"gold_gain":0,"player_choice":"Bought 2 Potions","damage_taken":0,"max_hp_gain":0,"max_hp_loss":0,"event_name":"The Woman in Blue","floor":7,"gold_loss":0},{"damage_healed":0,"gold_gain":0,"player_choice":"Obtained Relic","damage_taken":0,"relics_obtained":["Pen Nib"],"max_hp_gain":0,"max_hp_loss":0,"event_name":"Addict","floor":20,"gold_loss":85},{"cards_removed":["Crescendo"],"damage_healed":5,"gold_gain":0,"player_choice":"Offered Common","damage_taken":0,"max_hp_gain":0,"max_hp_loss":0,"event_name":"Bonfire Elementals","floor":22,"gold_loss":0},{"cards_removed":["Crescendo"],"damage_healed":5,"gold_gain":0,"player_choice":"Offered Special","damage_taken":0,"max_hp_gain":0,"max_hp_loss":0,"event_name":"Bonfire Elementals","floor":22,"gold_loss":0}],"is_beta":true,"boss_relics":[{"not_picked":["Philosopher\u0027s Stone","Coffee Dripper"],"picked":"Black Star"}],"items_purged_floors":[5,14],"is_endless":false,"potions_floor_spawned":[1,2,3,6,12,16],"killed_by":"Gremlin Leader","ascension_level":0}