{"gold_per_floor":[109,124,87,98,116,116,145,110,110,110,110],"floor_reached":11,"playtime":562,"items_purged":[],"score":84,"play_id":"106eb8dd-ce26-4ff8-8a7c-e1b6cea49722","local_time":"20190702001752","is_ascension_mode":true,"campfire_choices":[{"data":"Infinite Blades","floor":6,"key":"SMITH"}],"neow_cost":"NONE","seed_source_timestamp":1634173504270429,"circlet_count":0,"master_deck":["Strike_G","Strike_G","Strike_G","Strike_G","Defend_G","Defend_G","Defend_G","Defend_G","Defend_G","Survivor","Neutralize","Infinite Blades+1","Dodge and Roll","Dash","Acrobatics","Dagger Spray","Skewer"],"relics":["Ring of the Snake","Shovel"],"potions_floor_usage":[],"damage_taken":[{"damage":1,"enemies":"2 Louse","floor":1,"turns":3},{"damage":0,"enemies":"Cultist","floor":2,"turns":4},{"damage":4,"enemies":"Small Slimes","floor":4,"turns":4},{"damage":0,"enemies":"Exordium Thugs","floor":5,"turns":5},{"damage":48,"enemies":"Gremlin Nob","floor":7,"turns":6},{"damage":44,"enemies":"Lagavulin","floor":11,"turns":9}],"seed_played":"-4297315332127104053","potions_obtained":[{"floor":2,"key":"SpeedPotion"}],"is_trial":false,"path_per_floor":["M","M","$","M","M","R","E","?","T","?","E"],"character_chosen":"THE_SILENT","items_purchased":["Dash"],"campfire_rested":0,"item_purchase_floors":[3],"current_hp_per_floor":[76,76,76,72,72,72,24,43,43,43,0],"gold":110,"neow_bonus":"TEN_PERCENT_HP_BONUS","is_prod":false,"is_daily":false,"chose_seed":false,"campfire_upgraded":1,"win_rate":0,"timestamp":1562041072,"path_taken":["M","M","$","M","M","R","E","?","T","?","E"],"build_version":"2019-07-01","purchased_purges":0,"victory":false,"max_hp_per_floor":[77,77,77,77,77,77,77,77,77,77,77],"card_choices":[{"not_picked":["Blade Dance","Tactician"],"picked":"Infinite Blades","floor":1},{"not_picked":["Deflect","Tactician"],"picked":"Dodge and Roll","floor":2},{"not_picked":["Predator","Accuracy"],"picked":"Acrobatics","floor":4},{"not_picked":["PiercingWail","Flying Knee"],"picked":"Dagger Spray","floor":5},{"not_picked":["Concentrate","Flechettes"],"picked":"Skewer","floor":7}],"player_experience":322345,"relics_obtained":[{"floor":7,"key":"Shovel"}],"event_choices":[{"damage_healed":19,"gold_gain":0,"player_choice":"Healed","damage_taken":0,"max_hp_gain":0,"max_hp_loss":0,"event_name":"The Cleric","floor":8,"gold_loss":35},{"cards_removed":["Strike_G"],"damage_healed":0,"gold_gain":0,"player_choice":"Offered Basic","damage_taken":0,"max_hp_gain":0,"max_hp_loss":0,"event_name":"Bonfire Elementals","floor":10,"gold_loss":0}],"is_beta":false,"boss_relics":[],"items_purged_floors":[],"is_endless":false,"potions_floor_spawned":[2],"killed_by":"Lagavulin","ascension_level":3}