{"gold_per_floor":[115,133,58,58,68,98,113,130,130,130,164,181,81,156,156,156],"floor_reached":16,"playtime":1322,"items_purged":["Strike_B","Defend_B"],"score":112,"play_id":"64b6f70e-fadb-4f4b-b9ac-a44e5caa5e40","local_time":"20190113083433","is_ascension_mode":false,"campfire_choices":[{"data":"Dualcast","floor":10,"key":"SMITH"},{"floor":15,"key":"REST"}],"neow_cost":"NONE","seed_source_timestamp":344037192270762,"circlet_count":0,"master_deck":["Strike_B","Strike_B","Defend_B","Defend_B","Defend_B","Zap","Dualcast+1","Gash","Chill","Go for the Eyes","Streamline"],"relics":["Cracked Core","Vajra","Sundial","Molten Egg 2"],"potions_floor_usage":[6,6,16],"damage_taken":[{"damage":7,"enemies":"2 Louse","floor":1,"turns":2},{"damage":1,"enemies":"Cultist","floor":2,"turns":4},{"damage":0,"enemies":"Small Slimes","floor":5,"turns":5},{"damage":21,"enemies":"Gremlin Nob","floor":6,"turns":5},{"damage":0,"enemies":"3 Louse","floor":7,"turns":3},{"damage":2,"enemies":"Blue Slaver","floor":8,"turns":4},{"damage":16,"enemies":"Lagavulin","floor":11,"turns":6},{"damage":1,"enemies":"2 Fungi Beasts","floor":12,"turns":3},{"damage":40,"enemies":"Slime Boss","floor":16,"turns":10}],"seed_played":"6770288723628129065","potions_obtained":[{"floor":1,"key":"SkillPotion"},{"floor":2,"key":"FearPotion"},{"floor":8,"key":"LiquidBronze"},{"floor":11,"key":"EssenceOfSteel"}],"is_trial":false,"path_per_floor":["M","M","$","?","M","E","M","M","T","R","E","M","$","?","R","B"],"character_chosen":"DEFECT","items_purchased":[],"campfire_rested":1,"item_purchase_floors":[],"current_hp_per_floor":[68,67,67,67,67,46,46,44,44,44,28,27,27,16,38,0],"gold":156,"neow_bonus":"THREE_CARDS","is_prod":false,"is_daily":false,"chose_seed":false,"campfire_upgraded":1,"win_rate":0,"timestamp":1547386473,"path_taken":["M","M","$","?","M","E","M","M","T","R","E","M","?","?","R","BOSS"],"build_version":"2019-01-10","purchased_purges":2,"victory":false,"max_hp_per_floor":[75,75,75,75,75,75,75,75,75,75,75,75,75,75,75,75],"card_choices":[{"not_picked":["Go for the Eyes","Aggregate"],"picked":"Gash","floor":0},{"not_picked":["Chaos","Doom and Gloom","Sweeping Beam"],"picked":"SKIP","floor":1},{"not_picked":["Aggregate","Go for the Eyes"],"picked":"Chill","floor":2},{"not_picked":["Ball Lightning","Leap","Hello World"],"picked":"SKIP","floor":5},{"not_picked":["BootSequence","Steam"],"picked":"Go for the Eyes","floor":6},{"not_picked":["Compile Driver","Stack"],"picked":"Streamline","floor":7},{"not_picked":["Go for the Eyes","Ball Lightning","Turbo"],"picked":"SKIP","floor":8},{"not_picked":["Hyperbeam","Conserve Battery","Echo Form"],"picked":"SKIP","floor":11},{"not_picked":["Doom and Gloom+1","Static Discharge","Defragment"],"picked":"SKIP","floor":12}],"player_experience":162718,"relics_obtained":[{"floor":6,"key":"Vajra"},{"floor":9,"key":"Sundial"},{"floor":11,"key":"Molten Egg 2"}],"event_choices":[{"cards_removed":["Strike_B"],"damage_healed":0,"gold_gain":0,"player_choice":"Card Removal","damage_taken":0,"max_hp_gain":0,"max_hp_loss":0,"event_name":"Wheel of Change","floor":4,"gold_loss":0},{"damage_healed":0,"gold_gain":75,"player_choice":"Gather Gold","damage_taken":11,"max_hp_gain":0,"max_hp_loss":0,"event_name":"World of Goop","floor":14,"gold_loss":0}],"is_beta":false,"boss_relics":[],"items_purged_floors":[3,13],"is_endless":false,"potions_floor_spawned":[1,2,8,11],"killed_by":"Slime Boss","ascension_level":0}