{"gold_per_floor":[109,109,119,133,133,133,168,168,222,222,261,16,16,30,30,158,158,178,228,251,266,266,266,306,330,354,354,354,21,34,73,73,199,199,224,224,243,53,111,155,155,196,196,196,220,239,239,264,264,264],"floor_reached":51,"playtime":3616,"items_purged":["Strike_P+1"],"score":1101,"play_id":"3d9d548a-6c8d-4526-a8ed-3ed07dcba52d","local_time":"20191010132439","is_ascension_mode":true,"campfire_choices":[{"data":"Eruption","floor":6,"key":"SMITH"},{"data":"EmptyMind","floor":8,"key":"SMITH"},{"data":"Wallop","floor":10,"key":"SMITH"},{"data":"ForeignInfluence","floor":15,"key":"SMITH"},{"data":"Devotion","floor":23,"key":"SMITH"},{"floor":28,"key":"REST"},{"data":"DevaForm","floor":32,"key":"SMITH"},{"floor":41,"key":"REST"},{"data":"Fasting2","floor":47,"key":"SMITH"},{"data":"Prostrate","floor":49,"key":"SMITH"}],"neow_cost":"NONE","seed_source_timestamp":48341352270800,"circlet_count":0,"master_deck":["AscendersBane","Strike_P+1","Defend_P+1","Defend_P+1","Defend_P+1","Eruption+1","Vigilance+1","FlurryOfBlows+1","Wallop+1","SashWhip","EmptyMind+1","FlyingSleeves","ForeignInfluence+1","Devotion+1","CutThroughFate","ClearTheMind+1","Consecrate","DevaForm+1","Crescendo","RitualDagger","WheelKick","EmptyFist","Protect","Vault","Dramatic Entrance","Worship","Fasting2+1","Protect","Sanctity","Halt+1","Omniscience+1","Prostrate+1","EmptyBody+1"],"relics":["Philosopher\u0027s Stone","Golden Idol","Boot","Strawberry","Oddly Smooth Stone","HornCleat","Runic Pyramid","War Paint","Bag of Marbles","Pantograph","Empty Cage","Bird Faced Urn","InkBottle","Ancient Tea Set","Kunai"],"potions_floor_usage":[7,7,24,33,40,50,50],"damage_taken":[{"damage":8,"enemies":"Jaw Worm","floor":1,"turns":4},{"damage":10,"enemies":"Small Slimes","floor":3,"turns":2},{"damage":0,"enemies":"Cultist","floor":4,"turns":2},{"damage":10,"enemies":"3 Sentries","floor":7,"turns":4},{"damage":5,"enemies":"Lagavulin","floor":11,"turns":4},{"damage":0,"enemies":"Lots of Slimes","floor":14,"turns":3},{"damage":15,"enemies":"Hexaghost","floor":16,"turns":7},{"damage":4,"enemies":"Chosen","floor":18,"turns":3},{"damage":3,"enemies":"3 Byrds","floor":20,"turns":2},{"damage":9,"enemies":"Centurion and Healer","floor":21,"turns":4},{"damage":11,"enemies":"Gremlin Leader","floor":24,"turns":5},{"damage":12,"enemies":"Snake Plant","floor":25,"turns":4},{"damage":0,"enemies":"Snecko","floor":30,"turns":4},{"damage":0,"enemies":"3 Cultists","floor":31,"turns":4},{"damage":19,"enemies":"Champ","floor":33,"turns":8},{"damage":0,"enemies":"3 Darklings","floor":35,"turns":3},{"damage":10,"enemies":"3 Shapes","floor":37,"turns":3},{"damage":13,"enemies":"2 Orb Walkers","floor":39,"turns":3},{"damage":3,"enemies":"Reptomancer","floor":40,"turns":7},{"damage":14,"enemies":"Nemesis","floor":42,"turns":6},{"damage":0,"enemies":"Spire Growth","floor":45,"turns":5},{"damage":2,"enemies":"Writhing Mass","floor":46,"turns":4},{"damage":0,"enemies":"3 Darklings","floor":48,"turns":4},{"damage":3,"enemies":"Time Eater","floor":50,"turns":7}],"seed_played":"-8306791226553968783","potions_obtained":[{"floor":1,"key":"Fire Potion"},{"floor":3,"key":"Regen Potion"},{"floor":18,"key":"DuplicationPotion"},{"floor":24,"key":"PowerPotion"},{"floor":30,"key":"LiquidBronze"},{"floor":37,"key":"SpeedPotion"},{"floor":46,"key":"PowerPotion"},{"floor":48,"key":"Strength Potion"}],"is_trial":false,"path_per_floor":["M","?","M","M","?","R","E","R","T","R","E","$","?","M","R","B",null,"M","?","M","M","?","R","E","M","T","?","R","$","M","M","R","B",null,"M","?","M","$","?","E","R","E","T","?","M","M","R","M","R","B",null],"character_chosen":"WATCHER","items_purchased":["HornCleat","Pantograph","WheelKick","EmptyFist","Fasting2","Protect"],"campfire_rested":2,"item_purchase_floors":[12,29,29,29,38,38],"current_hp_per_floor":[57,50,40,40,40,40,42,42,49,49,44,44,44,44,44,29,63,59,59,56,47,47,47,36,24,24,18,40,40,40,40,40,46,67,67,67,57,57,44,47,69,59,59,59,63,67,67,71,71,74],"gold":264,"neow_bonus":"BOSS_RELIC","is_prod":false,"is_daily":false,"chose_seed":false,"campfire_upgraded":8,"win_rate":0,"timestamp":1570731879,"path_taken":["M","?","M","M","?","R","E","R","T","R","E","$","?","M","R","BOSS","M","?","M","?","?","R","E","M","T","?","R","$","M","M","R","BOSS","M","?","M","$","?","E","R","E","T","?","?","M","R","M","R","BOSS"],"build_version":"2019-10-09","purchased_purges":1,"victory":true,"max_hp_per_floor":[72,72,72,72,67,67,67,67,74,74,74,74,74,74,74,74,74,74,74,74,74,74,74,74,74,74,74,74,74,74,74,74,74,74,74,74,74,74,74,74,74,74,74,74,74,74,74,74,74,74],"card_choices":[{"not_picked":["Tantrum","EmptyBody"],"picked":"FlurryOfBlows","floor":1},{"not_picked":["Tantrum","ForeignInfluence"],"picked":"Wallop","floor":3},{"not_picked":["CrushJoints","JustLucky"],"picked":"SashWhip","floor":4},{"not_picked":["Alpha","CrushJoints"],"picked":"EmptyMind","floor":7},{"not_picked":["Indignation","Scrawl"],"picked":"FlyingSleeves","floor":11},{"not_picked":["CrushJoints","CarveReality"],"picked":"ForeignInfluence","floor":14},{"not_picked":["Establishment","Blasphemy"],"picked":"Devotion","floor":16},{"not_picked":["CrushJoints+1","FollowUp"],"picked":"CutThroughFate","floor":18},{"not_picked":["DeceiveReality+1","Adaptation"],"picked":"ClearTheMind","floor":20},{"not_picked":["EmptyMind","Adaptation"],"picked":"Consecrate","floor":21},{"not_picked":["ClearTheMind","Flick"],"picked":"DevaForm","floor":24},{"not_picked":["Swivel","Wallop"],"picked":"Crescendo","floor":25},{"not_picked":["Collect","FlurryOfBlows"],"picked":"Protect","floor":30},{"not_picked":["Protect+1","Flick+1","CrushJoints"],"picked":"SKIP","floor":31},{"not_picked":["Brilliance","Blasphemy"],"picked":"Vault","floor":33},{"not_picked":["Flick","Conclude+1","EmptyFist"],"picked":"SKIP","floor":35},{"not_picked":["Blind","PanicButton"],"picked":"Dramatic Entrance","floor":36},{"not_picked":["SignatureMove+1","BowlingBash"],"picked":"Worship","floor":37},{"not_picked":["SashWhip+1","Crescendo+1"],"picked":"Sanctity","floor":39},{"not_picked":["FlyingSleeves+1","JustLucky"],"picked":"Halt+1","floor":40},{"not_picked":["LessonLearned","SpiritShield+1"],"picked":"Omniscience","floor":42},{"not_picked":["ForeignInfluence","Meditate+1","FlyingSleeves"],"picked":"SKIP","floor":45},{"not_picked":["FollowUp+1","InnerPeace+1"],"picked":"Prostrate","floor":46},{"not_picked":["FlurryOfBlows+1","CutThroughFate"],"picked":"EmptyBody+1","floor":48}],"player_experience":446172,"relics_obtained":[{"floor":7,"key":"Boot"},{"floor":9,"key":"Strawberry"},{"floor":11,"key":"Oddly Smooth Stone"},{"floor":24,"key":"War Paint"},{"floor":26,"key":"Bag of Marbles"},{"floor":39,"key":"Bird Faced Urn"},{"floor":40,"key":"InkBottle"},{"floor":42,"key":"Ancient Tea Set"},{"floor":43,"key":"Kunai"}],"event_choices":[{"cards_removed":["Defend_P"],"damage_healed":0,"gold_gain":0,"player_choice":"Card Removal","damage_taken":7,"max_hp_gain":0,"max_hp_loss":0,"event_name":"Golden Wing","floor":2,"gold_loss":0},{"damage_healed":0,"gold_gain":0,"player_choice":"Lose Max HP","damage_taken":0,"relics_obtained":["Golden Idol"],"max_hp_gain":0,"max_hp_loss":5,"event_name":"Golden Idol","floor":5,"gold_loss":0},{"damage_healed":0,"gold_gain":0,"player_choice":"Upgraded","damage_taken":0,"max_hp_gain":0,"max_hp_loss":0,"event_name":"Upgrade Shrine","floor":13,"gold_loss":0,"cards_upgraded":["FlurryOfBlows"]},{"damage_healed":0,"gold_gain":100,"player_choice":"Bet on Murderer","damage_taken":0,"max_hp_gain":0,"max_hp_loss":0,"event_name":"The Joust","floor":19,"gold_loss":50},{"damage_healed":0,"gold_gain":0,"player_choice":"Simplicity","damage_taken":0,"max_hp_gain":0,"max_hp_loss":0,"event_name":"Back to Basics","floor":22,"gold_loss":0,"cards_upgraded":["Strike_P","Strike_P","Strike_P","Strike_P","Defend_P","Defend_P","Defend_P"]},{"damage_healed":0,"gold_gain":0,"player_choice":"Joined the Cult","damage_taken":6,"max_hp_gain":0,"max_hp_loss":0,"event_name":"Nest","floor":27,"gold_loss":0,"cards_obtained":["RitualDagger"]},{"damage_healed":0,"gold_gain":0,"player_choice":"Memory 1","damage_taken":0,"max_hp_gain":0,"max_hp_loss":0,"event_name":"SensoryStone","floor":36,"gold_loss":0},{"damage_healed":0,"gold_gain":0,"player_choice":"Fight","damage_taken":0,"max_hp_gain":0,"max_hp_loss":0,"event_name":"Mysterious Sphere","floor":39,"gold_loss":0},{"damage_healed":0,"gold_gain":0,"player_choice":"Upgraded","damage_taken":0,"max_hp_gain":0,"max_hp_loss":0,"event_name":"Upgrade Shrine","floor":44,"gold_loss":0,"cards_upgraded":["Omniscience"]}],"is_beta":true,"boss_relics":[{"not_picked":["Astrolabe","Tiny House"],"picked":"Runic Pyramid"},{"not_picked":["Sozu","Pandora\u0027s Box"],"picked":"Empty Cage"}],"items_purged_floors":[38],"is_endless":false,"potions_floor_spawned":[1,3,18,24,30,37,46,48],"ascension_level":11}