{"gold_per_floor":[117,127,127,77,97,97,123,123,123,149,324,324,359,369,369,369],"floor_reached":16,"playtime":687,"items_purged":[],"score":130,"play_id":"0f31b837-99bf-45ea-b106-534613c056eb","local_time":"20190629153151","is_ascension_mode":true,"campfire_choices":[{"data":"Unload","floor":6,"key":"SMITH"},{"floor":8,"key":"REST"},{"floor":12,"key":"REST"},{"data":"Dodge and Roll","floor":15,"key":"SMITH"}],"neow_cost":"NONE","seed_source_timestamp":1429691252594650,"circlet_count":0,"master_deck":["Defend_G","Defend_G","Defend_G","Defend_G","Defend_G","Strike_G","Strike_G","Strike_G","Strike_G","Survivor","Neutralize","Poisoned Stab+1","Unload+1","Dodge and Roll+1","Doubt","Blur","Backstab"],"relics":["Eternal Feather","StoneCalendar","Incense Burner","PreservedInsect","Smiling Mask"],"potions_floor_usage":[7],"damage_taken":[{"damage":0,"enemies":"Cultist","floor":1,"turns":4},{"damage":11,"enemies":"Jaw Worm","floor":2,"turns":4},{"damage":0,"enemies":"Small Slimes","floor":5,"turns":4},{"damage":32,"enemies":"Lagavulin","floor":7,"turns":7},{"damage":28,"enemies":"Gremlin Nob","floor":10,"turns":4},{"damage":9,"enemies":"3 Sentries","floor":13,"turns":7},{"damage":27,"enemies":"Exordium Thugs","floor":14,"turns":5},{"damage":0,"enemies":"Slime Boss","floor":16,"turns":3}],"seed_played":"-2791841372331116241","potions_obtained":[{"floor":2,"key":"Dexterity Potion"},{"floor":5,"key":"Fire Potion"},{"floor":14,"key":"Energy Potion"}],"is_trial":false,"path_per_floor":["M","M","?","?","M","R","E","R","T","E","?","R","E","M","R","B"],"character_chosen":"THE_SILENT","items_purchased":[],"campfire_rested":2,"item_purchase_floors":[],"current_hp_per_floor":[70,59,59,59,59,65,33,60,60,32,32,62,53,26,35,35],"gold":369,"neow_bonus":"BOSS_RELIC","is_prod":false,"is_daily":false,"chose_seed":false,"campfire_upgraded":2,"win_rate":0,"timestamp":1561836711,"path_taken":["M","M","?","?","M","R","E","R","T","E","?","R","E","M","R","BOSS"],"build_version":"2019-01-23","purchased_purges":0,"victory":false,"max_hp_per_floor":[70,70,70,70,70,70,70,70,70,70,70,70,70,70,70,70],"card_choices":[{"not_picked":["Backstab","Bane"],"picked":"Poisoned Stab","floor":1},{"not_picked":["Flying Knee","Reflex","Underhanded Strike"],"picked":"SKIP","floor":2},{"not_picked":["Poisoned Stab","Backflip"],"picked":"Unload","floor":5},{"not_picked":["Cloak And Dagger","Blur"],"picked":"Dodge and Roll","floor":7},{"not_picked":["Accuracy","Dagger Throw","Poisoned Stab"],"picked":"SKIP","floor":10},{"not_picked":["Sucker Punch","Prepared"],"picked":"Blur","floor":13},{"not_picked":["Outmaneuver","Underhanded Strike"],"picked":"Backstab","floor":14}],"player_experience":270905,"relics_obtained":[{"floor":7,"key":"StoneCalendar"},{"floor":9,"key":"Incense Burner"},{"floor":10,"key":"PreservedInsect"},{"floor":13,"key":"Smiling Mask"}],"event_choices":[{"damage_healed":0,"gold_gain":0,"player_choice":"Grow","damage_taken":0,"max_hp_gain":0,"max_hp_loss":0,"event_name":"Living Wall","floor":3,"gold_loss":0,"cards_upgraded":["Poisoned Stab"]},{"cards_removed":["Strike_G"],"damage_healed":0,"gold_gain":0,"player_choice":"Card Removal","damage_taken":0,"max_hp_gain":0,"max_hp_loss":0,"event_name":"The Cleric","floor":4,"gold_loss":50},{"damage_healed":0,"gold_gain":175,"player_choice":"AGREE","damage_taken":0,"max_hp_gain":0,"max_hp_loss":0,"event_name":"Liars Game","floor":11,"gold_loss":0,"cards_obtained":["Doubt"]}],"is_beta":false,"boss_relics":[],"items_purged_floors":[],"is_endless":false,"potions_floor_spawned":[2,5,14],"killed_by":"Slime Boss","ascension_level":2}