{"gold_per_floor":[110,130,130,205,9,9,38,53,53,53,79,79,109,124,124,222,222,208,208,208,208,208,208,243,271,298,298,329,329,347,367,367,467,467,482,482,11,11,29,39,39,71,71,4,4,4,20,40,40,60],"floor_reached":51,"playtime":2422,"items_purged":["Strike_R"],"score":932,"play_id":"eddcf4ca-a9e2-4c9e-9ce4-144a3967b702","local_time":"20190805225012","is_ascension_mode":true,"campfire_choices":[{"data":"Shrug It Off","floor":6.0,"key":"SMITH"},{"data":"Pommel Strike","floor":12.0,"key":"SMITH"},{"data":"Infernal Blade","floor":15.0,"key":"SMITH"},{"data":"Metallicize","floor":23.0,"key":"SMITH"},{"floor":27.0,"key":"REST"},{"data":"Metallicize","floor":29.0,"key":"SMITH"},{"data":"Trip","floor":32.0,"key":"SMITH"},{"data":"Double Tap","floor":41.0,"key":"SMITH"},{"data":"Spot Weakness","floor":45,"key":"SMITH"},{"floor":49,"key":"REST"}],"neow_cost":"NONE","seed_source_timestamp":0,"circlet_count":0,"master_deck":["Strike_R","Strike_R+1","Strike_R","Strike_R+1","Defend_R","Defend_R","Defend_R+1","Defend_R","Bash+1","Whirlwind+1","Infernal Blade+1","Shrug It Off+1","Battle Trance","Pommel Strike+1","Ghostly Armor","Perfected Strike+1","Iron Wave+1","Reaper+1","Metallicize+1","Inflame+1","Pommel Strike+1","Infernal Blade+1","Metallicize+1","Thunderclap+1","Trip+1","Disarm","Perfected Strike+1","Heavy Blade+1","Clothesline+1","Pommel Strike+1","Double Tap+1","Armaments","Chrysalis","Rampage+1","Magnetism","Madness","Madness","Spot Weakness+1","Evolve","Flex+1","Perfected Strike+1"],"special_seed":0,"relics":["Burning Blood","PreservedInsect","Anchor","Ornamental Fan","Molten Egg 2","FossilizedHelix","Juzu Bracelet","Orrery","War Paint","Red Mask","Whetstone","Centennial Puzzle","Cursed Key","Happy Flower","Regal Pillow"],"potions_floor_usage":[50,50,50],"damage_taken":[{"damage":5.0,"enemies":"Small Slimes","floor":1.0,"turns":4.0},{"damage":2.0,"enemies":"2 Louse","floor":2.0,"turns":4.0},{"damage":10.0,"enemies":"Lagavulin","floor":7.0,"turns":6.0},{"damage":0.0,"enemies":"Jaw Worm","floor":8.0,"turns":2.0},{"damage":0.0,"enemies":"3 Sentries","floor":11.0,"turns":3.0},{"damage":0.0,"enemies":"Lagavulin","floor":13.0,"turns":2.0},{"damage":4.0,"enemies":"Lots of Slimes","floor":14.0,"turns":3.0},{"damage":44.0,"enemies":"The Guardian","floor":16.0,"turns":11.0},{"damage":14.0,"enemies":"2 Thieves","floor":18.0,"turns":4.0},{"damage":43.0,"enemies":"Book of Stabbing","floor":24.0,"turns":6.0},{"damage":0.0,"enemies":"Masked Bandits","floor":25.0,"turns":3.0},{"damage":0.0,"enemies":"Gremlin Leader","floor":28.0,"turns":3.0},{"damage":0.0,"enemies":"Chosen","floor":30.0,"turns":4.0},{"damage":13.0,"enemies":"Snake Plant","floor":31.0,"turns":6.0},{"damage":70.0,"enemies":"Automaton","floor":33.0,"turns":12.0},{"damage":0.0,"enemies":"Orb Walker","floor":35.0,"turns":4.0},{"damage":11.0,"enemies":"3 Shapes","floor":39.0,"turns":4.0},{"damage":3.0,"enemies":"Sphere and 2 Shapes","floor":40.0,"turns":7.0},{"damage":0.0,"enemies":"Nemesis","floor":42.0,"turns":5.0},{"damage":14,"enemies":"Spire Growth","floor":47,"turns":4},{"damage":15,"enemies":"Jaw Worm Horde","floor":48,"turns":3},{"damage":101,"enemies":"Awakened One","floor":50,"turns":11}],"seed_played":"7114176820738617451","potions_obtained":[{"floor":1.0,"key":"Fire Potion"},{"floor":13.0,"key":"LiquidBronze"},{"floor":14.0,"key":"AttackPotion"},{"floor":25.0,"key":"FearPotion"},{"floor":28.0,"key":"Regen Potion"},{"floor":40.0,"key":"AttackPotion"},{"floor":42.0,"key":"Explosive Potion"},{"floor":48,"key":"AttackPotion"}],"is_trial":false,"path_per_floor":["M","M","?","?","$","R","E","M","T","?","E","R","E","M","R","B",null,"M","?","?","?","?","R","E","?","T","R","E","R","M","M","R","B",null,"M","?","$","?","M","M","R","E","T","$","R","T","M","M","R","B",null],"character_chosen":"IRONCLAD","items_purchased":["PreservedInsect","Shrug It Off","Happy Flower","Rampage+1","Magnetism","Evolve"],"campfire_rested":2,"item_purchase_floors":[5,5,37,37,37,44],"current_hp_per_floor":[80,80,80,69,69,69,65,71,71,68,74,74,80,80,80,42,80,76,76,76,76,76,76,51,57,57,80,80,80,80,73,73,9,80,80,80,80,70,65,68,68,79,79,79,79,79,71,62,80,16],"gold":60,"neow_bonus":"UPGRADE_CARD","is_prod":false,"is_daily":false,"chose_seed":false,"campfire_upgraded":8,"win_rate":0,"timestamp":1565070612,"path_taken":["M","M","?","?","$","R","E","M","T","?","E","R","E","M","R","BOSS","M","?","?","?","?","R","E","?","T","R","E","R","M","M","R","BOSS","M","?","$","?","M","M","R","E","T","$","R","?","M","M","R","BOSS"],"build_version":"2019-07-17","purchased_purges":1,"victory":true,"max_hp_per_floor":[80,80,80,80,80,80,80,80,80,80,80,80,80,80,80,80,80,80,80,80,80,80,80,80,80,80,80,80,80,80,80,80,80,80,80,80,80,80,80,80,80,80,80,80,80,80,80,80,80,80],"card_choices":[{"not_picked":["Iron Wave","Thunderclap"],"picked":"Whirlwind","floor":1.0},{"not_picked":["Body Slam","Clash"],"picked":"Infernal Blade","floor":2.0},{"not_picked":["Rupture","Twin Strike"],"picked":"Battle Trance","floor":7.0},{"not_picked":["Anger","Cleave"],"picked":"Pommel Strike","floor":8.0},{"not_picked":["Rage","Sentinel"],"picked":"Ghostly Armor","floor":11.0},{"not_picked":["Headbutt+1","Clothesline+1"],"picked":"Perfected Strike+1","floor":13.0},{"not_picked":["Wild Strike+1","Feel No Pain"],"picked":"Iron Wave+1","floor":14.0},{"not_picked":["Brutality","Limit Break"],"picked":"Reaper+1","floor":16.0},{"not_picked":["Flex","Hemokinesis+1"],"picked":"Metallicize","floor":17.0},{"not_picked":["Metallicize","Rupture"],"picked":"Inflame","floor":17.0},{"not_picked":["Carnage+1","Sword Boomerang+1"],"picked":"Pommel Strike+1","floor":17.0},{"not_picked":["Fire Breathing","Rage"],"picked":"Infernal Blade","floor":17.0},{"not_picked":["Whirlwind+1","Sentinel"],"picked":"Metallicize","floor":17.0},{"not_picked":["Feel No Pain","Wild Strike+1"],"picked":"Thunderclap+1","floor":18.0},{"not_picked":["Rampage+1","Sever Soul+1"],"picked":"Disarm","floor":24.0},{"not_picked":["Reckless Charge+1","Wild Strike+1"],"picked":"Perfected Strike+1","floor":25.0},{"not_picked":["Iron Wave+1","Offering"],"picked":"Heavy Blade+1","floor":28.0},{"not_picked":["True Grit+1","Ghostly Armor"],"picked":"Clothesline+1","floor":30.0},{"not_picked":["Burning Pact","Shrug It Off"],"picked":"Pommel Strike+1","floor":31.0},{"not_picked":["Exhume","Reaper+1"],"picked":"Double Tap","floor":33.0},{"not_picked":["Headbutt+1","Wild Strike+1"],"picked":"Armaments","floor":35.0},{"not_picked":["Flash of Steel+1","Finesse"],"picked":"Chrysalis","floor":36.0},{"not_picked":["Hemokinesis+1","Twin Strike+1","Headbutt+1"],"picked":"SKIP","floor":39.0},{"not_picked":["Shrug It Off","Rage","Wild Strike+1"],"picked":"SKIP","floor":40.0},{"not_picked":["Metallicize+1","Warcry"],"picked":"Spot Weakness","floor":42.0},{"not_picked":["Perfected Strike+1","Anger+1"],"picked":"Flex+1","floor":47},{"not_picked":["Pummel+1","Dropkick+1"],"picked":"Perfected Strike+1","floor":48}],"player_experience":2535502,"relics_obtained":[{"floor":7.0,"key":"Anchor"},{"floor":9.0,"key":"Ornamental Fan"},{"floor":11.0,"key":"FossilizedHelix"},{"floor":13.0,"key":"Juzu Bracelet"},{"floor":24.0,"key":"War Paint"},{"floor":25.0,"key":"Red Mask"},{"floor":26.0,"key":"Whetstone"},{"floor":28.0,"key":"Centennial Puzzle"},{"floor":42.0,"key":"Regal Pillow"}],"event_choices":[{"damage_healed":0.0,"max_hp_gain":0.0,"max_hp_loss":0.0,"gold_gain":0.0,"event_name":"Living Wall","player_choice":"Grow","floor":3.0,"gold_loss":0.0,"damage_taken":0.0,"cards_upgraded":["Whirlwind"]},{"damage_healed":0.0,"max_hp_gain":0.0,"max_hp_loss":0.0,"gold_gain":75.0,"event_name":"World of Goop","player_choice":"Gather Gold","floor":4.0,"gold_loss":0.0,"damage_taken":11.0},{"damage_healed":0.0,"max_hp_gain":0.0,"max_hp_loss":0.0,"gold_gain":0.0,"event_name":"Scrap Ooze","player_choice":"Success","floor":10.0,"gold_loss":0.0,"damage_taken":3.0,"relics_obtained":["Molten Egg 2"]},{"damage_healed":0.0,"max_hp_gain":0.0,"max_hp_loss":0.0,"gold_gain":0.0,"event_name":"Match and Keep!","player_choice":"1 cards matched","floor":19.0,"gold_loss":0.0,"damage_taken":0.0,"cards_obtained":["Trip"]},{"damage_healed":0.0,"max_hp_gain":0.0,"max_hp_loss":0.0,"gold_gain":0.0,"event_name":"Accursed Blacksmith","player_choice":"Forge","floor":20.0,"gold_loss":0.0,"damage_taken":0.0,"cards_upgraded":["Inflame"]},{"damage_healed":0.0,"max_hp_gain":0.0,"max_hp_loss":0.0,"gold_gain":0.0,"event_name":"Cursed Tome","player_choice":"Ignored","floor":21.0,"gold_loss":0.0,"damage_taken":0.0},{"damage_healed":0.0,"max_hp_gain":0.0,"max_hp_loss":0.0,"gold_gain":0.0,"event_name":"Ghosts","player_choice":"Ignored","floor":22.0,"gold_loss":0.0,"damage_taken":0.0},{"damage_healed":0.0,"max_hp_gain":0.0,"max_hp_loss":0.0,"gold_gain":0.0,"event_name":"Masked Bandits","player_choice":"Fought Bandits","floor":25.0,"gold_loss":0.0,"damage_taken":0.0},{"damage_healed":0.0,"max_hp_gain":0.0,"max_hp_loss":0.0,"gold_gain":0.0,"event_name":"SensoryStone","player_choice":"Memory 1","floor":36.0,"gold_loss":0.0,"damage_taken":0.0},{"damage_healed":0.0,"max_hp_gain":0.0,"max_hp_loss":0.0,"gold_gain":0.0,"event_name":"Winding Halls","player_choice":"Embrace Madness","floor":38.0,"gold_loss":0.0,"damage_taken":10.0,"cards_obtained":["Madness","Madness"]}],"is_beta":false,"boss_relics":[{"not_picked":["White Beast Statue","Tiny House"],"picked":"Orrery"},{"not_picked":["Lizard Tail","Runic Dome"],"picked":"Cursed Key"}],"items_purged_floors":[37],"is_endless":false,"potions_floor_spawned":[1,13,14,25,28,40,42,47,48],"ascension_level":2}