{"gold_per_floor":[112,130,141,160,125,158,158,168,168,168,181,192,192,224,224,224],"floor_reached":16,"playtime":608,"items_purged":[],"score":143,"play_id":"de0c16cb-9c55-4716-baa7-99ed0d1030ea","local_time":"20191008082759","is_ascension_mode":true,"campfire_choices":[{"data":"Armaments","floor":7,"key":"SMITH"},{"floor":10,"key":"REST"},{"data":"Body Slam","floor":13,"key":"SMITH"},{"data":"Flex","floor":15,"key":"SMITH"}],"neow_cost":"NONE","seed_source_timestamp":291231739079300,"circlet_count":0,"master_deck":["Strike_R","Strike_R","Strike_R","Strike_R","Strike_R","Defend_R","Defend_R","Defend_R","Defend_R","Bash","True Grit","Armaments+1","Heavy Blade","Uppercut","Cleave","Ghostly Armor","Flex+1","Body Slam+1","Iron Wave"],"relics":["Philosopher\u0027s Stone","Kunai","Mummified Hand","Centennial Puzzle"],"potions_floor_usage":[6,16],"damage_taken":[{"damage":8,"enemies":"Jaw Worm","floor":1,"turns":2},{"damage":0,"enemies":"Small Slimes","floor":2,"turns":3},{"damage":0,"enemies":"Cultist","floor":3,"turns":3},{"damage":23,"enemies":"Blue Slaver","floor":4,"turns":3},{"damage":24,"enemies":"3 Sentries","floor":6,"turns":5},{"damage":16,"enemies":"2 Fungi Beasts","floor":8,"turns":3},{"damage":0,"enemies":"Exordium Wildlife","floor":11,"turns":2},{"damage":2,"enemies":"Blue Slaver","floor":12,"turns":3},{"damage":25,"enemies":"Lagavulin","floor":14,"turns":5},{"damage":0,"enemies":"The Guardian","floor":16,"turns":3}],"seed_played":"619966441849102153","potions_obtained":[{"floor":4,"key":"Explosive Potion"},{"floor":6,"key":"GamblersBrew"},{"floor":14,"key":"LiquidBronze"}],"is_trial":false,"path_per_floor":["M","M","M","M","?","E","R","M","T","R","M","M","R","E","R","B"],"character_chosen":"IRONCLAD","items_purchased":[],"campfire_rested":1,"item_purchase_floors":[],"current_hp_per_floor":[72,72,72,49,69,45,45,29,29,53,53,51,51,26,26,26],"gold":224,"neow_bonus":"BOSS_RELIC","is_prod":false,"is_daily":false,"chose_seed":false,"campfire_upgraded":3,"win_rate":0,"timestamp":1570537679,"path_taken":["M","M","M","M","?","E","R","M","T","R","M","M","R","E","R","BOSS"],"build_version":"2019-07-17","purchased_purges":0,"victory":false,"max_hp_per_floor":[80,80,80,80,80,80,80,80,80,80,80,80,80,80,80,80],"card_choices":[{"not_picked":["Perfected Strike","Wild Strike"],"picked":"True Grit","floor":1},{"not_picked":["Shrug It Off","Flex"],"picked":"Armaments","floor":2},{"not_picked":["Disarm","Clothesline"],"picked":"Heavy Blade","floor":3},{"not_picked":["Rampage","Iron Wave"],"picked":"Uppercut","floor":4},{"not_picked":["Brutality","Twin Strike"],"picked":"Cleave","floor":6},{"not_picked":["Rage","Cleave"],"picked":"Ghostly Armor","floor":8},{"not_picked":["Havoc","Clash"],"picked":"Flex","floor":11},{"not_picked":["Flex","Pommel Strike"],"picked":"Body Slam","floor":12},{"not_picked":["Pommel Strike","Anger"],"picked":"Iron Wave","floor":14}],"player_experience":379612,"relics_obtained":[{"floor":6,"key":"Kunai"},{"floor":9,"key":"Mummified Hand"},{"floor":14,"key":"Centennial Puzzle"}],"event_choices":[{"damage_healed":20,"gold_gain":0,"player_choice":"Healed","damage_taken":0,"max_hp_gain":0,"max_hp_loss":0,"event_name":"The Cleric","floor":5,"gold_loss":35}],"is_beta":false,"boss_relics":[],"items_purged_floors":[],"is_endless":false,"potions_floor_spawned":[4,6,14],"killed_by":"The Guardian","ascension_level":5}