{"gold_per_floor":[114,129,144,144,163,163,182,201,201,201,201,201,148,186,186,311,374,393,412,431,451,470,489,489,6,6,281,126,145,145,183,183,308,308,327,327,346,365,384,384,422,422,497,830,148,163,178,193,193,193],"floor_reached":51,"playtime":3927,"items_purged":["Regret","Poisoned Stab"],"score":778,"play_id":"22b9a36e-00b9-4404-9bc4-41dd8901feed","local_time":"20191008163440","daily_mods":["Shiny","Uncertain Future","Binary"],"is_ascension_mode":false,"campfire_choices":[{"data":"Wraith Form v2","floor":6.0,"key":"SMITH"},{"data":"Adrenaline","floor":12.0,"key":"SMITH"},{"data":"Calculated Gamble","floor":15.0,"key":"SMITH"},{"data":"Malaise","floor":24,"key":"SMITH"},{"data":"Apotheosis","floor":30,"key":"SMITH"},{"floor":32,"key":"REST"},{"data":"Well Laid Plans","floor":40,"key":"SMITH"},{"data":"Wraith Form v2","floor":42,"key":"SMITH"},{"data":"Dark Shackles","floor":49,"key":"SMITH"}],"neow_cost":"","seed_source_timestamp":0,"circlet_count":0,"master_deck":["Venomology","Corpse Explosion+1","Malaise+1","Phantasmal Killer","Die Die Die","Adrenaline+1","Envenom","Doppelganger","Burst+1","Wraith Form v2+1","Tools of the Trade","Night Terror+1","Unload","After Image","Bullet Time","Storm of Steel","Glass Knife","A Thousand Cuts","Grand Finale","Deflect+1","After Image","PiercingWail+1","Dagger Spray","Footwork","Dagger Throw","Calculated Gamble+1","Malaise","PiercingWail","Backflip+1","Predator","Dash","Apotheosis+1","Noxious Fumes","Dark Shackles+1","Well Laid Plans+1","PiercingWail","Wraith Form v2+1","Bane+1","Acrobatics+1","Bane+1","Tactician+1","Quick Slash+1","Blur","Deflect+1","Sucker Punch+1","Die Die Die+1","Cloak And Dagger+1"],"special_seed":18177,"relics":["Ring of the Snake","Bottled Lightning","MealTicket","Tiny House","Red Mask","TwistedFunnel","Letter Opener","War Paint","Snecko Eye","Molten Egg 2","Bottled Flame","Potion Belt","Orrery"],"potions_floor_usage":[20,20,22,23,23,23,37,38,39,39,41,47,50,50,50,50,50],"damage_taken":[{"damage":0.0,"enemies":"Small Slimes","floor":1.0,"turns":3.0},{"damage":0.0,"enemies":"2 Louse","floor":2.0,"turns":2.0},{"damage":3.0,"enemies":"Jaw Worm","floor":3.0,"turns":3.0},{"damage":0.0,"enemies":"Large Slime","floor":5.0,"turns":6.0},{"damage":4.0,"enemies":"Exordium Thugs","floor":7.0,"turns":2.0},{"damage":0.0,"enemies":"3 Louse","floor":8.0,"turns":1.0},{"damage":0.0,"enemies":"3 Sentries","floor":14.0,"turns":4.0},{"damage":22.0,"enemies":"The Guardian","floor":16.0,"turns":9.0},{"damage":0.0,"enemies":"Chosen","floor":18.0,"turns":8.0},{"damage":0.0,"enemies":"Spheric Guardian","floor":19.0,"turns":5.0},{"damage":2,"enemies":"Chosen and Byrds","floor":20,"turns":6},{"damage":0,"enemies":"Masked Bandits","floor":21,"turns":3},{"damage":10,"enemies":"Centurion and Healer","floor":22,"turns":5},{"damage":11,"enemies":"Snake Plant","floor":23,"turns":6},{"damage":4,"enemies":"Sentry and Sphere","floor":29,"turns":5},{"damage":16,"enemies":"Slavers","floor":31,"turns":3},{"damage":6,"enemies":"Champ","floor":33,"turns":12},{"damage":1,"enemies":"Orb Walker","floor":35,"turns":5},{"damage":1,"enemies":"3 Darklings","floor":37,"turns":2},{"damage":12,"enemies":"Jaw Worm Horde","floor":38,"turns":2},{"damage":0,"enemies":"Maw","floor":39,"turns":7},{"damage":0,"enemies":"Nemesis","floor":41,"turns":7},{"damage":0,"enemies":"Spire Growth","floor":46,"turns":4},{"damage":0,"enemies":"4 Shapes","floor":47,"turns":3},{"damage":0,"enemies":"Jaw Worm Horde","floor":48,"turns":2},{"damage":2,"enemies":"Donu and Deca","floor":50,"turns":5}],"seed_played":"1723373554375379297","potions_obtained":[{"floor":1.0,"key":"EssenceOfSteel"},{"floor":2.0,"key":"Fire Potion"},{"floor":7.0,"key":"CunningPotion"},{"floor":17.0,"key":"LiquidBronze"},{"floor":18.0,"key":"Fire Potion"},{"floor":20,"key":"GamblersBrew"},{"floor":21,"key":"Energy Potion"},{"floor":41,"key":"PowerPotion"},{"floor":47,"key":"Ancient Potion"}],"is_trial":false,"path_per_floor":["M","M","M","?","M","R","M","M","T","?","?","R","$","E","R","B",null,"M","M","M","?","M","M","R","$","T","?","$","M","R","E","R","B",null,"M","?","M","M","M","R","E","R","T","?","$","M","M","M","R","B",null],"character_chosen":"THE_SILENT","items_purchased":["Dagger Throw","Apotheosis","TwistedFunnel","Noxious Fumes","Dark Shackles","Well Laid Plans","Potion Belt","Orrery","Sucker Punch+1","Die Die Die+1","EssenceOfSteel"],"campfire_rested":1,"item_purchase_floors":[13,25,25,25,25,28,45,45,45,45,45],"current_hp_per_floor":[70,70,67,67,67,67,63,63,63,49,42,42,42,42,42,20,75,75,75,73,73,63,52,52,67,67,67,75,71,71,55,75,69,75,74,71,70,58,58,58,58,58,58,58,71,71,71,71,71,69],"gold":193,"neow_bonus":"","is_prod":false,"is_daily":true,"chose_seed":false,"campfire_upgraded":8,"win_rate":0,"timestamp":1570570480,"path_taken":["M","M","M","?","M","R","M","M","T","?","?","R","$","E","R","BOSS","M","M","M","?","M","M","R","?","T","?","$","M","R","E","R","BOSS","M","?","M","M","M","R","E","R","T","?","$","M","?","M","R","BOSS"],"build_version":"2019-10-08","purchased_purges":2,"victory":true,"max_hp_per_floor":[70,70,70,70,70,70,70,70,70,70,70,70,70,70,70,70,75,75,75,75,75,75,75,75,75,75,75,75,75,75,75,75,75,75,75,71,71,71,71,71,71,71,71,71,71,71,71,71,71,71],"card_choices":[{"not_picked":["Deflect"],"picked":"Poisoned Stab","floor":1.0},{"not_picked":["Heel Hook"],"picked":"Deflect","floor":2.0},{"not_picked":["Underhanded Strike"],"picked":"After Image","floor":3.0},{"not_picked":["Dagger Spray"],"picked":"PiercingWail","floor":5.0},{"not_picked":["Deflect","Dagger Spray"],"picked":"SKIP","floor":7.0},{"not_picked":["Deflect"],"picked":"Dagger Spray","floor":7.0},{"not_picked":["Catalyst"],"picked":"Footwork","floor":8.0},{"not_picked":["Accuracy"],"picked":"Calculated Gamble","floor":14.0},{"not_picked":["Storm of Steel"],"picked":"Malaise","floor":16.0},{"not_picked":["Backflip"],"picked":"PiercingWail","floor":18.0},{"not_picked":["Prepared"],"picked":"Backflip+1","floor":19.0},{"not_picked":["Quick Slash","Dagger Throw+1"],"picked":"SKIP","floor":20},{"not_picked":["Dagger Throw"],"picked":"Predator","floor":22},{"not_picked":["Acrobatics"],"picked":"Dash","floor":23},{"not_picked":["Die Die Die","Sucker Punch"],"picked":"SKIP","floor":29},{"not_picked":["Finisher"],"picked":"PiercingWail","floor":31},{"not_picked":["Malaise"],"picked":"Wraith Form v2","floor":33},{"not_picked":["Blade Dance"],"picked":"Bane+1","floor":35},{"not_picked":["Finisher+1","Infinite Blades"],"picked":"SKIP","floor":37},{"not_picked":["Predator"],"picked":"Acrobatics+1","floor":38},{"not_picked":["Outmaneuver","Cloak And Dagger+1"],"picked":"SKIP","floor":39},{"not_picked":["Masterful Stab+1"],"picked":"Bane","floor":41},{"not_picked":["Prepared"],"picked":"Tactician+1","floor":45},{"not_picked":["Predator+1"],"picked":"Quick Slash+1","floor":45},{"not_picked":["Noxious Fumes"],"picked":"Blur","floor":45},{"not_picked":["Flying Knee+1"],"picked":"Deflect+1","floor":45},{"not_picked":["Finisher+1","Masterful Stab+1"],"picked":"SKIP","floor":46},{"not_picked":["Dagger Spray+1"],"picked":"Cloak And Dagger+1","floor":47},{"not_picked":["Deadly Poison","Calculated Gamble"],"picked":"SKIP","floor":48}],"player_experience":422621,"relics_obtained":[{"floor":9.0,"key":"Bottled Lightning"},{"floor":14.0,"key":"MealTicket"},{"floor":21,"key":"Red Mask"},{"floor":26,"key":"Letter Opener"},{"floor":31,"key":"War Paint"},{"floor":41,"key":"Molten Egg 2"},{"floor":43,"key":"Bottled Flame"}],"event_choices":[{"damage_healed":0.0,"max_hp_gain":0.0,"max_hp_loss":0.0,"gold_gain":0.0,"event_name":"Golden Idol","player_choice":"Take Wound","floor":4.0,"gold_loss":0.0,"damage_taken":0.0,"relics_obtained":["Golden Idol"],"cards_obtained":["Injury"]},{"damage_healed":0.0,"max_hp_gain":0.0,"max_hp_loss":0.0,"gold_gain":0.0,"event_name":"Shining Light","player_choice":"Entered Light","floor":10.0,"gold_loss":0.0,"damage_taken":14.0,"cards_upgraded":["Deflect","PiercingWail"]},{"cards_removed":["Injury"],"damage_healed":0.0,"max_hp_gain":0.0,"max_hp_loss":0.0,"gold_gain":0.0,"event_name":"Golden Wing","player_choice":"Card Removal","floor":11.0,"gold_loss":0.0,"damage_taken":7.0},{"damage_healed":0,"gold_gain":0,"player_choice":"Fought Bandits","damage_taken":0,"max_hp_gain":0,"max_hp_loss":0,"event_name":"Masked Bandits","floor":21,"gold_loss":0},{"damage_healed":0,"gold_gain":275,"player_choice":"Desecrate","damage_taken":0,"max_hp_gain":0,"max_hp_loss":0,"event_name":"Golden Shrine","floor":27,"gold_loss":0,"cards_obtained":["Regret"]},{"damage_healed":0,"gold_gain":0,"player_choice":"Max HP","damage_taken":0,"max_hp_gain":0,"max_hp_loss":4,"event_name":"Winding Halls","floor":36,"gold_loss":0},{"damage_healed":0,"gold_gain":333,"player_choice":"Gave Idol","damage_taken":0,"max_hp_gain":0,"max_hp_loss":0,"event_name":"The Moai Head","floor":44,"relics_lost":["Golden Idol"],"gold_loss":0}],"is_beta":true,"boss_relics":[{"not_picked":["Ectoplasm","WristBlade"],"picked":"Tiny House"},{"not_picked":["Velvet Choker","Black Star"],"picked":"Snecko Eye"}],"items_purged_floors":[28,45],"is_endless":false,"potions_floor_spawned":[1,2,7,18,20,21,33,37,38,41,47],"ascension_level":0}