{"path_per_floor":["M","?","M","M","?","R","$","R","T","$","M","R","M","M","R","B",null,"M","$","?","?","M","R","M","R","T","$","?","R","?","M","R","B",null,"M","M","M","M"],"character_chosen":"THE_SILENT","items_purchased":["Oddly Smooth Stone","Well Laid Plans","Dodge and Roll","Reflex","Catalyst"],"gold_per_floor":[118,193,206,225,225,225,4,4,4,4,21,21,40,59,59,163,163,135,44,144,144,154,154,167,167,167,28,28,28,28,38,38,140,140,155,174,186,206,206],"floor_reached":39,"campfire_rested":0,"playtime":3297,"current_hp_per_floor":[70,59,59,59,59,59,59,59,59,59,59,59,59,57,57,34,70,54,54,54,54,54,62,62,70,70,70,57,65,65,46,54,29,75,63,42,42,13,0],"items_purged":["Strike_G"],"gold":206,"score":392,"play_id":"2bf274c7-9c23-43cc-844d-df499761d8de","local_time":"20180521205725","is_prod":false,"is_daily":false,"chose_seed":false,"is_ascension_mode":true,"campfire_upgraded":8,"timestamp":1526961445,"campfire_choices":[{"data":"Neutralize","floor":6,"key":"SMITH"},{"data":"Outmaneuver","floor":8,"key":"SMITH"},{"data":"Noxious Fumes","floor":12,"key":"SMITH"},{"data":"Survivor","floor":15,"key":"SMITH"},{"data":"Venomology","floor":23,"key":"SMITH"},{"data":"Well Laid Plans","floor":25,"key":"SMITH"},{"data":"Reflex","floor":29,"key":"SMITH"},{"data":"Catalyst","floor":32,"key":"SMITH"}],"path_taken":["M","?","?","M","?","R","$","R","T","?","?","R","M","M","R","BOSS","M","$","?","?","M","R","M","R","T","$","?","R","?","M","R","BOSS","M","M","?","?","M"],"build_version":"2018-05-17","seed_source_timestamp":8780113005960,"purchased_purges":1,"victory":false,"master_deck":["Defend_G","Defend_G","Defend_G","Defend_G","Defend_G","Strike_G","Strike_G","Strike_G","Strike_G","Survivor+1","Neutralize+1","Outmaneuver+1","Deflect","Deadly Poison","Acrobatics","Noxious Fumes+1","Venomology+1","Sucker Punch","Well Laid Plans+1","Dodge and Roll","Escape Plan+1","Reflex+1","Catalyst+1","Backflip+1","Tactician","Backflip","Footwork+1"],"max_hp_per_floor":[70,70,70,70,70,70,70,70,70,70,70,70,70,70,70,70,70,70,70,70,70,70,70,70,70,70,70,75,75,75,75,75,75,75,75,75,75,75,75],"relics":["Ring of the Snake","Oddly Smooth Stone","Eternal Feather","Pantograph","Nloth\u0027s Gift","Black Star"],"card_choices":[{"not_picked":["Dagger Throw","Flying Knee"],"picked":"Outmaneuver","floor":0},{"not_picked":["Bane","Caltrops"],"picked":"Deflect","floor":1},{"not_picked":["Deflect","Dash"],"picked":"Deadly Poison","floor":3},{"not_picked":["Bouncing Flask","Deadly Poison"],"picked":"Acrobatics","floor":4},{"not_picked":["Cloak And Dagger","Predator"],"picked":"Noxious Fumes","floor":11},{"not_picked":["Accuracy","Dodge and Roll","Underhanded Strike"],"picked":"SKIP","floor":13},{"not_picked":["Heel Hook","Quick Slash","Slice"],"picked":"SKIP","floor":14},{"not_picked":["Die Die Die","Envenom"],"picked":"Venomology","floor":16},{"not_picked":["Bane","Underhanded Strike"],"picked":"Sucker Punch","floor":18},{"not_picked":["Accuracy","Prepared+1"],"picked":"Escape Plan+1","floor":22},{"not_picked":["Calculated Gamble+1","Outmaneuver+1","Dash"],"picked":"SKIP","floor":24},{"not_picked":["Dagger Throw+1","Acrobatics"],"picked":"Backflip+1","floor":31},{"not_picked":["A Thousand Cuts","Wraith Form v2"],"picked":"Tactician","floor":33},{"not_picked":["Dagger Throw","Dash"],"picked":"Backflip","floor":35},{"not_picked":["Quick Slash","Calculated Gamble+1","PiercingWail"],"picked":"SKIP","floor":36},{"not_picked":["Bouncing Flask","Cloak And Dagger","Poisoned Stab"],"picked":"SKIP","floor":37},{"not_picked":["Tactician","Underhanded Strike"],"picked":"Footwork+1","floor":38}],"player_experience":280769,"potions_floor_usage":[16,16,24,31,33,35,36,36,36,36,37,37,38,38],"damage_taken":[{"damage":0,"enemies":"2 Louse","floor":1,"turns":4},{"damage":0,"enemies":"Jaw Worm","floor":3,"turns":7},{"damage":0,"enemies":"Small Slimes","floor":4,"turns":4},{"damage":0,"enemies":"Blue Slaver","floor":11,"turns":4},{"damage":0,"enemies":"Looter","floor":13,"turns":3},{"damage":2,"enemies":"Gremlin Gang","floor":14,"turns":5},{"damage":23,"enemies":"The Guardian","floor":16,"turns":9},{"damage":16,"enemies":"2 Thieves","floor":18,"turns":5},{"damage":0,"enemies":"Shell Parasite","floor":22,"turns":7},{"damage":0,"enemies":"Centurion and Healer","floor":24,"turns":9},{"damage":19,"enemies":"Snake Plant","floor":31,"turns":6},{"damage":46,"enemies":"Champ","floor":33,"turns":15},{"damage":12,"enemies":"Orb Walker","floor":35,"turns":5},{"damage":21,"enemies":"3 Darklings","floor":36,"turns":9},{"damage":0,"enemies":"4 Shapes","floor":37,"turns":8},{"damage":29,"enemies":"Sphere and 2 Shapes","floor":38,"turns":6},{"damage":13,"enemies":"3 Darklings","floor":39,"turns":3}],"relics_obtained":[{"floor":9,"key":"Tingsha"},{"floor":26,"key":"Pantograph"}],"event_choices":[{"event_name":"World of Goop","player_choice":"Gather Gold","floor":2,"damage_taken":0},{"event_name":"Liars Game","player_choice":"disagreed","floor":5,"damage_taken":0},{"event_name":"Golden Shrine","player_choice":"Pray","floor":20,"damage_taken":0},{"event_name":"The Mausoleum","player_choice":"No","floor":21,"damage_taken":0},{"event_name":"Forgotten Altar","player_choice":"Shed Blood","floor":28,"damage_taken":0},{"event_name":"N\u0027loth","player_choice":"Traded a Tingsha","floor":30,"damage_taken":0}],"boss_relics":[{"not_picked":["Astrolabe","White Beast Statue"],"picked":"Eternal Feather"},{"not_picked":["Tiny House","Cursed Key"],"picked":"Black Star"}],"potions_floor_spawned":[11,14,18,33,35,37],"seed_played":"3612565419704717491","killed_by":"3 Darklings","ascension_level":1,"potions_obtained":[{"floor":11,"key":"EssenceOfSteel"},{"floor":14,"key":"Swift Potion"},{"floor":18,"key":"SteroidPotion"},{"floor":37,"key":"Swift Potion"}],"is_trial":false}