{"gold_per_floor":[119,132,150,167,180,180,190,223,223,223,233,233,245,276,276,372,372,387,387,406,417,254,254,280,280,280,299,315,331,331],"floor_reached":30,"playtime":1502,"items_purged":[],"score":295,"play_id":"426296b6-a0ef-4ef0-b874-72e3017262d7","local_time":"20190627170458","is_ascension_mode":true,"campfire_choices":[{"floor":6,"key":"RECALL"},{"floor":12,"key":"REST"},{"data":"Redo","floor":15,"key":"SMITH"},{"floor":23,"key":"REST"},{"floor":25,"key":"REST"}],"neow_cost":"NONE","seed_source_timestamp":1261665978443735,"circlet_count":0,"master_deck":["Strike_B","Strike_B","Strike_B","Strike_B","Defend_B","Defend_B","Defend_B","Zap+1","Dualcast","Doom and Gloom","Redo+1","Glacier","Static Discharge","Chill","White Noise","Coolheaded","Cold Snap","Loop","Electrodynamics","Stack","Heatsinks","Mayhem","Ball Lightning"],"relics":["Cracked Core","Meat on the Bone","Bottled Tornado","Inserter","Orichalcum","Ornamental Fan"],"potions_floor_usage":[8,16,16,16,24,27,29],"damage_taken":[{"damage":1,"enemies":"Cultist","floor":1,"turns":3},{"damage":0,"enemies":"2 Louse","floor":2,"turns":2},{"damage":12,"enemies":"Jaw Worm","floor":3,"turns":3},{"damage":4,"enemies":"Exordium Wildlife","floor":4,"turns":4},{"damage":2,"enemies":"Looter","floor":5,"turns":4},{"damage":19,"enemies":"Exordium Thugs","floor":7,"turns":2},{"damage":9,"enemies":"3 Sentries","floor":8,"turns":3},{"damage":9,"enemies":"Red Slaver","floor":11,"turns":4},{"damage":15,"enemies":"Large Slime","floor":13,"turns":5},{"damage":9,"enemies":"Lagavulin","floor":14,"turns":6},{"damage":36,"enemies":"Slime Boss","floor":16,"turns":8},{"damage":14,"enemies":"3 Byrds","floor":18,"turns":2},{"damage":9,"enemies":"Spheric Guardian","floor":20,"turns":5},{"damage":18,"enemies":"Chosen and Byrds","floor":21,"turns":4},{"damage":30,"enemies":"Book of Stabbing","floor":24,"turns":4},{"damage":15,"enemies":"Snake Plant","floor":27,"turns":4},{"damage":33,"enemies":"Centurion and Healer","floor":28,"turns":6},{"damage":19,"enemies":"Cultist and Chosen","floor":29,"turns":6},{"damage":0,"enemies":"3 Cultists","floor":30,"turns":1}],"seed_played":"-1335589579503517171","potions_obtained":[{"floor":4,"key":"Explosive Potion"},{"floor":5,"key":"FearPotion"},{"floor":7,"key":"Poison Potion"},{"floor":13,"key":"EntropicBrew"},{"floor":16,"key":"SkillPotion"},{"floor":18,"key":"PowerPotion"},{"floor":27,"key":"Explosive Potion"}],"is_trial":false,"path_per_floor":["M","M","M","M","M","R","M","E","T","?","M","R","M","E","R","B",null,"M","?","M","M","$","R","E","R","T","M","M","M","M"],"character_chosen":"DEFECT","items_purchased":["Mayhem"],"campfire_rested":3,"item_purchase_floors":[22],"current_hp_per_floor":[74,74,62,58,56,56,37,28,28,28,31,53,38,41,41,17,75,61,61,52,46,46,68,38,60,60,45,24,17,17],"gold":331,"neow_bonus":"THREE_CARDS","is_prod":false,"is_daily":false,"chose_seed":false,"campfire_upgraded":1,"win_rate":0,"timestamp":1561669498,"path_taken":["M","M","M","?","M","R","M","E","T","?","?","R","M","E","R","BOSS","M","?","M","M","$","R","E","R","T","M","?","?","M"],"build_version":"2019-01-23","purchased_purges":0,"victory":false,"max_hp_per_floor":[75,75,75,75,75,75,75,75,75,75,75,75,75,75,75,75,75,75,75,75,75,75,75,75,75,75,75,75,75,75],"card_choices":[{"not_picked":["Aggregate","Barrage"],"picked":"Doom and Gloom","floor":0},{"not_picked":["Leap","Aggregate"],"picked":"Redo","floor":1},{"not_picked":["Rebound","Beam Cell"],"picked":"Glacier","floor":2},{"not_picked":["BootSequence","Streamline"],"picked":"Static Discharge","floor":3},{"not_picked":["Leap","Biased Cognition"],"picked":"Chill","floor":4},{"not_picked":["Sweeping Beam","Rebound"],"picked":"White Noise","floor":5},{"not_picked":["Leap","Streamline"],"picked":"Coolheaded","floor":7},{"not_picked":["Streamline","Compile Driver"],"picked":"Cold Snap","floor":8},{"not_picked":["Beam Cell","Turbo","Fusion"],"picked":"SKIP","floor":11},{"not_picked":["Self Repair","Steam"],"picked":"Loop","floor":13},{"not_picked":["Hologram","Conserve Battery","Double Energy"],"picked":"SKIP","floor":14},{"not_picked":["Hyperbeam","Creative AI"],"picked":"Electrodynamics","floor":16},{"not_picked":["Hologram","Cold Snap"],"picked":"Stack","floor":18},{"not_picked":["Hologram","Static Discharge"],"picked":"Heatsinks","floor":20},{"not_picked":["Ball Lightning","Beam Cell","Steam"],"picked":"SKIP","floor":21},{"not_picked":["Rip and Tear+1","BootSequence","Beam Cell+1"],"picked":"SKIP","floor":24},{"not_picked":["Hologram","Turbo"],"picked":"Ball Lightning","floor":27},{"not_picked":["Static Discharge","Redo","Sweeping Beam"],"picked":"SKIP","floor":28},{"not_picked":["All For One","Compile Driver","Conserve Battery+1"],"picked":"SKIP","floor":29}],"player_experience":243191,"relics_obtained":[{"floor":8,"key":"Meat on the Bone"},{"floor":14,"key":"Bottled Tornado"},{"floor":24,"key":"Orichalcum"},{"floor":26,"key":"Ornamental Fan"}],"event_choices":[{"cards_removed":["Defend_B"],"damage_healed":0,"gold_gain":0,"player_choice":"Purged","damage_taken":0,"max_hp_gain":0,"max_hp_loss":0,"event_name":"Purifier","floor":10,"gold_loss":0},{"damage_healed":0,"gold_gain":0,"player_choice":"Upgraded","damage_taken":0,"max_hp_gain":0,"max_hp_loss":0,"event_name":"Upgrade Shrine","floor":19,"gold_loss":0,"cards_upgraded":["Zap"]}],"is_beta":false,"boss_relics":[{"not_picked":["Orrery","Coffee Dripper"],"picked":"Inserter"}],"items_purged_floors":[],"is_endless":false,"potions_floor_spawned":[4,5,7,13,16,18,20,27],"killed_by":"3 Cultists","ascension_level":2}