{"gold_per_floor":[111,61,61,61,61,61,95,95,142,156,156,190,209,209,209,305,305,318,335,347,221],"floor_reached":21,"playtime":839,"items_purged":["Strike_B"],"score":214,"play_id":"a0d0f9e7-ba06-4e5c-8729-35beb008e61a","local_time":"20190113084910","is_ascension_mode":false,"campfire_choices":[{"data":"Zap","floor":6,"key":"SMITH"},{"data":"Defragment","floor":8,"key":"SMITH"},{"data":"Dualcast","floor":15,"key":"SMITH"}],"neow_cost":"NONE","seed_source_timestamp":345396655657390,"circlet_count":0,"master_deck":["Strike_B+1","Defend_B","Defend_B","Defend_B","Defend_B","Zap+1","Dualcast+1","Capacitor","Blizzard+1","Defragment+1","Cold Snap","Reboot","Cold Snap+1","Redo"],"relics":["Cracked Core","NeowsBlessing","Nunchaku","Whetstone","Bottled Flame","Ornamental Fan","Inserter"],"potions_floor_usage":[12,19],"damage_taken":[{"damage":0,"enemies":"2 Louse","floor":1,"turns":1},{"damage":0,"enemies":"Jaw Worm","floor":5,"turns":1},{"damage":0,"enemies":"3 Sentries","floor":7,"turns":1},{"damage":0,"enemies":"Cultist","floor":10,"turns":4},{"damage":26,"enemies":"Lagavulin","floor":12,"turns":5},{"damage":1,"enemies":"Exordium Wildlife","floor":13,"turns":4},{"damage":41,"enemies":"Hexaghost","floor":16,"turns":13},{"damage":25,"enemies":"2 Thieves","floor":18,"turns":4},{"damage":21,"enemies":"3 Byrds","floor":19,"turns":5},{"damage":11,"enemies":"Sentry and Sphere","floor":20,"turns":6}],"seed_played":"4854461710457770059","potions_obtained":[{"floor":7,"key":"PowerPotion"},{"floor":13,"key":"Ancient Potion"},{"floor":16,"key":"Dexterity Potion"},{"floor":18,"key":"Explosive Potion"},{"floor":19,"key":"Dexterity Potion"}],"is_trial":false,"path_per_floor":["M","?","?","?","M","R","E","R","T","M","?","E","M","T","R","B",null,"M","M","M","$"],"character_chosen":"DEFECT","items_purchased":["Redo"],"campfire_rested":0,"item_purchase_floors":[21],"current_hp_per_floor":[75,75,75,80,80,80,80,80,80,80,80,54,53,53,53,12,80,55,34,23,23],"gold":221,"neow_bonus":"THREE_ENEMY_KILL","is_prod":false,"is_daily":false,"chose_seed":false,"campfire_upgraded":3,"win_rate":0,"timestamp":1547387350,"path_taken":["M","?","?","?","M","R","E","R","T","M","?","E","M","?","R","BOSS","M","M","M","$"],"build_version":"2019-01-10","purchased_purges":1,"victory":false,"max_hp_per_floor":[75,75,75,80,80,80,80,80,80,80,80,80,80,80,80,80,80,80,80,80,80],"card_choices":[{"not_picked":["Redo","Reprogram"],"picked":"Capacitor","floor":1},{"not_picked":["Rebound","Stack"],"picked":"Blizzard","floor":5},{"not_picked":["Storm","Ball Lightning"],"picked":"Defragment","floor":7},{"not_picked":["Sweeping Beam","Go for the Eyes","Aggregate"],"picked":"SKIP","floor":10},{"not_picked":["Consume","Recycle","Sweeping Beam"],"picked":"SKIP","floor":12},{"not_picked":["Aggregate","Chaos"],"picked":"Cold Snap","floor":13},{"not_picked":["Thunder Strike","Core Surge"],"picked":"Reboot","floor":16},{"not_picked":["Barrage+1","BootSequence","Leap"],"picked":"SKIP","floor":18},{"not_picked":["Sweeping Beam","Fusion"],"picked":"Cold Snap+1","floor":19},{"not_picked":["Streamline","Beam Cell","Capacitor"],"picked":"SKIP","floor":20}],"player_experience":164040,"relics_obtained":[{"floor":7,"key":"Nunchaku"},{"floor":9,"key":"Whetstone"},{"floor":12,"key":"Bottled Flame"},{"floor":14,"key":"Ornamental Fan"}],"event_choices":[{"cards_removed":["Strike_B"],"damage_healed":0,"gold_gain":0,"player_choice":"Card Removal","damage_taken":0,"max_hp_gain":0,"max_hp_loss":0,"event_name":"The Cleric","floor":2,"gold_loss":50},{"damage_healed":0,"gold_gain":0,"player_choice":"Ignored","damage_taken":0,"max_hp_gain":0,"max_hp_loss":0,"event_name":"Shining Light","floor":3,"gold_loss":0},{"damage_healed":0,"gold_gain":0,"player_choice":"Donut","damage_taken":0,"max_hp_gain":5,"max_hp_loss":0,"event_name":"Big Fish","floor":4,"gold_loss":0},{"cards_removed":["Strike_B"],"damage_healed":0,"gold_gain":0,"player_choice":"Forget","damage_taken":0,"max_hp_gain":0,"max_hp_loss":0,"event_name":"Living Wall","floor":11,"gold_loss":0}],"is_beta":false,"boss_relics":[{"not_picked":["Tiny House","Coffee Dripper"],"picked":"Inserter"}],"items_purged_floors":[21],"is_endless":false,"potions_floor_spawned":[7,13,16,18,19],"ascension_level":0}