{"path_per_floor":["M","M","M","?","$","R","M","R","T","E","R","?","M","?","R","B",null,"M","M","?","$","M","R","M","R","T","M","?","?","M","M","R"],"character_chosen":"THE_SILENT","items_purchased":["Footwork"],"gold_per_floor":[115,127,139,139,58,58,69,69,69,101,101,101,113,77,77,173,173,155,169,169,94,113,113,133,133,185,202,202,202,213,228,228,228],"floor_reached":33,"campfire_rested":2,"playtime":2201,"item_purchase_floors":[5],"current_hp_per_floor":[70,70,70,75,75,75,74,74,74,49,49,34,34,34,34,34,75,66,61,47,47,14,38,35,35,35,33,33,33,20,14,38,0],"items_purged":["Strike_G"],"gold":228,"score":359,"play_id":"8c114c30-15f8-456f-a056-79ceb8082baf","local_time":"20180526032423","is_prod":false,"is_daily":false,"chose_seed":false,"is_ascension_mode":true,"campfire_upgraded":5,"win_rate":0,"timestamp":1527330263,"campfire_choices":[{"data":"Footwork","floor":6,"key":"SMITH"},{"data":"Well Laid Plans","floor":8,"key":"SMITH"},{"data":"Neutralize","floor":11,"key":"SMITH"},{"data":"Deadly Poison","floor":15,"key":"SMITH"},{"floor":23,"key":"REST"},{"data":"Blur","floor":25,"key":"SMITH"},{"floor":32,"key":"REST"}],"path_taken":["M","M","M","?","$","R","M","R","T","E","R","?","M","?","R","BOSS","M","M","?","$","M","R","M","R","T","?","?","?","?","M","R","BOSS"],"build_version":"2018-05-24","seed_source_timestamp":37337184846054,"purchased_purges":1,"victory":false,"master_deck":["Defend_G","Defend_G","Defend_G","Defend_G","Defend_G","Strike_G+1","Strike_G","Strike_G","Strike_G","Survivor","Neutralize+1","Well Laid Plans+1","Blur+1","Dagger Throw+1","Footwork+1","Deadly Poison+1","Poisoned Stab","Deflect+1","Outmaneuver"],"max_hp_per_floor":[70,70,70,75,75,75,75,75,75,75,75,75,75,75,75,75,75,75,75,80,80,80,80,80,80,80,80,80,80,80,80,80,80],"relics":["Ring of the Snake","NeowsBlessing","Matryoshka","Thread and Needle","Orrery","Question Card","Potion Belt"],"card_choices":[{"not_picked":["Expertise","Acrobatics"],"picked":"Well Laid Plans","floor":1},{"not_picked":["Dagger Spray","Predator"],"picked":"Blur","floor":2},{"not_picked":["Cloak And Dagger","Slice"],"picked":"Dagger Throw","floor":3},{"not_picked":["Dash","Dodge and Roll","Finisher"],"picked":"SKIP","floor":7},{"not_picked":["Endless Agony","All Out Attack","Riddle With Holes"],"picked":"SKIP","floor":10},{"not_picked":["Flying Knee","Distraction"],"picked":"Deadly Poison","floor":13},{"not_picked":["Bane","Poisoned Stab","Backstab"],"picked":"SKIP","floor":18},{"not_picked":["Malaise+1","Heel Hook+1","Dash"],"picked":"SKIP","floor":19},{"not_picked":["Quick Slash+1","Choke"],"picked":"Poisoned Stab","floor":22},{"not_picked":["Flying Knee","Dagger Throw"],"picked":"Deflect+1","floor":24},{"not_picked":["Prepared+1","Deadly Poison","Backflip"],"picked":"Outmaneuver","floor":27},{"not_picked":["Cloak And Dagger","Slice","Outmaneuver","Riddle With Holes"],"picked":"SKIP","floor":30},{"not_picked":["Deflect+1","Doppelganger","Distraction","Quick Slash"],"picked":"SKIP","floor":31}],"player_experience":369854,"potions_floor_usage":[10,18,22,22,22,31,33,33,33],"damage_taken":[{"damage":0,"enemies":"Jaw Worm","floor":1,"turns":1},{"damage":0,"enemies":"Small Slimes","floor":2,"turns":1},{"damage":0,"enemies":"2 Louse","floor":3,"turns":1},{"damage":1,"enemies":"2 Fungi Beasts","floor":7,"turns":6},{"damage":25,"enemies":"Gremlin Nob","floor":10,"turns":6},{"damage":0,"enemies":"Blue Slaver","floor":13,"turns":4},{"damage":0,"enemies":"The Guardian","floor":16,"turns":10},{"damage":9,"enemies":"2 Thieves","floor":18,"turns":4},{"damage":5,"enemies":"Spheric Guardian","floor":19,"turns":8},{"damage":33,"enemies":"Chosen and Byrds","floor":22,"turns":9},{"damage":3,"enemies":"Snake Plant","floor":24,"turns":5},{"damage":2,"enemies":"Centurion and Healer","floor":27,"turns":8},{"damage":13,"enemies":"Slaver and Parasite","floor":30,"turns":10},{"damage":6,"enemies":"3 Cultists","floor":31,"turns":7},{"damage":63,"enemies":"Champ","floor":33,"turns":15}],"relics_obtained":[{"floor":9,"key":"Matryoshka"},{"floor":10,"key":"Thread and Needle"},{"floor":26,"key":"Question Card"},{"floor":26,"key":"Potion Belt"}],"event_choices":[{"event_name":"Big Fish","player_choice":"Donut","floor":4,"damage_taken":0},{"event_name":"Shining Light","player_choice":"Entered Light","floor":12,"damage_taken":0},{"event_name":"World of Goop","player_choice":"Left","floor":14,"damage_taken":0},{"event_name":"Forgotten Altar","player_choice":"Shed Blood","floor":20,"damage_taken":0},{"event_name":"Ghosts","player_choice":"Ignored","floor":28,"damage_taken":0},{"event_name":"Drug Dealer","player_choice":"Ignored","floor":29,"damage_taken":0}],"boss_relics":[{"not_picked":["Pandora\u0027s Box","Cursed Key"],"picked":"Orrery"}],"items_purged_floors":[21],"potions_floor_spawned":[1,3,10,16,18,27,30,31],"seed_played":"-3394316126172801210","killed_by":"Champ","ascension_level":4,"potions_obtained":[{"floor":1,"key":"Block Potion"},{"floor":3,"key":"GamblersBrew"},{"floor":10,"key":"Fire Potion"},{"floor":16,"key":"EntropicBrew"},{"floor":18,"key":"SteroidPotion"},{"floor":27,"key":"GhostInAJar"},{"floor":30,"key":"AttackPotion"},{"floor":31,"key":"Ancient Potion"}],"is_trial":false}