{"path_per_floor":["M","?","$","M","?","E","R","M","T","M","T","M","R","$","R","B",null,"M","M","M","$","M","R","E","R","T","R","T","R","?","M","R","B",null,"M","$","M","$","M","R","E","R","T","?","M","R","?","$","R","B"],"character_chosen":"IRONCLAD","items_purchased":["Twin Strike","Flex","Inflame","Shrug It Off","Armaments"],"gold_per_floor":[219,219,72,90,165,196,196,214,214,230,253,264,264,91,91,187,187,198,216,236,111,125,125,152,152,231,231,280,280,280,293,293,396,396,412,169,181,6,24,24,50,50,75,75,95,95,95,95,95,95],"floor_reached":51,"campfire_rested":3,"playtime":5216,"current_hp_per_floor":[80,64,64,69,58,43,43,49,49,54,54,58,58,58,58,42,80,78,80,67,67,44,44,46,46,56,56,56,56,56,63,90,66,90,78,78,86,86,49,49,7,49,49,49,55,55,44,44,86,9],"items_purged":["Strike_R","Strike_R","Strike_R","Strike_R","Defend_R"],"gold":95,"score":668,"play_id":"7f2e6114-cac0-4a98-9aaf-175041de6810","local_time":"20180424175916","is_prod":false,"is_daily":false,"chose_seed":false,"is_ascension_mode":false,"campfire_upgraded":9,"timestamp":1524617956,"path_taken":["M","?","$","M","?","E","R","M","T","M","?","M","R","$","R","BOSS","M","M","M","$","M","R","E","R","T","R","?","R","?","M","R","BOSS","M","$","M","$","M","R","E","R","T","?","M","R","?","$","R","BOSS"],"build_version":"2018-04-19","seed_source_timestamp":181422790418,"purchased_purges":5,"victory":true,"master_deck":["Strike_R+1","Defend_R","Defend_R+1","Defend_R","Bash+1","Iron Wave+1","Twin Strike","Flex+1","Metallicize","Cleave+1","Clash","Battle Trance","Inflame+1","Limit Break+1","Flex+1","Ghostly Armor+1","Heavy Blade+1","Whirlwind+1","Ghostly Armor+1","Body Slam+1","Shrug It Off+1","Armaments","Shockwave+1","Battle Trance+1","Ghostly Armor+1","Madness","Madness"],"max_hp_per_floor":[80,80,80,80,80,80,80,80,80,80,80,80,80,80,80,80,80,80,80,80,80,80,80,80,80,90,90,90,90,90,90,90,90,90,90,90,90,90,90,90,90,90,90,90,90,90,90,90,90,90],"relics":["Burning Blood","Red Skull","Bird Faced Urn","Bag of Preparation","Runic Cube","Matryoshka","Blood Vial","Pear","Oddly Smooth Stone","Regal Pillow","White Beast Statue","Bronze Scales","Juzu Bracelet"],"card_choices":[{"not_picked":["Pummel","Clothesline"],"picked":"Iron Wave","floor":1},{"not_picked":["Warcry","Sever Soul"],"picked":"Metallicize","floor":4},{"not_picked":["Headbutt","Perfected Strike"],"picked":"Cleave","floor":8},{"not_picked":["Corruption","Flex"],"picked":"Clash","floor":10},{"not_picked":["Warcry","Perfected Strike"],"picked":"Battle Trance","floor":12},{"not_picked":["Reaper","Double Tap"],"picked":"Limit Break","floor":16},{"not_picked":["Sever Soul","Rage"],"picked":"Flex","floor":19},{"not_picked":["Thunderclap","Flex"],"picked":"Ghostly Armor","floor":20},{"not_picked":["Sword Boomerang","Clothesline"],"picked":"Heavy Blade","floor":22},{"not_picked":["Twin Strike","Fire Breathing"],"picked":"Whirlwind","floor":24},{"not_picked":["Iron Wave","Corruption"],"picked":"Body Slam","floor":31},{"not_picked":["Flex","Iron Wave"],"picked":"Shockwave","floor":37},{"not_picked":["Searing Blow","Dual Wield"],"picked":"Battle Trance","floor":41},{"not_picked":["Sword Boomerang","Clothesline"],"picked":"Ghostly Armor","floor":45}],"player_experience":15344,"potions_floor_usage":[16,18,20,22,24,33,33,37,39,41,41,50,50],"damage_taken":[{"damage":2,"enemies":"Small Slimes","floor":1,"turns":4},{"damage":1,"enemies":"Jaw Worm","floor":4,"turns":4},{"damage":21,"enemies":"Lagavulin","floor":6,"turns":8},{"damage":0,"enemies":"2 Louse","floor":8,"turns":2},{"damage":3,"enemies":"2 Fungi Beasts","floor":10,"turns":4},{"damage":4,"enemies":"Blue Slaver","floor":12,"turns":3},{"damage":26,"enemies":"Hexaghost","floor":16,"turns":10},{"damage":10,"enemies":"Shell Parasite","floor":18,"turns":5},{"damage":1,"enemies":"Chosen","floor":19,"turns":6},{"damage":19,"enemies":"Centurion and Healer","floor":20,"turns":3},{"damage":31,"enemies":"Slaver and Parasite","floor":22,"turns":7},{"damage":6,"enemies":"Gremlin Leader","floor":24,"turns":3},{"damage":5,"enemies":"Snecko","floor":31,"turns":6},{"damage":30,"enemies":"Collector","floor":33,"turns":9},{"damage":18,"enemies":"3 Darklings","floor":35,"turns":3},{"damage":2,"enemies":"Orb Walker","floor":37,"turns":3},{"damage":47,"enemies":"4 Shapes","floor":39,"turns":3},{"damage":52,"enemies":"2 Orb Walkers","floor":41,"turns":5},{"damage":6,"enemies":"Maw","floor":45,"turns":6},{"damage":87,"enemies":"Awakened One","floor":50,"turns":10}],"event_choices":[{"event_name":"Shining Light","player_choice":"Entered Light","floor":2,"damage_taken":0},{"event_name":"World of Goop","player_choice":"Gather Gold","floor":5,"damage_taken":0},{"event_name":"Duplicator","player_choice":"One dupe","floor":30,"damage_taken":0},{"event_name":"SecretPortal","player_choice":"Rejected Portal.","floor":44,"damage_taken":0},{"event_name":"Winding Halls","player_choice":"Embrace Madness","floor":47,"damage_taken":0}],"boss_relics":[{"not_picked":["Mark of Pain","Runic Dome"],"picked":"Runic Cube"},{"not_picked":["Snecko Eye","Eternal Feather"],"picked":"White Beast Statue"}],"potions_floor_spawned":[1,8,10,16,18,20,22,24,33,35,37,39,41,45],"seed_played":"-7296655916566478297","ascension_level":0,"is_trial":false}