{"gold_per_floor":[113,133,308,326,340,340,374,374,374,409,409,421,421,151,151,247,247,259,277,292,222,235,235,80,80,106,125,125],"floor_reached":28,"playtime":1313,"items_purged":[],"score":253,"play_id":"ba2e8dc8-3385-491f-84b7-8b229b817e69","local_time":"20190627132407","is_ascension_mode":true,"campfire_choices":[{"floor":6,"key":"RECALL"},{"floor":8,"key":"REST"},{"floor":13,"key":"REST"},{"data":"Zap","floor":15,"key":"SMITH"},{"floor":23,"key":"REST"},{"floor":25,"key":"REST"}],"neow_cost":"NONE","seed_source_timestamp":1248604701982672,"circlet_count":0,"master_deck":["Strike_B","Strike_B","Strike_B","Strike_B","Defend_B","Defend_B","Defend_B","Defend_B","Zap+1","Dualcast","Stack","Loop","Doubt","Conserve Battery","Loop","Gash","Blizzard","Echo Form+1","Gash","White Noise","Heatsinks+1","Electrodynamics+1","Auto Shields","Cold Snap+1","Storm+1","Hello World+1","Capacitor+1","Melter+1"],"relics":["Cracked Core","Dream Catcher","Frozen Egg 2","StoneCalendar","Centennial Puzzle","Lee\u0027s Waffle","Fusion Hammer","Regal Pillow"],"potions_floor_usage":[7,19,20,27],"damage_taken":[{"damage":12,"enemies":"Jaw Worm","floor":1,"turns":3},{"damage":0,"enemies":"2 Louse","floor":2,"turns":1},{"damage":1,"enemies":"Cultist","floor":4,"turns":3},{"damage":6,"enemies":"Red Slaver","floor":5,"turns":4},{"damage":26,"enemies":"Gremlin Nob","floor":7,"turns":4},{"damage":49,"enemies":"3 Sentries","floor":10,"turns":10},{"damage":4,"enemies":"Looter","floor":12,"turns":4},{"damage":39,"enemies":"Slime Boss","floor":16,"turns":7},{"damage":28,"enemies":"Spheric Guardian","floor":18,"turns":4},{"damage":30,"enemies":"2 Thieves","floor":19,"turns":3},{"damage":7,"enemies":"Snake Plant","floor":20,"turns":3},{"damage":20,"enemies":"Snecko","floor":22,"turns":4},{"damage":31,"enemies":"Shelled Parasite and Fungi","floor":27,"turns":4},{"damage":41,"enemies":"Slavers","floor":28,"turns":2}],"seed_played":"7607756655394800681","potions_obtained":[{"floor":5,"key":"Fruit Juice"},{"floor":7,"key":"FearPotion"},{"floor":12,"key":"Block Potion"},{"floor":16,"key":"Weak Potion"},{"floor":22,"key":"GamblersBrew"}],"is_trial":false,"path_per_floor":["M","M","?","M","M","R","E","R","T","E","?","M","R","$","R","B",null,"M","M","M","$","M","R","$","R","T","M","E"],"character_chosen":"DEFECT","items_purchased":["Lee\u0027s Waffle","Heatsinks+1","Storm+1","Regal Pillow"],"campfire_rested":4,"item_purchase_floors":[14,14,21,24],"current_hp_per_floor":[63,63,63,62,56,56,35,59,59,10,7,3,27,87,87,48,87,59,29,22,22,2,28,28,69,69,38,0],"gold":125,"neow_bonus":"THREE_CARDS","is_prod":false,"is_daily":false,"chose_seed":false,"campfire_upgraded":1,"win_rate":0,"timestamp":1561656247,"path_taken":["M","M","?","M","M","R","E","R","T","E","?","?","R","$","R","BOSS","M","M","?","$","M","R","?","R","T","M","E"],"build_version":"2019-01-23","purchased_purges":0,"victory":false,"max_hp_per_floor":[75,75,75,75,75,75,80,80,80,80,80,80,80,87,87,87,87,87,87,87,87,87,87,87,87,87,87,87],"card_choices":[{"not_picked":["Rebound","Leap"],"picked":"Stack","floor":1},{"not_picked":["Skim","Compile Driver"],"picked":"Loop","floor":2},{"not_picked":["Barrage","Rip and Tear"],"picked":"Conserve Battery","floor":4},{"not_picked":["Recycle","Ball Lightning"],"picked":"Loop","floor":5},{"not_picked":["Rebound","Lockon"],"picked":"Gash","floor":7},{"not_picked":["Sunder","Darkness"],"picked":"Blizzard","floor":8},{"not_picked":["Compile Driver","Scrape"],"picked":"Echo Form+1","floor":10},{"not_picked":["Beam Cell","Sunder"],"picked":"Gash","floor":12},{"not_picked":["Turbo","Ball Lightning"],"picked":"White Noise","floor":13},{"not_picked":["Buffer+1","Meteor Strike"],"picked":"Electrodynamics+1","floor":16},{"not_picked":["Ball Lightning+1","Leap"],"picked":"Auto Shields","floor":18},{"not_picked":["Leap","Doom and Gloom+1"],"picked":"Cold Snap+1","floor":19},{"not_picked":["Cold Snap+1","Compile Driver","Rip and Tear"],"picked":"SKIP","floor":20},{"not_picked":["Beam Cell","Go for the Eyes"],"picked":"Hello World+1","floor":22},{"not_picked":["Fusion","White Noise"],"picked":"Capacitor+1","floor":23},{"not_picked":["Ball Lightning","Fusion"],"picked":"Melter+1","floor":27}],"player_experience":236333,"relics_obtained":[{"floor":7,"key":"Dream Catcher"},{"floor":9,"key":"Frozen Egg 2"},{"floor":10,"key":"StoneCalendar"}],"event_choices":[{"damage_healed":0,"gold_gain":175,"player_choice":"AGREE","damage_taken":0,"max_hp_gain":0,"max_hp_loss":0,"event_name":"Liars Game","floor":3,"gold_loss":0,"cards_obtained":["Doubt"]},{"damage_healed":0,"gold_gain":0,"player_choice":"Success","damage_taken":3,"relics_obtained":["Centennial Puzzle"],"max_hp_gain":0,"max_hp_loss":0,"event_name":"Scrap Ooze","floor":11,"gold_loss":0}],"is_beta":false,"boss_relics":[{"not_picked":["Sozu","Runic Dome"],"picked":"Fusion Hammer"}],"items_purged_floors":[],"is_endless":false,"potions_floor_spawned":[5,7,12,16,22],"killed_by":"Slavers","ascension_level":2}