{"path_per_floor":["M","M","$","M","M","R","?","R","T","E","R","?","R","M","R","B",null,"M","$","M","M","M","R","E","R","T","?","M","R","M","M","R","B",null,"M","?","?","?","$","R","E","M","T","M","$","M","$","M","R","B"],"character_chosen":"THE_SILENT","items_purchased":["Well Laid Plans","Blur","Kunai","Accuracy","Dagger Throw","Footwork"],"gold_per_floor":[216,235,44,64,78,78,78,78,78,106,106,181,181,200,200,303,303,315,58,74,92,106,106,132,132,187,112,130,130,141,151,151,252,252,267,267,267,267,36,36,66,85,85,96,25,45,45,65,65,65],"floor_reached":51,"campfire_rested":3,"playtime":28816,"item_purchase_floors":[],"current_hp_per_floor":[67,60,60,60,56,56,42,63,63,40,40,29,29,29,29,29,70,64,64,64,64,64,64,62,62,62,62,62,62,21,36,57,57,70,50,50,50,50,50,50,28,28,28,28,28,28,28,28,49,34],"items_purged":["Strike_G","Strike_G"],"gold":65,"score":861,"play_id":"50c142ff-07d2-4868-a51c-0e547eff6619","local_time":"20180526002947","is_prod":false,"is_daily":false,"chose_seed":false,"is_ascension_mode":true,"campfire_upgraded":8,"win_rate":0,"timestamp":1527319787,"campfire_choices":[{"data":"Well Laid Plans","floor":6.0,"key":"SMITH"},{"floor":8.0,"key":"REST"},{"data":"Footwork","floor":11.0,"key":"SMITH"},{"data":"Neutralize","floor":13.0,"key":"SMITH"},{"data":"Deadly Poison","floor":15.0,"key":"SMITH"},{"data":"Outmaneuver","floor":23,"key":"SMITH"},{"data":"Tools of the Trade","floor":25,"key":"SMITH"},{"data":"Sucker Punch","floor":29,"key":"SMITH"},{"floor":32,"key":"REST"},{"data":"Cloak And Dagger","floor":40,"key":"SMITH"},{"floor":49,"key":"REST"}],"path_taken":["M","M","$","M","M","R","?","R","T","E","R","?","R","M","R","BOSS","M","$","M","M","M","R","E","R","T","?","?","R","M","M","R","BOSS","M","?","?","?","$","R","E","M","T","M","?","M","$","M","R","BOSS"],"build_version":"2018-05-24","seed_source_timestamp":0,"purchased_purges":2,"victory":true,"master_deck":["Defend_G+1","Defend_G","Defend_G+1","Defend_G","Strike_G","Survivor+1","Neutralize+1","Deflect+1","Sucker Punch+1","Well Laid Plans+1","Blur","Footwork+1","Deadly Poison+1","Tools of the Trade+1","Outmaneuver+1","Infinite Blades+1","Acrobatics+1","Cloak And Dagger+1","Envenom","Reflex","Backflip","Escape Plan","Accuracy","Dagger Throw","Prepared+1","Outmaneuver","Footwork","Burst","Footwork+1"],"max_hp_per_floor":[70,70,70,70,70,70,70,70,70,70,70,70,70,70,70,70,70,70,70,70,70,70,70,70,70,70,70,70,70,70,70,70,70,70,70,70,70,70,70,70,70,70,70,70,70,70,70,70,70,70],"relics":["Ring of the Snake","Question Card","Ninja Scroll","Sozu","Kunai","War Paint","Bronze Scales","Orrery","Tough Bandages","Bag of Marbles"],"card_choices":[{"not_picked":["Reflex","Slice"],"picked":"Deflect","floor":1.0},{"not_picked":["Slice","Prepared"],"picked":"Sucker Punch","floor":2.0},{"not_picked":["Deflect","Backstab","Dodge and Roll"],"picked":"SKIP","floor":4.0},{"not_picked":["Deflect","Skewer","PiercingWail"],"picked":"SKIP","floor":5.0},{"not_picked":["Deadly Poison","Tactician","Infinite Blades"],"picked":"Footwork","floor":10.0},{"not_picked":["Dagger Throw","Cloak And Dagger","Expertise"],"picked":"Deadly Poison","floor":14.0},{"not_picked":["Night Terror","Envenom","Wraith Form v2"],"picked":"Tools of the Trade","floor":16.0},{"not_picked":["Slice+1","Sucker Punch","Dodge and Roll"],"picked":"Outmaneuver","floor":18},{"not_picked":["Cloak And Dagger","Dodge and Roll","Heel Hook","Quick Slash"],"picked":"SKIP","floor":20},{"not_picked":["Deflect","Dash","Accuracy","Flying Knee"],"picked":"SKIP","floor":21},{"not_picked":["Slice","Heel Hook","Terror"],"picked":"Infinite Blades+1","floor":22},{"not_picked":["Quick Slash","Dagger Throw","Reflex","Glass Knife"],"picked":"SKIP","floor":24},{"not_picked":["Flying Knee+1","Bane","Slice"],"picked":"Acrobatics+1","floor":28},{"not_picked":["Endless Agony","Crippling Poison","Slice","Deadly Poison"],"picked":"SKIP","floor":30},{"not_picked":["Outmaneuver","Backstab+1","PiercingWail"],"picked":"Cloak And Dagger","floor":31},{"not_picked":["Bullet Time","Corpse Explosion","A Thousand Cuts"],"picked":"Envenom","floor":33},{"not_picked":["Eviscerate","Grand Finale","Underhanded Strike"],"picked":"Reflex","floor":34},{"not_picked":["PiercingWail","Outmaneuver","Acrobatics"],"picked":"Backflip","floor":34},{"not_picked":["Concentrate","PiercingWail","Flying Knee"],"picked":"Escape Plan","floor":34},{"not_picked":["Flying Knee+1","Dodge and Roll+1","PiercingWail+1","Phantasmal Killer"],"picked":"SKIP","floor":35},{"not_picked":["Dodge and Roll+1","Grand Finale","Bane"],"picked":"Prepared+1","floor":41},{"not_picked":["Caltrops","Endless Agony+1","Bane"],"picked":"Outmaneuver","floor":42},{"not_picked":["Acrobatics+1","Dodge and Roll+1","Masterful Stab+1","Quick Slash+1"],"picked":"SKIP","floor":44},{"not_picked":["Dagger Spray+1","Escape Plan+1","Bouncing Flask+1"],"picked":"Burst","floor":46},{"not_picked":["Riddle With Holes","Dagger Throw+1","Deadly Poison+1"],"picked":"Footwork+1","floor":48}],"player_experience":332836,"potions_floor_usage":[30,31],"damage_taken":[{"damage":3.0,"enemies":"Jaw Worm","floor":1.0,"turns":5.0},{"damage":7.0,"enemies":"Small Slimes","floor":2.0,"turns":6.0},{"damage":0.0,"enemies":"2 Louse","floor":4.0,"turns":3.0},{"damage":4.0,"enemies":"Looter","floor":5.0,"turns":4.0},{"damage":23.0,"enemies":"Gremlin Nob","floor":10.0,"turns":5.0},{"damage":0.0,"enemies":"Lots of Slimes","floor":14.0,"turns":5.0},{"damage":0.0,"enemies":"The Guardian","floor":16.0,"turns":10.0},{"damage":6,"enemies":"3 Byrds","floor":18,"turns":7},{"damage":0,"enemies":"Chosen","floor":20,"turns":8},{"damage":0,"enemies":"Snake Plant","floor":21,"turns":6},{"damage":0,"enemies":"Centurion and Healer","floor":22,"turns":12},{"damage":2,"enemies":"Book of Stabbing","floor":24,"turns":8},{"damage":0,"enemies":"Sentry and Sphere","floor":28,"turns":9},{"damage":41,"enemies":"Cultist and Chosen","floor":30,"turns":8},{"damage":0,"enemies":"3 Cultists","floor":31,"turns":7},{"damage":0,"enemies":"Champ","floor":33,"turns":17},{"damage":20,"enemies":"3 Darklings","floor":35,"turns":7},{"damage":22,"enemies":"2 Orb Walkers","floor":41,"turns":7},{"damage":0,"enemies":"Orb Walker","floor":42,"turns":4},{"damage":0,"enemies":"Sphere and 2 Shapes","floor":44,"turns":7},{"damage":0,"enemies":"4 Shapes","floor":46,"turns":6},{"damage":0,"enemies":"3 Darklings","floor":48,"turns":6},{"damage":15,"enemies":"Awakened One","floor":50,"turns":16}],"relics_obtained":[{"floor":9.0,"key":"Question Card"},{"floor":10.0,"key":"Ninja Scroll"},{"floor":24,"key":"War Paint"},{"floor":26,"key":"Bronze Scales"},{"floor":41,"key":"Tough Bandages"},{"floor":43,"key":"Bag of Marbles"}],"event_choices":[{"event_name":"Shining Light","player_choice":"Entered Light","floor":7.0,"damage_taken":0.0},{"event_name":"World of Goop","player_choice":"Gather Gold","floor":12.0,"damage_taken":0.0},{"event_name":"Beggar","player_choice":"Gave Gold","floor":27,"damage_taken":0},{"event_name":"Wheel of Change","player_choice":"Card Removal","floor":36,"damage_taken":0},{"event_name":"The Woman in Blue","player_choice":"Bought 0 Potions","floor":38,"damage_taken":0}],"boss_relics":[{"not_picked":["Snecko Eye","Eternal Feather"],"picked":"Sozu"},{"not_picked":["Astrolabe","Lizard Tail"],"picked":"Orrery"}],"items_purged_floors":[],"potions_floor_spawned":[1,4,5,14,16,18,21,22,28,35,42,46,48],"seed_played":"-7670214937417616336","ascension_level":3,"potions_obtained":[{"floor":1.0,"key":"Explosive Potion"},{"floor":4.0,"key":"PowerPotion"},{"floor":5.0,"key":"Poison Potion"},{"floor":14.0,"key":"Poison Potion"},{"floor":16.0,"key":"Regen Potion"}],"is_trial":false}