{"gold_per_floor":[113,129,146,146,146,181,196],"floor_reached":7,"playtime":435,"items_purged":[],"score":66,"play_id":"a6afda3a-d162-47e6-9b3b-9a345b349c50","local_time":"20190903220432","is_ascension_mode":true,"campfire_choices":[],"neow_cost":"NONE","seed_source_timestamp":681913943482600,"circlet_count":0,"master_deck":["Strike_R+1","Strike_R","Strike_R+1","Strike_R","Strike_R","Defend_R","Defend_R","Defend_R","Bash","Battle Trance","Body Slam","Corruption","Whirlwind"],"relics":["Burning Blood","Potion Belt","Whetstone"],"potions_floor_usage":[6],"damage_taken":[{"damage":10,"enemies":"Small Slimes","floor":1,"turns":3},{"damage":6,"enemies":"Cultist","floor":2,"turns":3},{"damage":7,"enemies":"Jaw Worm","floor":3,"turns":3},{"damage":51,"enemies":"Lagavulin","floor":6,"turns":7},{"damage":25,"enemies":"Exordium Thugs","floor":7,"turns":5}],"seed_played":"-8666223142161623809","potions_obtained":[{"floor":2,"key":"SteroidPotion"},{"floor":3,"key":"Dexterity Potion"},{"floor":6,"key":"AttackPotion"},{"floor":7,"key":"GamblersBrew"}],"is_trial":false,"path_per_floor":["M","M","M","?","?","E","M"],"character_chosen":"IRONCLAD","items_purchased":[],"campfire_rested":0,"item_purchase_floors":[],"current_hp_per_floor":[84,84,83,76,76,31,12],"gold":196,"neow_bonus":"TEN_PERCENT_HP_BONUS","is_prod":false,"is_daily":false,"chose_seed":false,"campfire_upgraded":0,"win_rate":0,"timestamp":1567562672,"path_taken":["M","M","M","?","?","E","M"],"build_version":"2019-07-17","purchased_purges":0,"victory":false,"max_hp_per_floor":[88,88,88,88,88,88,88],"card_choices":[{"not_picked":["Wild Strike","Warcry","Headbutt"],"picked":"SKIP","floor":1},{"not_picked":["Wild Strike","Clothesline"],"picked":"Battle Trance","floor":2},{"not_picked":["Sentinel","Spot Weakness"],"picked":"Body Slam","floor":3},{"not_picked":["Evolve","Cleave"],"picked":"Corruption","floor":6},{"not_picked":["Warcry","Sentinel"],"picked":"Whirlwind","floor":7}],"player_experience":372383,"relics_obtained":[{"floor":6,"key":"Whetstone"}],"event_choices":[{"damage_healed":0,"gold_gain":0,"player_choice":"Success","damage_taken":7,"relics_obtained":["Potion Belt"],"max_hp_gain":0,"max_hp_loss":0,"event_name":"Scrap Ooze","floor":4,"gold_loss":0},{"cards_removed":["Defend_R"],"damage_healed":0,"gold_gain":0,"player_choice":"Forget","damage_taken":0,"max_hp_gain":0,"max_hp_loss":0,"event_name":"Living Wall","floor":5,"gold_loss":0}],"is_beta":false,"boss_relics":[],"items_purged_floors":[],"is_endless":false,"potions_floor_spawned":[2,3,6,7],"killed_by":"Exordium Thugs","ascension_level":5}