{"gold_per_floor":[115,129,54,66,66,100,100,126,126,126,139,174,174,93,93,189,189,199,114,35,35,35,35,51,51,75,106,106,124,124,143,143,248,248,248],"floor_reached":35,"playtime":3145,"items_purged":["Injury"],"score":556,"play_id":"faa50113-a0f0-4abb-a945-284897b64ab8","local_time":"20191012200256","is_ascension_mode":true,"campfire_choices":[{"data":"Flex","floor":7.0,"key":"SMITH"},{"floor":10.0,"key":"REST"},{"data":"Twin Strike","floor":13.0,"key":"SMITH"},{"data":"Inflame","floor":15.0,"key":"SMITH"},{"data":"Seeing Red","floor":23.0,"key":"SMITH"},{"data":"Heavy Blade","floor":25.0,"key":"SMITH"},{"data":"Disarm","floor":28.0,"key":"SMITH"},{"data":"Bash","floor":30.0,"key":"SMITH"},{"data":"Pummel","floor":32,"key":"SMITH"}],"neow_cost":"CURSE","seed_source_timestamp":0,"circlet_count":0,"master_deck":["Strike_R","Strike_R","Strike_R","Strike_R","Strike_R","Defend_R","Defend_R","Defend_R","Defend_R","Bash+1","Evolve","Flex+1","Pummel+1","Twin Strike+1","Intimidate+1","Seeing Red+1","Heavy Blade+1","Inflame+1","Offering+1","Disarm+1","Iron Wave","Flame Barrier+1","Blood for Blood","Pommel Strike+1","Reaper"],"special_seed":0,"relics":["Burning Blood","Torii","Letter Opener","Thread and Needle","WingedGreaves","Du-Vu Doll","Runic Pyramid","Pantograph","War Paint","Pear","Snecko Eye"],"potions_floor_usage":[],"damage_taken":[{"damage":7.0,"enemies":"Jaw Worm","floor":1.0,"turns":3.0},{"damage":1.0,"enemies":"Small Slimes","floor":2.0,"turns":4.0},{"damage":1.0,"enemies":"2 Louse","floor":4.0,"turns":4.0},{"damage":22.0,"enemies":"3 Sentries","floor":6.0,"turns":8.0},{"damage":26.0,"enemies":"Gremlin Nob","floor":8.0,"turns":4.0},{"damage":3.0,"enemies":"Gremlin Gang","floor":11.0,"turns":5.0},{"damage":42.0,"enemies":"Lagavulin","floor":12.0,"turns":7.0},{"damage":32.0,"enemies":"The Guardian","floor":16.0,"turns":11.0},{"damage":7.0,"enemies":"Chosen","floor":18.0,"turns":4.0},{"damage":0.0,"enemies":"2 Thieves","floor":21.0,"turns":1.0},{"damage":22.0,"enemies":"Snake Plant","floor":24.0,"turns":3.0},{"damage":7.0,"enemies":"Gremlin Leader","floor":27.0,"turns":6.0},{"damage":6.0,"enemies":"Cultist and Chosen","floor":29.0,"turns":6.0},{"damage":10.0,"enemies":"Centurion and Healer","floor":31.0,"turns":5.0},{"damage":85,"enemies":"Collector","floor":33,"turns":10},{"damage":84,"enemies":"3 Darklings","floor":35,"turns":6}],"seed_played":"-7982885436942262239","potions_obtained":[{"floor":1.0,"key":"Strength Potion"},{"floor":2.0,"key":"SteroidPotion"},{"floor":12.0,"key":"SpeedPotion"},{"floor":16.0,"key":"SmokeBomb"},{"floor":27.0,"key":"ElixirPotion"},{"floor":31.0,"key":"SneckoOil"}],"is_trial":false,"path_per_floor":["M","M","$","M","?","E","R","E","T","R","M","E","R","$","R","B",null,"M","?","$","M","?","R","M","R","T","E","R","M","R","M","R","B",null,"M"],"character_chosen":"IRONCLAD","items_purchased":["Inflame","Feel No Pain"],"campfire_rested":1,"item_purchase_floors":[14,20],"current_hp_per_floor":[71,76,76,80,85,69,69,49,49,74,77,41,41,41,41,15,68,67,67,67,73,73,73,57,57,57,66,66,66,66,62,62,8,73,0],"gold":248,"neow_bonus":"ONE_RARE_RELIC","is_prod":false,"is_daily":false,"chose_seed":false,"campfire_upgraded":8,"win_rate":0.0,"timestamp":1570935776,"path_taken":["M","M","$","M","?","E","R","E","T","R","M","E","R","$","R","BOSS","M","?","$","M","?","R","M","R","T","E","R","?","R","M","R","BOSS","M"],"build_version":"2019-10-11","purchased_purges":1,"victory":false,"max_hp_per_floor":[80,80,80,80,85,85,85,85,85,85,85,85,85,85,85,85,85,85,85,85,85,85,85,85,85,85,95,95,95,95,95,95,95,95,95],"card_choices":[{"not_picked":["Havoc","Shrug It Off"],"picked":"Evolve","floor":1.0},{"not_picked":["Clothesline","Sword Boomerang"],"picked":"Flex","floor":2.0},{"not_picked":["Headbutt","Clothesline"],"picked":"Pummel","floor":4.0},{"not_picked":["Brutality","True Grit"],"picked":"Twin Strike","floor":6.0},{"not_picked":["Anger","Clash"],"picked":"Intimidate","floor":8.0},{"not_picked":["Warcry","Perfected Strike"],"picked":"Seeing Red","floor":11.0},{"not_picked":["Bloodletting","Clash"],"picked":"Heavy Blade","floor":12.0},{"not_picked":["Juggernaut","Brutality"],"picked":"Offering","floor":16.0},{"not_picked":["Headbutt","Twin Strike"],"picked":"Disarm","floor":18.0},{"not_picked":["Twin Strike","Brutality"],"picked":"Iron Wave","floor":24.0},{"not_picked":["Fire Breathing+1","Thunderclap"],"picked":"Flame Barrier+1","floor":27.0},{"not_picked":["Flame Barrier","Sword Boomerang"],"picked":"Blood for Blood","floor":29.0},{"not_picked":["True Grit","Clash+1"],"picked":"Pommel Strike+1","floor":31.0},{"not_picked":["Juggernaut","Bludgeon"],"picked":"Reaper","floor":33}],"player_experience":87234,"relics_obtained":[{"floor":6.0,"key":"Letter Opener"},{"floor":8.0,"key":"Thread and Needle"},{"floor":9.0,"key":"WingedGreaves"},{"floor":12.0,"key":"Du-Vu Doll"},{"floor":26.0,"key":"War Paint"},{"floor":27.0,"key":"Pear"}],"event_choices":[{"damage_healed":0.0,"max_hp_gain":5.0,"max_hp_loss":0.0,"gold_gain":0.0,"event_name":"Big Fish","player_choice":"Donut","floor":5.0,"gold_loss":0.0,"damage_taken":0.0},{"damage_healed":0.0,"max_hp_gain":0.0,"max_hp_loss":0.0,"gold_gain":0.0,"event_name":"Addict","player_choice":"Obtained Relic","floor":19.0,"gold_loss":85.0,"damage_taken":0.0,"relics_obtained":["Pantograph"]},{"cards_removed":["Feel No Pain"],"damage_healed":0.0,"max_hp_gain":0.0,"max_hp_loss":0.0,"gold_gain":0.0,"event_name":"Wheel of Change","player_choice":"Card Removal","floor":22.0,"gold_loss":0.0,"damage_taken":0.0}],"is_beta":true,"boss_relics":[{"not_picked":["Velvet Choker","Eternal Feather"],"picked":"Runic Pyramid"},{"not_picked":["Cursed Key","Busted Crown"],"picked":"Snecko Eye"}],"items_purged_floors":[3],"is_endless":false,"potions_floor_spawned":[1,2,12,16,21,27,31],"killed_by":"3 Darklings","ascension_level":7}