{"gold_per_floor":[110,110,126,226,236,263,263,294,321,157,157,191,203,203,203,306,306,324,334,185,202,202],"floor_reached":22,"playtime":928,"items_purged":[],"score":286,"play_id":"a5d28b38-673e-4b66-b0ac-f45572e8f48f","local_time":"20191013224226","is_ascension_mode":true,"campfire_choices":[{"data":"Double Tap","floor":7,"key":"SMITH"},{"floor":11,"key":"REST"},{"data":"Armaments","floor":15,"key":"SMITH"}],"neow_cost":"NONE","seed_source_timestamp":414276502304200,"circlet_count":0,"master_deck":["Strike_R","Strike_R","Strike_R","Strike_R","Strike_R","Defend_R","Defend_R","Defend_R","Defend_R","Bash+1","Thunderclap","Flame Barrier","Headbutt","Double Tap+1","Armaments+1","Reaper","Blood for Blood","Juggernaut","Disarm+1"],"relics":["Burning Blood","NeowsBlessing","Blood Vial","Strawberry","Boot","Oddly Smooth Stone","Gambling Chip","Mark of Pain","PreservedInsect"],"potions_floor_usage":[6,8],"damage_taken":[{"damage":0,"enemies":"Small Slimes","floor":1,"turns":1},{"damage":0,"enemies":"Cultist","floor":3,"turns":1},{"damage":0,"enemies":"2 Louse","floor":5,"turns":1},{"damage":30,"enemies":"3 Sentries","floor":6,"turns":7},{"damage":48,"enemies":"Lagavulin","floor":8,"turns":7},{"damage":38,"enemies":"3 Sentries","floor":12,"turns":8},{"damage":9,"enemies":"Blue Slaver","floor":13,"turns":5},{"damage":17,"enemies":"The Guardian","floor":16,"turns":14},{"damage":49,"enemies":"Chosen","floor":18,"turns":7},{"damage":17,"enemies":"Spheric Guardian","floor":19,"turns":5},{"damage":19,"enemies":"Snake Plant","floor":21,"turns":4},{"damage":38,"enemies":"Shelled Parasite and Fungi","floor":22,"turns":5}],"seed_played":"2668959963951430015","potions_obtained":[{"floor":1,"key":"SteroidPotion"},{"floor":3,"key":"SneckoOil"},{"floor":12,"key":"SteroidPotion"},{"floor":19,"key":"Weak Potion"}],"is_trial":false,"path_per_floor":["M","?","M","?","M","E","R","E","T","$","R","E","M","?","R","B",null,"M","M","$","M","M"],"character_chosen":"IRONCLAD","items_purchased":["Reaper","PreservedInsect"],"campfire_rested":1,"item_purchase_floors":[10,20],"current_hp_per_floor":[78,78,80,80,80,56,56,23,23,23,49,49,48,48,48,39,75,39,30,30,22,0],"gold":202,"neow_bonus":"THREE_ENEMY_KILL","is_prod":false,"is_daily":false,"chose_seed":false,"campfire_upgraded":2,"win_rate":0,"timestamp":1571031746,"path_taken":["M","?","M","?","M","E","R","E","T","$","R","E","?","?","R","BOSS","M","?","$","M","M"],"build_version":"2019-07-17","purchased_purges":0,"victory":false,"max_hp_per_floor":[80,80,80,80,80,80,80,87,87,87,87,87,87,87,87,87,87,87,87,87,87,87],"card_choices":[{"not_picked":["Perfected Strike","True Grit"],"picked":"Thunderclap","floor":1},{"not_picked":["Fire Breathing","Cleave"],"picked":"Flame Barrier","floor":3},{"not_picked":["Pommel Strike","Infernal Blade"],"picked":"Headbutt","floor":5},{"not_picked":["Sword Boomerang","Wild Strike"],"picked":"Double Tap","floor":6},{"not_picked":["Burning Pact","Havoc"],"picked":"Armaments","floor":8},{"not_picked":["Shockwave","Perfected Strike"],"picked":"Blood for Blood","floor":12},{"not_picked":["Sever Soul","Warcry","Blood for Blood"],"picked":"SKIP","floor":13},{"not_picked":["Impervious","Barricade"],"picked":"Juggernaut","floor":16},{"not_picked":["Clash+1","Anger","Headbutt"],"picked":"SKIP","floor":18},{"not_picked":["Flame Barrier","Headbutt","Bloodletting"],"picked":"SKIP","floor":19},{"not_picked":["Clash","Havoc+1"],"picked":"Disarm+1","floor":21}],"player_experience":3759634,"relics_obtained":[{"floor":6,"key":"Blood Vial"},{"floor":8,"key":"Strawberry"},{"floor":9,"key":"Boot"},{"floor":12,"key":"Oddly Smooth Stone"}],"event_choices":[{"damage_healed":0,"gold_gain":0,"player_choice":"Grow","damage_taken":0,"max_hp_gain":0,"max_hp_loss":0,"event_name":"Living Wall","floor":2,"gold_loss":0,"cards_upgraded":["Bash"]},{"damage_healed":0,"gold_gain":100,"player_choice":"Pray","damage_taken":0,"max_hp_gain":0,"max_hp_loss":0,"event_name":"Golden Shrine","floor":4,"gold_loss":0},{"damage_healed":0,"gold_gain":0,"player_choice":"Gave Potion","damage_taken":0,"relics_obtained":["Gambling Chip"],"max_hp_gain":0,"max_hp_loss":0,"event_name":"WeMeetAgain","floor":14,"gold_loss":0}],"is_beta":false,"boss_relics":[{"not_picked":["Empty Cage","Busted Crown"],"picked":"Mark of Pain"}],"items_purged_floors":[],"is_endless":false,"potions_floor_spawned":[1,3,12,19],"killed_by":"Shelled Parasite and Fungi","ascension_level":8}