{"gold_per_floor":[210,229,304,320,320,320,353,353,380,405,405,405],"floor_reached":12,"playtime":461,"items_purged":[],"score":103,"play_id":"d50ac683-052e-4c4e-89d0-6b1bda7a7f52","local_time":"20190805212809","is_ascension_mode":true,"campfire_choices":[{"data":"Cloak And Dagger","floor":6,"key":"SMITH"},{"floor":8,"key":"REST"}],"neow_cost":"NONE","seed_source_timestamp":616923537062037,"circlet_count":0,"master_deck":["Strike_G","Strike_G","Strike_G","Strike_G","Strike_G","Defend_G","Defend_G","Defend_G","Defend_G","Defend_G","Survivor","Neutralize","Cloak And Dagger+1","Finisher","Backflip","Cloak And Dagger","Infinite Blades"],"relics":["Ring of the Snake","Potion Belt","Happy Flower","Pen Nib"],"potions_floor_usage":[],"damage_taken":[{"damage":1,"enemies":"Small Slimes","floor":1,"turns":4},{"damage":0,"enemies":"2 Louse","floor":2,"turns":3},{"damage":0,"enemies":"Cultist","floor":4,"turns":3},{"damage":44,"enemies":"Gremlin Nob","floor":7,"turns":5},{"damage":24,"enemies":"3 Sentries","floor":10,"turns":9},{"damage":19,"enemies":"Lagavulin","floor":12,"turns":5}],"seed_played":"8315747966768655770","potions_obtained":[{"floor":10,"key":"SpeedPotion"}],"is_trial":false,"path_per_floor":["M","M","?","M","?","R","E","R","T","E","?","E"],"character_chosen":"THE_SILENT","items_purchased":[],"campfire_rested":1,"item_purchase_floors":[],"current_hp_per_floor":[69,69,58,58,58,58,14,35,35,11,11,0],"gold":405,"neow_bonus":"HUNDRED_GOLD","is_prod":false,"is_daily":false,"chose_seed":false,"campfire_upgraded":1,"win_rate":0,"timestamp":1565065689,"path_taken":["M","M","?","M","?","R","E","R","T","E","?","E"],"build_version":"2019-07-17","purchased_purges":0,"victory":false,"max_hp_per_floor":[70,70,70,70,70,70,70,70,70,70,70,70],"card_choices":[{"not_picked":["Quick Slash","Dagger Spray"],"picked":"Cloak And Dagger","floor":1},{"not_picked":["Dodge and Roll","Dagger Spray"],"picked":"Finisher","floor":2},{"not_picked":["Poisoned Stab","Dash"],"picked":"Backflip","floor":4},{"not_picked":["Acrobatics","Flying Knee"],"picked":"Cloak And Dagger","floor":7},{"not_picked":["Dodge and Roll","Bane"],"picked":"Infinite Blades","floor":10}],"player_experience":2532760,"relics_obtained":[{"floor":7,"key":"Potion Belt"},{"floor":9,"key":"Happy Flower"},{"floor":10,"key":"Pen Nib"}],"event_choices":[{"damage_healed":0,"gold_gain":75,"player_choice":"Gather Gold","damage_taken":11,"max_hp_gain":0,"max_hp_loss":0,"event_name":"World of Goop","floor":3,"gold_loss":0},{"damage_healed":0,"gold_gain":0,"player_choice":"Ignored","damage_taken":0,"max_hp_gain":0,"max_hp_loss":0,"event_name":"Liars Game","floor":5,"gold_loss":0},{"damage_healed":0,"gold_gain":0,"player_choice":"Ignored","damage_taken":0,"max_hp_gain":0,"max_hp_loss":0,"event_name":"Golden Wing","floor":11,"gold_loss":0}],"is_beta":false,"boss_relics":[],"items_purged_floors":[],"is_endless":false,"potions_floor_spawned":[10],"killed_by":"Lagavulin","ascension_level":4}