{"gold_per_floor":[109,34,109,35,35,35,68,68,68,68,243,281,108,126,126,246,246,294,307,282,282,197,270,270,94,94,109,153,203,203,274,274,427,427,502,602,678,757,807,151,151,217,217,288,366,366,435,0,0,0],"floor_reached":51,"playtime":3712,"items_purged":["Alpha","Doubt","Eruption"],"score":1274,"play_id":"718c0b03-d6b0-49b6-bbac-014e1de663d7","local_time":"20191009112746","is_ascension_mode":true,"campfire_choices":[{"floor":6,"key":"REST"},{"data":"Omniscience","floor":8,"key":"SMITH"},{"data":"Alpha","floor":15,"key":"SMITH"},{"data":"DevaForm","floor":24,"key":"SMITH"},{"floor":30,"key":"REST"},{"data":"Collect","floor":32,"key":"SMITH"},{"data":"Wish","floor":41,"key":"SMITH"},{"data":"Protect","floor":46,"key":"SMITH"},{"floor":49,"key":"REST"}],"neow_cost":"NONE","seed_source_timestamp":177560264802400,"circlet_count":0,"master_deck":["Vigilance","Nirvana","Wish+1","Alpha+1","BattleHymn","Collect+1","Omniscience+1","EmptyFist+1","Sanctity","Wireheading","WheelKick+1","DevaForm+1","SandsOfTime","ThirdEye+1","Secret Technique","Sanctity","DeceiveReality","Wish+1","InnerPeace","Meditate+1","Protect+1","Evaluate+1","Protect+1"],"relics":["Pandora\u0027s Box","Golden Idol","CloakClasp","Turnip","Bag of Preparation","Snecko Eye","War Paint","Bird Faced Urn","Potion Belt","Whetstone","Yang","Philosopher\u0027s Stone","Incense Burner","Pantograph","FossilizedHelix","Lantern","White Beast Statue","Prayer Wheel","Red Mask"],"potions_floor_usage":[18,28,37,42,47,50,50,50,50],"damage_taken":[{"damage":11,"enemies":"Jaw Worm","floor":1,"turns":3},{"damage":22,"enemies":"3 Sentries","floor":7,"turns":3},{"damage":0,"enemies":"Lagavulin","floor":12,"turns":4},{"damage":0,"enemies":"Small Slimes","floor":14,"turns":6},{"damage":0,"enemies":"Slime Boss","floor":16,"turns":3},{"damage":0,"enemies":"2 Thieves","floor":18,"turns":1},{"damage":0,"enemies":"Spheric Guardian","floor":19,"turns":2},{"damage":18,"enemies":"Book of Stabbing","floor":23,"turns":3},{"damage":0,"enemies":"Snecko","floor":27,"turns":1},{"damage":7,"enemies":"Slavers","floor":28,"turns":2},{"damage":19,"enemies":"Snake Plant","floor":29,"turns":4},{"damage":12,"enemies":"Gremlin Leader","floor":31,"turns":4},{"damage":15,"enemies":"Collector","floor":33,"turns":4},{"damage":1,"enemies":"Orb Walker","floor":35,"turns":3},{"damage":0,"enemies":"3 Shapes","floor":37,"turns":2},{"damage":8,"enemies":"Maw","floor":38,"turns":4},{"damage":13,"enemies":"Writhing Mass","floor":39,"turns":5},{"damage":29,"enemies":"Nemesis","floor":42,"turns":5},{"damage":0,"enemies":"Giant Head","floor":44,"turns":7},{"damage":11,"enemies":"3 Darklings","floor":45,"turns":4},{"damage":6,"enemies":"2 Orb Walkers","floor":47,"turns":6},{"damage":0,"enemies":"Awakened One","floor":50,"turns":7}],"seed_played":"8150483605005513618","potions_obtained":[{"floor":12,"key":"EssenceOfSteel"},{"floor":18,"key":"Weak Potion"},{"floor":19,"key":"Swift Potion"},{"floor":29,"key":"Dexterity Potion"},{"floor":31,"key":"BottledMiracle"},{"floor":37,"key":"Energy Potion"},{"floor":44,"key":"Ancient Potion"},{"floor":45,"key":"Strength Potion"},{"floor":47,"key":"PowerPotion"}],"is_trial":false,"path_per_floor":["M","$","?","$","?","R","E","R","T","?","?","E","$","M","R","B",null,"M","M","$","?","?","E","R","$","T","M","E","M","R","E","R","B",null,"M","?","M","M","M","$","R","E","T","E","M","R","?","?","R","B",null],"character_chosen":"WATCHER","items_purchased":["Regen Potion","GamblersBrew","ThirdEye","Secret Technique","Incense Burner","Pantograph"],"campfire_rested":3,"item_purchase_floors":[4,13,20,25,40,40],"current_hp_per_floor":[54,54,43,43,43,63,41,41,41,63,63,63,63,63,63,63,66,66,66,66,66,66,48,48,48,48,52,53,40,60,56,56,53,64,67,67,67,63,62,62,62,44,44,56,53,53,57,57,67,67],"gold":0,"neow_bonus":"BOSS_RELIC","is_prod":false,"is_daily":false,"chose_seed":false,"campfire_upgraded":6,"win_rate":0,"timestamp":1570638466,"path_taken":["M","$","?","$","?","R","E","R","T","?","?","E","$","M","R","BOSS","M","M","$","?","?","E","R","$","T","M","E","M","R","E","R","BOSS","M","?","M","M","?","$","R","E","T","E","M","R","?","?","R","BOSS"],"build_version":"2019-10-08","purchased_purges":3,"victory":true,"max_hp_per_floor":[72,72,72,72,67,67,67,67,67,67,67,67,67,67,67,67,67,67,67,67,67,67,67,67,67,67,67,67,67,67,67,67,67,67,67,67,67,67,67,67,67,67,67,67,67,67,67,67,67,67],"card_choices":[{"not_picked":["Prostrate","ClearTheMind"],"picked":"EmptyFist","floor":1},{"not_picked":["WreathOfFlame","Consecrate"],"picked":"Sanctity","floor":7},{"not_picked":["Sanctity","CarveReality"],"picked":"Wireheading","floor":12},{"not_picked":["Indignation","SashWhip"],"picked":"WheelKick","floor":14},{"not_picked":["LessonLearned","DeusExMachina"],"picked":"DevaForm","floor":16},{"not_picked":["FlyingSleeves+1","BowlingBash","CutThroughFate+1"],"picked":"SKIP","floor":18},{"not_picked":["BowlingBash","Prostrate"],"picked":"SandsOfTime","floor":19},{"not_picked":["CarveReality","Consecrate","Fasting2"],"picked":"SKIP","floor":23},{"not_picked":["CutThroughFate","BowlingBash","FlyingSleeves"],"picked":"SKIP","floor":27},{"not_picked":["LessonLearned","ForeignInfluence"],"picked":"Sanctity","floor":28},{"not_picked":["Fasting2","EmptyFist"],"picked":"DeceiveReality","floor":29},{"not_picked":["Prostrate","FlyingSleeves","BowlingBash"],"picked":"SKIP","floor":31},{"not_picked":["Establishment","Brilliance"],"picked":"Wish","floor":33},{"not_picked":["Flick+1","FlyingSleeves"],"picked":"InnerPeace","floor":35},{"not_picked":["TalkToTheHand+1","Pray+1","CutThroughFate+1"],"picked":"SKIP","floor":37},{"not_picked":["SashWhip","SpiritShield+1","Nirvana"],"picked":"SKIP","floor":38},{"not_picked":["Crescendo","FollowUp+1"],"picked":"Meditate+1","floor":39},{"not_picked":["Devotion","Establishment","BowlingBash"],"picked":"SKIP","floor":42},{"not_picked":["BowlingBash+1","WaveOfTheHand+1"],"picked":"Protect","floor":44},{"not_picked":["Crescendo+1","WheelKick+1"],"picked":"Evaluate+1","floor":45},{"not_picked":["Crescendo+1","Tantrum"],"picked":"Protect+1","floor":47}],"player_experience":426548,"relics_obtained":[{"floor":7,"key":"CloakClasp"},{"floor":9,"key":"Turnip"},{"floor":12,"key":"Bag of Preparation"},{"floor":23,"key":"Bird Faced Urn"},{"floor":26,"key":"Potion Belt"},{"floor":28,"key":"Whetstone"},{"floor":31,"key":"Yang"},{"floor":42,"key":"FossilizedHelix"},{"floor":43,"key":"Lantern"},{"floor":44,"key":"White Beast Statue"},{"floor":47,"key":"Prayer Wheel"}],"event_choices":[{"damage_healed":0,"gold_gain":75,"player_choice":"Gather Gold","damage_taken":11,"max_hp_gain":0,"max_hp_loss":0,"event_name":"World of Goop","floor":3,"gold_loss":0},{"damage_healed":0,"gold_gain":0,"player_choice":"Lose Max HP","damage_taken":0,"relics_obtained":["Golden Idol"],"max_hp_gain":0,"max_hp_loss":5,"event_name":"Golden Idol","floor":5,"gold_loss":0},{"damage_healed":22,"gold_gain":0,"player_choice":"Banana","damage_taken":0,"max_hp_gain":0,"max_hp_loss":0,"event_name":"Big Fish","floor":10,"gold_loss":0},{"damage_healed":0,"gold_gain":175,"player_choice":"AGREE","damage_taken":0,"max_hp_gain":0,"max_hp_loss":0,"event_name":"Liars Game","floor":11,"gold_loss":0,"cards_obtained":["Doubt"]},{"cards_removed":["Scrawl"],"damage_healed":0,"gold_gain":0,"player_choice":"Elegance","damage_taken":0,"max_hp_gain":0,"max_hp_loss":0,"event_name":"Back to Basics","floor":21,"gold_loss":0},{"damage_healed":0,"gold_gain":0,"player_choice":"Obtained Relic","damage_taken":0,"relics_obtained":["War Paint"],"max_hp_gain":0,"max_hp_loss":0,"event_name":"Addict","floor":22,"gold_loss":85},{"damage_healed":0,"gold_gain":100,"player_choice":"Pray","damage_taken":0,"max_hp_gain":0,"max_hp_loss":0,"event_name":"Golden Shrine","floor":36,"gold_loss":0},{"damage_healed":0,"gold_gain":0,"player_choice":"Fight","damage_taken":0,"max_hp_gain":0,"max_hp_loss":0,"event_name":"Mysterious Sphere","floor":47,"gold_loss":0},{"damage_healed":0,"gold_gain":0,"player_choice":"Paid","damage_taken":0,"relics_obtained":["Red Mask"],"max_hp_gain":0,"max_hp_loss":0,"event_name":"Tomb of Lord Red Mask","floor":48,"gold_loss":435}],"is_beta":true,"boss_relics":[{"not_picked":["SlaversCollar","Tiny House"],"picked":"Snecko Eye"},{"not_picked":["Astrolabe","Calling Bell"],"picked":"Philosopher\u0027s Stone"}],"items_purged_floors":[2,13,40],"is_endless":false,"potions_floor_spawned":[12,18,19,29,31,37,44,45,47],"ascension_level":8}