{"gold_per_floor":[116,129,146,321,75,75,101,101,101,101,113,131,165,25,25,129,129,139,174,184,99,99,99,116,116,143,160,160,172,7,40,40,145,145,161,175,175],"floor_reached":37,"playtime":1954,"items_purged":["Doubt","Strike_B"],"score":636,"play_id":"d3df4862-055d-4197-a3c7-9ed0cc0327f2","local_time":"20191015104722","is_ascension_mode":true,"campfire_choices":[{"data":"Streamline","floor":6,"key":"SMITH"},{"data":"Static Discharge","floor":8,"key":"SMITH"},{"data":"Sweeping Beam","floor":10,"key":"SMITH"},{"data":"Defragment","floor":15,"key":"SMITH"},{"data":"Genetic Algorithm","floor":23,"key":"SMITH"},{"data":"Hologram","floor":25,"key":"SMITH"},{"data":"Apotheosis","floor":32,"key":"SMITH"}],"neow_cost":"NONE","seed_source_timestamp":332791781189200,"circlet_count":0,"master_deck":["AscendersBane","Strike_B","Strike_B","Defend_B","Defend_B","Defend_B","Defend_B","Zap","Dualcast","Scrape","Ball Lightning","Sweeping Beam+1","Streamline+1","Conserve Battery","Static Discharge+1","Coolheaded","Hologram+1","Ball Lightning","Defragment+1","Thunder Strike","Conserve Battery+1","Cold Snap","Genetic Algorithm+1","Barrage","Auto Shields","Redo+1","Apotheosis+1","Amplify","Echo Form","CurseOfTheBell","Coolheaded+1","Seek"],"relics":["Cracked Core","MealTicket","Incense Burner","Sundial","Gambling Chip","Runic Pyramid","Nunchaku","Nloth\u0027s Gift","Bronze Scales","Juzu Bracelet","Calling Bell","Art of War","Gremlin Horn","Calipers"],"potions_floor_usage":[13,18,19,24,27,27],"damage_taken":[{"damage":8,"enemies":"Jaw Worm","floor":1,"turns":4},{"damage":0,"enemies":"2 Louse","floor":2,"turns":3},{"damage":1,"enemies":"Cultist","floor":3,"turns":3},{"damage":24,"enemies":"Gremlin Nob","floor":7,"turns":4},{"damage":11,"enemies":"Exordium Wildlife","floor":11,"turns":2},{"damage":8,"enemies":"Large Slime","floor":12,"turns":4},{"damage":10,"enemies":"3 Sentries","floor":13,"turns":7},{"damage":7,"enemies":"Hexaghost","floor":16,"turns":7},{"damage":1,"enemies":"Spheric Guardian","floor":18,"turns":3},{"damage":14,"enemies":"Masked Bandits","floor":19,"turns":2},{"damage":0,"enemies":"Chosen","floor":20,"turns":4},{"damage":0,"enemies":"Centurion and Healer","floor":24,"turns":7},{"damage":14,"enemies":"Snecko","floor":27,"turns":6},{"damage":3,"enemies":"Snake Plant","floor":29,"turns":4},{"damage":0,"enemies":"Gremlin Leader","floor":31,"turns":7},{"damage":19,"enemies":"Champ","floor":33,"turns":11},{"damage":14,"enemies":"3 Shapes","floor":35,"turns":6},{"damage":12,"enemies":"3 Darklings","floor":36,"turns":4},{"damage":47,"enemies":"2 Orb Walkers","floor":37,"turns":3}],"seed_played":"-4237595938276706721","potions_obtained":[{"floor":1,"key":"Weak Potion"},{"floor":2,"key":"SpeedPotion"},{"floor":13,"key":"Energy Potion"},{"floor":16,"key":"Weak Potion"},{"floor":18,"key":"Regen Potion"},{"floor":20,"key":"Strength Potion"},{"floor":24,"key":"LiquidMemories"}],"is_trial":false,"path_per_floor":["M","M","M","?","$","R","E","R","T","R","M","M","E","$","R","B",null,"M","?","M","?","?","R","M","R","T","M","$","M","$","E","R","B",null,"M","M","?"],"character_chosen":"DEFECT","items_purchased":["MealTicket","Conserve Battery","Defragment","Apotheosis"],"campfire_rested":0,"item_purchase_floors":[5,5,14,30],"current_hp_per_floor":[60,60,59,59,59,59,35,35,35,35,24,16,6,21,21,14,60,59,54,54,54,54,54,54,54,54,40,55,52,67,67,67,48,68,54,42,0],"gold":175,"neow_bonus":"TRANSFORM_CARD","is_prod":false,"is_daily":false,"chose_seed":false,"campfire_upgraded":7,"win_rate":0,"timestamp":1571154442,"path_taken":["M","M","M","?","$","R","E","R","T","R","M","M","E","$","R","BOSS","M","?","M","?","?","R","M","R","T","M","$","?","$","E","R","BOSS","M","M","?"],"build_version":"2019-10-14","purchased_purges":2,"victory":false,"max_hp_per_floor":[75,75,75,75,75,75,75,75,75,75,75,75,75,75,75,75,75,75,75,75,75,75,75,75,75,75,75,75,75,75,75,75,75,75,75,75,75],"card_choices":[{"not_picked":["Self Repair","Tempest"],"picked":"Ball Lightning","floor":1},{"not_picked":["White Noise","Rebound"],"picked":"Sweeping Beam","floor":2},{"not_picked":["Sweeping Beam","Hologram"],"picked":"Streamline","floor":3},{"not_picked":["Leap","Consume"],"picked":"Static Discharge","floor":7},{"not_picked":["Gash","Compile Driver"],"picked":"Coolheaded","floor":11},{"not_picked":["Meteor Strike","Leap"],"picked":"Hologram","floor":12},{"not_picked":["Multi-Cast","Streamline"],"picked":"Ball Lightning","floor":13},{"not_picked":["Reboot","All For One"],"picked":"Thunder Strike","floor":16},{"not_picked":["Turbo","Go for the Eyes"],"picked":"Conserve Battery+1","floor":18},{"not_picked":["Beam Cell","Conserve Battery"],"picked":"Cold Snap","floor":19},{"not_picked":["Rebound+1","Defragment"],"picked":"Genetic Algorithm","floor":20},{"not_picked":["Fusion","Thunder Strike"],"picked":"Barrage","floor":24},{"not_picked":["Reprogram","Storm+1"],"picked":"Auto Shields","floor":27},{"not_picked":["Streamline","Leap"],"picked":"Redo+1","floor":29},{"not_picked":["FTL+1","Undo"],"picked":"Amplify","floor":31},{"not_picked":["Buffer","Amplify"],"picked":"Echo Form","floor":33},{"not_picked":["Darkness+1","Melter+1"],"picked":"Coolheaded+1","floor":35},{"not_picked":["Beam Cell","Stack+1"],"picked":"Seek","floor":36}],"player_experience":503539,"relics_obtained":[{"floor":7,"key":"Incense Burner"},{"floor":9,"key":"Sundial"},{"floor":13,"key":"Gambling Chip"},{"floor":19,"key":"Red Mask"},{"floor":26,"key":"Bronze Scales"},{"floor":31,"key":"Juzu Bracelet"},{"floor":34,"key":"Art of War"},{"floor":34,"key":"Gremlin Horn"},{"floor":34,"key":"Calipers"}],"event_choices":[{"damage_healed":0,"gold_gain":175,"player_choice":"AGREE","damage_taken":0,"max_hp_gain":0,"max_hp_loss":0,"event_name":"Liars Game","floor":4,"gold_loss":0,"cards_obtained":["Doubt"]},{"damage_healed":0,"gold_gain":0,"player_choice":"Fought Bandits","damage_taken":0,"max_hp_gain":0,"max_hp_loss":0,"event_name":"Masked Bandits","floor":19,"gold_loss":0},{"damage_healed":0,"gold_gain":0,"player_choice":"Obtained Relic","damage_taken":0,"relics_obtained":["Nunchaku"],"max_hp_gain":0,"max_hp_loss":0,"event_name":"Addict","floor":21,"gold_loss":85},{"damage_healed":0,"gold_gain":0,"player_choice":"Traded Relic","damage_taken":0,"relics_obtained":["Nloth\u0027s Gift"],"max_hp_gain":0,"max_hp_loss":0,"event_name":"N\u0027loth","floor":22,"relics_lost":["Red Mask"],"gold_loss":0},{"damage_healed":0,"gold_gain":0,"player_choice":"Fight","damage_taken":0,"max_hp_gain":0,"max_hp_loss":0,"event_name":"Mysterious Sphere","floor":37,"gold_loss":0}],"is_beta":true,"boss_relics":[{"not_picked":["Empty Cage","FrozenCore"],"picked":"Runic Pyramid"},{"not_picked":["Astrolabe","Nuclear Battery"],"picked":"Calling Bell"}],"items_purged_floors":[5,14],"is_endless":false,"potions_floor_spawned":[1,2,13,16,18,20,24],"killed_by":"2 Orb Walkers","ascension_level":10}