{"path_per_floor":["M","M","?","M","?","R","?","E","T","R","M","R","T","$","R","B",null,"M","?","$","M","M","R"],"character_chosen":"IRONCLAD","items_purchased":["Flex","Iron Wave"],"gold_per_floor":[115,132,132,150,150,150,100,134,161,161,176,176,176,55,55,160,160,177,177,26,36,46,46,46],"floor_reached":24,"campfire_rested":1,"playtime":1604,"current_hp_per_floor":[80,79,84,85,85,85,85,61,61,61,53,53,53,53,53,59,85,79,63,63,60,43,70,0],"items_purged":["Strike_R","Strike_R"],"gold":46,"score":244,"play_id":"ec88dede-3666-4c32-9b7c-1b2e6b8440dc","local_time":"20180426210943","is_prod":false,"is_daily":false,"chose_seed":false,"is_ascension_mode":false,"campfire_upgraded":4,"timestamp":1524802183,"path_taken":["M","M","?","M","?","R","?","E","T","R","M","R","?","$","R","BOSS","M","?","$","M","M","R","E"],"build_version":"2018-04-26","seed_source_timestamp":12260125028643,"purchased_purges":2,"victory":false,"master_deck":["Strike_R","Defend_R","Defend_R+1","Defend_R+1","Defend_R","Bash","Inflame","Headbutt+1","Evolve+1","Body Slam+1","Spot Weakness","Battle Trance","Twin Strike","Flex+1","Reaper","Twin Strike","Iron Wave","Body Slam+1"],"max_hp_per_floor":[80,80,85,85,85,85,85,85,85,85,85,85,85,85,85,85,85,85,90,90,90,90,90,90],"relics":["Burning Blood","Prayer Wheel","War Paint","Dodecahedron","Black Star"],"card_choices":[{"not_picked":["Iron Wave","Flex"],"picked":"Inflame","floor":1},{"not_picked":["Twin Strike","Thunderclap"],"picked":"Headbutt","floor":2},{"not_picked":["Uppercut","Wild Strike"],"picked":"Evolve","floor":4},{"not_picked":["Evolve","Entrench"],"picked":"Body Slam","floor":8},{"not_picked":["Perfected Strike","Clothesline"],"picked":"Spot Weakness","floor":9},{"not_picked":["Flex","Burning Pact"],"picked":"Battle Trance","floor":11},{"not_picked":["Clothesline","Battle Trance"],"picked":"Twin Strike","floor":13},{"not_picked":["Berserk","Fiend Fire"],"picked":"Reaper","floor":16},{"not_picked":["Hemokinesis","Thunderclap"],"picked":"Twin Strike","floor":18},{"not_picked":["Disarm","Anger"],"picked":"Body Slam","floor":21}],"player_experience":46335,"potions_floor_usage":[18],"damage_taken":[{"damage":5,"enemies":"Jaw Worm","floor":1,"turns":5},{"damage":7,"enemies":"2 Louse","floor":2,"turns":3},{"damage":1,"enemies":"Cultist","floor":4,"turns":3},{"damage":30,"enemies":"3 Sentries","floor":8,"turns":8},{"damage":14,"enemies":"3 Louse","floor":11,"turns":4},{"damage":0,"enemies":"Slime Boss","floor":16,"turns":5},{"damage":12,"enemies":"3 Byrds","floor":18,"turns":5},{"damage":9,"enemies":"Chosen","floor":21,"turns":6},{"damage":33,"enemies":"Snake Plant","floor":22,"turns":4},{"damage":91,"enemies":"Gremlin Leader","floor":24,"turns":7}],"event_choices":[{"event_name":"Big Fish","player_choice":"Donut","floor":3,"damage_taken":0},{"event_name":"Living Wall","player_choice":"Forget","floor":5,"damage_taken":0},{"event_name":"The Cleric","player_choice":"Card Removal","floor":7,"damage_taken":0},{"event_name":"Forgotten Altar","player_choice":"Shed Blood","floor":19,"damage_taken":0}],"boss_relics":[{"not_picked":["Snecko Eye","Eternal Feather"],"picked":"Black Star"}],"potions_floor_spawned":[2,8],"seed_played":"1343019170291516715","killed_by":"Gremlin Leader","ascension_level":0,"is_trial":false}