{"gold_per_floor":[111,111,131,81,101,135,135,179,179,220,220,220,233,233,233,353,353,376,392,317,232,232,232,270,294,368,368,368,368,431,447,447,447],"floor_reached":33,"playtime":3702,"items_purged":[],"score":361,"play_id":"fe115013-af4a-4e7c-b441-0410a8332162","local_time":"20190810151925","is_ascension_mode":true,"campfire_choices":[{"floor":7.0,"key":"REST"},{"floor":11.0,"key":"REST"},{"floor":15.0,"key":"REST"},{"floor":23,"key":"REST"},{"floor":27,"key":"REST"},{"floor":29,"key":"REST"},{"floor":32,"key":"REST"}],"neow_cost":"NONE","seed_source_timestamp":12910229157673,"circlet_count":0,"master_deck":["Strike_R","Strike_R","Strike_R","Defend_R","Defend_R","Defend_R","Defend_R","Bash","Heavy Blade","Perfected Strike","Spot Weakness","Dropkick","Evolve+1","Pommel Strike","Flame Barrier","Limit Break","Sentinel","Feel No Pain+1","Ghostly Armor+1","Metallicize+1","Writhe","True Grit+1","Shockwave+1"],"special_seed":0,"relics":["Burning Blood","NeowsBlessing","Golden Idol","Frozen Egg 2","Bronze Scales","Pear","Meat on the Bone","GremlinMask","Sozu","Centennial Puzzle","Toxic Egg 2","Self Forming Clay","PreservedInsect","Tiny Chest"],"potions_floor_usage":[24],"damage_taken":[{"damage":0.0,"enemies":"Cultist","floor":1.0,"turns":1.0},{"damage":0.0,"enemies":"Jaw Worm","floor":3.0,"turns":1.0},{"damage":0.0,"enemies":"2 Louse","floor":5.0,"turns":1.0},{"damage":32.0,"enemies":"Gremlin Nob","floor":6.0,"turns":4.0},{"damage":50.0,"enemies":"3 Sentries","floor":8.0,"turns":7.0},{"damage":42.0,"enemies":"Lagavulin","floor":10.0,"turns":6.0},{"damage":11.0,"enemies":"Exordium Thugs","floor":13.0,"turns":4.0},{"damage":64.0,"enemies":"Hexaghost","floor":16.0,"turns":9.0},{"damage":21.0,"enemies":"3 Byrds","floor":18.0,"turns":4.0},{"damage":37,"enemies":"Spheric Guardian","floor":19,"turns":6},{"damage":39,"enemies":"Book of Stabbing","floor":24,"turns":5},{"damage":47,"enemies":"3 Cultists","floor":25,"turns":5},{"damage":28,"enemies":"Gremlin Leader","floor":30,"turns":5},{"damage":43,"enemies":"Snecko","floor":31,"turns":6},{"damage":64,"enemies":"Automaton","floor":33,"turns":6}],"seed_played":"7676691399056576169","potions_obtained":[{"floor":5.0,"key":"Regen Potion"},{"floor":6.0,"key":"Swift Potion"},{"floor":8.0,"key":"Energy Potion"},{"floor":10.0,"key":"Poison Potion"},{"floor":13.0,"key":"EssenceOfSteel"}],"is_trial":false,"path_per_floor":["M","?","M","?","M","E","R","E","T","E","R","?","M","?","R","B",null,"M","M","?","?","?","R","E","M","T","R","?","R","E","M","R","B"],"character_chosen":"IRONCLAD","items_purchased":[],"campfire_rested":7,"item_purchase_floors":[],"current_hp_per_floor":[80,74,74,74,74,48,70,41,51,15,40,40,47,47,72,26,84,69,50,50,50,50,75,54,25,25,50,50,75,53,28,53,0],"gold":447,"neow_bonus":"THREE_ENEMY_KILL","is_prod":false,"is_daily":false,"chose_seed":false,"campfire_upgraded":0,"win_rate":0,"timestamp":1565475565,"path_taken":["M","?","M","?","M","E","R","E","T","E","R","?","?","?","R","BOSS","M","M","?","?","?","R","E","M","T","R","?","R","E","M","R","BOSS"],"build_version":"2019-07-17","purchased_purges":0,"victory":false,"max_hp_per_floor":[80,74,74,74,74,74,74,74,84,84,84,84,84,84,84,84,84,84,84,84,84,84,84,84,84,84,84,84,84,84,84,84,84],"card_choices":[{"not_picked":["Havoc","Hemokinesis"],"picked":"Heavy Blade","floor":1.0},{"not_picked":["Flame Barrier","Anger"],"picked":"Perfected Strike","floor":3.0},{"not_picked":["Sentinel","Rupture"],"picked":"Spot Weakness","floor":5.0},{"not_picked":["Twin Strike","Thunderclap"],"picked":"Dropkick","floor":6.0},{"not_picked":["Reaper","Rupture+1"],"picked":"Evolve+1","floor":8.0},{"not_picked":["Wild Strike","Dual Wield"],"picked":"Pommel Strike","floor":10.0},{"not_picked":["Sever Soul","Battle Trance"],"picked":"Flame Barrier","floor":13.0},{"not_picked":["Feed","Bludgeon"],"picked":"Limit Break","floor":16.0},{"not_picked":["Reckless Charge","Combust+1"],"picked":"Sentinel","floor":18.0},{"not_picked":["Wild Strike+1","Sentinel"],"picked":"Feel No Pain+1","floor":19},{"not_picked":["Warcry","Burning Pact"],"picked":"Ghostly Armor","floor":24},{"not_picked":["Heavy Blade+1","Clothesline"],"picked":"Metallicize+1","floor":25},{"not_picked":["Blood for Blood","Sever Soul","True Grit+1"],"picked":"SKIP","floor":30},{"not_picked":["Blood for Blood","Sever Soul"],"picked":"True Grit+1","floor":30},{"not_picked":["Evolve+1","Dropkick"],"picked":"Shockwave+1","floor":31}],"player_experience":2815198,"relics_obtained":[{"floor":6.0,"key":"Frozen Egg 2"},{"floor":8.0,"key":"Bronze Scales"},{"floor":9.0,"key":"Pear"},{"floor":10.0,"key":"Meat on the Bone"},{"floor":24,"key":"Toxic Egg 2"},{"floor":26,"key":"Self Forming Clay"},{"floor":30,"key":"Tiny Chest"}],"event_choices":[{"damage_healed":0.0,"max_hp_gain":0.0,"max_hp_loss":6.0,"gold_gain":0.0,"event_name":"Golden Idol","player_choice":"Lose Max HP","floor":2.0,"gold_loss":0.0,"damage_taken":0.0,"relics_obtained":["Golden Idol"]},{"cards_removed":["Strike_R"],"damage_healed":0.0,"max_hp_gain":0.0,"max_hp_loss":0.0,"gold_gain":0.0,"event_name":"The Cleric","player_choice":"Card Removal","floor":4.0,"gold_loss":50.0,"damage_taken":0.0},{"damage_healed":0.0,"max_hp_gain":0.0,"max_hp_loss":0.0,"gold_gain":0.0,"event_name":"FaceTrader","player_choice":"Trade","floor":12.0,"gold_loss":0.0,"damage_taken":0.0,"relics_obtained":["GremlinMask"]},{"damage_healed":0.0,"max_hp_gain":0.0,"max_hp_loss":0.0,"gold_gain":0.0,"event_name":"Liars Game","player_choice":"Ignored","floor":14.0,"gold_loss":0.0,"damage_taken":0.0},{"cards_removed":["Strike_R"],"damage_healed":0,"gold_gain":0,"player_choice":"Gave Gold","damage_taken":0,"max_hp_gain":0,"max_hp_loss":0,"event_name":"Beggar","floor":20,"gold_loss":75},{"damage_healed":0,"gold_gain":0,"player_choice":"Obtained Relic","damage_taken":0,"relics_obtained":["Centennial Puzzle"],"max_hp_gain":0,"max_hp_loss":0,"event_name":"Addict","floor":21,"gold_loss":85},{"damage_healed":0,"gold_gain":0,"player_choice":"Ignored","damage_taken":0,"max_hp_gain":0,"max_hp_loss":0,"event_name":"Cursed Tome","floor":22,"gold_loss":0},{"damage_healed":0,"gold_gain":0,"player_choice":"Opened","damage_taken":0,"relics_obtained":["PreservedInsect"],"max_hp_gain":0,"max_hp_loss":0,"event_name":"The Mausoleum","floor":28,"gold_loss":0,"cards_obtained":["Writhe"]}],"is_beta":false,"boss_relics":[{"not_picked":["Black Star","Ectoplasm"],"picked":"Sozu"}],"items_purged_floors":[],"is_endless":false,"potions_floor_spawned":[5,6,8,10,13,18,31],"killed_by":"Automaton","ascension_level":4}