{"gold_per_floor":[119,134,151,164,174,174,184,211,211,211],"floor_reached":10,"playtime":506,"items_purged":[],"score":86,"play_id":"d61dfedb-7d9b-4ece-8a4d-05306b5f7874","local_time":"20190710164147","is_ascension_mode":true,"campfire_choices":[{"floor":6,"key":"REST"}],"neow_cost":"NONE","seed_source_timestamp":0,"circlet_count":0,"master_deck":["Strike_G","Strike_G","Strike_G","Strike_G","Strike_G","Defend_G","Defend_G","Defend_G","Defend_G","Defend_G","Survivor","Neutralize","Deadly Poison","Crippling Poison","Dagger Spray","Calculated Gamble","Endless Agony","PiercingWail","Blur"],"special_seed":0,"relics":["Ring of the Snake","Ancient Tea Set","Blood Vial"],"potions_floor_usage":[],"damage_taken":[{"damage":0.0,"enemies":"Small Slimes","floor":1.0,"turns":4.0},{"damage":0.0,"enemies":"2 Louse","floor":2.0,"turns":4.0},{"damage":3.0,"enemies":"Jaw Worm","floor":3.0,"turns":4.0},{"damage":19.0,"enemies":"Red Slaver","floor":4.0,"turns":4.0},{"damage":2,"enemies":"Blue Slaver","floor":5,"turns":5},{"damage":28,"enemies":"Large Slime","floor":7,"turns":7},{"damage":44,"enemies":"Gremlin Nob","floor":8,"turns":5}],"seed_played":"3977396137661713663","potions_obtained":[{"floor":2.0,"key":"SpeedPotion"},{"floor":4.0,"key":"SpeedPotion"},{"floor":8,"key":"Strength Potion"}],"is_trial":false,"path_per_floor":["M","M","M","M","M","R","M","E","T","$"],"character_chosen":"THE_SILENT","items_purchased":[],"campfire_rested":1,"item_purchase_floors":[],"current_hp_per_floor":[77,77,74,55,53,76,48,4,4,4],"gold":211,"neow_bonus":"TEN_PERCENT_HP_BONUS","is_prod":false,"is_daily":false,"chose_seed":false,"campfire_upgraded":0,"win_rate":0,"timestamp":1562791307,"path_taken":["M","M","M","M","M","R","M","E","T","$"],"build_version":"2019-07-05","purchased_purges":0,"victory":false,"max_hp_per_floor":[77,77,77,77,77,77,77,77,77,77],"card_choices":[{"not_picked":["Blade Dance","Deflect"],"picked":"Deadly Poison","floor":1.0},{"not_picked":["Acrobatics","Tactician"],"picked":"Crippling Poison","floor":2.0},{"not_picked":["Quick Slash","Underhanded Strike"],"picked":"Dagger Spray","floor":3.0},{"not_picked":["Dagger Throw","Leg Sweep"],"picked":"Calculated Gamble","floor":4.0},{"not_picked":["Flying Knee","Cloak And Dagger"],"picked":"Endless Agony","floor":5},{"not_picked":["Predator","Slice"],"picked":"PiercingWail","floor":7},{"not_picked":["Leg Sweep","Bane"],"picked":"Blur","floor":8}],"player_experience":368023,"relics_obtained":[{"floor":8,"key":"Ancient Tea Set"},{"floor":9,"key":"Blood Vial"}],"event_choices":[],"is_beta":false,"boss_relics":[],"items_purged_floors":[],"is_endless":false,"potions_floor_spawned":[2,4,8],"ascension_level":4}