{"gold_per_floor":[367,377,552,552,73,98,60,60,87,123,149,149,190,207,207,315,315,335,354,369,195,202,238,238,265,265,265,265,265,304,323,323,428,428,440,315,315,315,422,461,247,300,300,315,315],"floor_reached":45,"playtime":3032,"items_purged":["Strike_G","Strike_G","Strike_G"],"score":646,"play_id":"fe9a84c1-e7f3-4291-aaa0-3dc9317ca801","local_time":"20191008103339","is_ascension_mode":true,"campfire_choices":[{"floor":8,"key":"REST"},{"floor":15,"key":"REST"},{"floor":24,"key":"REST"},{"data":"Footwork","floor":27,"key":"SMITH"},{"floor":29,"key":"REST"},{"floor":32,"key":"REST"}],"neow_cost":"CURSE","seed_source_timestamp":88603841617500,"circlet_count":0,"master_deck":["Strike_G","Defend_G","Defend_G","Defend_G","Defend_G","Defend_G","Survivor","Clumsy","Poisoned Stab","Well Laid Plans","Riddle With Holes","Deflect","Bouncing Flask","Crippling Poison","PiercingWail","Backflip","Deadly Poison","Corpse Explosion","Backstab","Footwork+1","Decay","Bane","Deadly Poison+1","Catalyst","Quick Slash","Adrenaline","Dagger Spray+1","Malaise","Apotheosis","PiercingWail","Catalyst"],"relics":["Ring of the Snake","Centennial Puzzle","InkBottle","Art of War","CeramicFish","Toy Ornithopter","Blue Candle","Runic Dome","Regal Pillow","Turnip","Enchiridion","Bottled Lightning","Velvet Choker","Ice Cream","Happy Flower","Unceasing Top","Pear"],"potions_floor_usage":[13,13,20,23,31,33,42],"damage_taken":[{"damage":8,"enemies":"Jaw Worm","floor":1,"turns":8},{"damage":0,"enemies":"2 Louse","floor":2,"turns":3},{"damage":39,"enemies":"Lagavulin","floor":6,"turns":7},{"damage":19,"enemies":"3 Sentries","floor":10,"turns":11},{"damage":0,"enemies":"Small Slimes","floor":11,"turns":3},{"damage":10,"enemies":"Gremlin Nob","floor":13,"turns":4},{"damage":1,"enemies":"2 Fungi Beasts","floor":14,"turns":4},{"damage":5,"enemies":"The Guardian","floor":16,"turns":10},{"damage":5,"enemies":"2 Thieves","floor":18,"turns":3},{"damage":8,"enemies":"Chosen","floor":19,"turns":4},{"damage":13,"enemies":"Snecko","floor":20,"turns":4},{"damage":11,"enemies":"Book of Stabbing","floor":23,"turns":6},{"damage":18,"enemies":"Centurion and Healer","floor":25,"turns":4},{"damage":54,"enemies":"Gremlin Leader","floor":30,"turns":6},{"damage":5,"enemies":"Snake Plant","floor":31,"turns":3},{"damage":8,"enemies":"Collector","floor":33,"turns":5},{"damage":1,"enemies":"3 Shapes","floor":35,"turns":3},{"damage":1,"enemies":"Mind Bloom Boss Battle","floor":39,"turns":5},{"damage":29,"enemies":"Giant Head","floor":40,"turns":7},{"damage":25,"enemies":"2 Orb Walkers","floor":42,"turns":4},{"damage":14,"enemies":"3 Darklings","floor":44,"turns":3},{"damage":29,"enemies":"Nemesis","floor":45,"turns":2}],"seed_played":"3228434020438552482","potions_obtained":[{"floor":1,"key":"Ancient Potion"},{"floor":10,"key":"Energy Potion"},{"floor":11,"key":"EssenceOfSteel"},{"floor":16,"key":"Block Potion"},{"floor":19,"key":"Dexterity Potion"},{"floor":20,"key":"Ancient Potion"},{"floor":23,"key":"PowerPotion"},{"floor":33,"key":"SneckoOil"},{"floor":35,"key":"DuplicationPotion"},{"floor":44,"key":"AttackPotion"}],"is_trial":false,"path_per_floor":["M","M","?","?","$","E","?","R","T","E","M","?","E","M","R","B",null,"M","M","M","$","?","E","R","M","T","R","?","R","E","M","R","B",null,"M","$","?","?","?","E","$","?","T","M","E"],"character_chosen":"THE_SILENT","items_purchased":["Riddle With Holes","Centennial Puzzle","InkBottle","Deflect","Footwork","Apotheosis","PiercingWail"],"campfire_rested":5,"item_purchase_floors":[5,5,5,5,21,41,41],"current_hp_per_floor":[62,62,62,62,62,23,23,44,44,25,25,25,25,24,45,40,63,58,50,42,42,42,36,70,52,52,52,36,70,16,16,52,49,65,64,64,64,64,63,34,34,14,24,10,0],"gold":315,"neow_bonus":"TWO_FIFTY_GOLD","is_prod":false,"is_daily":false,"chose_seed":false,"campfire_upgraded":1,"win_rate":0,"timestamp":1570548819,"path_taken":["M","M","?","?","$","E","?","R","T","E","M","?","E","M","R","BOSS","M","M","?","$","?","E","R","M","T","R","?","R","E","M","R","BOSS","M","$","?","?","?","E","$","?","T","M","E"],"build_version":"2019-10-07","purchased_purges":3,"victory":false,"max_hp_per_floor":[70,70,70,70,70,70,70,70,70,70,70,70,70,70,70,70,70,70,70,70,70,70,70,70,70,70,70,70,70,70,70,70,70,70,70,70,66,66,66,66,66,66,76,76,76],"card_choices":[{"not_picked":["Blade Dance","Expertise"],"picked":"Poisoned Stab","floor":1},{"not_picked":["Escape Plan","Endless Agony"],"picked":"Well Laid Plans","floor":2},{"not_picked":["Slice","Poisoned Stab"],"picked":"Bouncing Flask","floor":6},{"not_picked":["Backstab","Slice"],"picked":"Crippling Poison","floor":10},{"not_picked":["Well Laid Plans","All Out Attack"],"picked":"PiercingWail","floor":11},{"not_picked":["Storm of Steel","Poisoned Stab"],"picked":"Backflip","floor":13},{"not_picked":["Dodge and Roll","Quick Slash"],"picked":"Deadly Poison","floor":14},{"not_picked":["Venomology","Envenom"],"picked":"Corpse Explosion","floor":16},{"not_picked":["Flying Knee","Poisoned Stab","Bouncing Flask"],"picked":"SKIP","floor":18},{"not_picked":["Endless Agony+1","Bouncing Flask"],"picked":"Backstab","floor":19},{"not_picked":["Acrobatics","Skewer","Underhanded Strike"],"picked":"SKIP","floor":20},{"not_picked":["Dagger Throw","Flying Knee"],"picked":"Bane","floor":23},{"not_picked":["Quick Slash","Bane"],"picked":"Deadly Poison+1","floor":25},{"not_picked":["Bouncing Flask+1","PiercingWail"],"picked":"Catalyst","floor":30},{"not_picked":["Deadly Poison","Heel Hook"],"picked":"Quick Slash","floor":31},{"not_picked":["A Thousand Cuts","Doppelganger"],"picked":"Adrenaline","floor":33},{"not_picked":["Skewer+1","Dagger Throw+1","All Out Attack+1"],"picked":"SKIP","floor":35},{"not_picked":["Bane","Heel Hook"],"picked":"Dagger Spray+1","floor":39},{"not_picked":["Noxious Fumes","Slice+1"],"picked":"Malaise","floor":40},{"not_picked":["PiercingWail","Slice"],"picked":"Catalyst","floor":42},{"not_picked":["Slice","Prepared","Blade Dance+1"],"picked":"SKIP","floor":44}],"player_experience":419589,"relics_obtained":[{"floor":6,"key":"Art of War"},{"floor":9,"key":"CeramicFish"},{"floor":10,"key":"Toy Ornithopter"},{"floor":13,"key":"Blue Candle"},{"floor":23,"key":"Regal Pillow"},{"floor":26,"key":"Turnip"},{"floor":28,"key":"Enchiridion"},{"floor":30,"key":"Bottled Lightning"},{"floor":39,"key":"Ice Cream"},{"floor":40,"key":"Happy Flower"},{"floor":42,"key":"Unceasing Top"},{"floor":43,"key":"Pear"}],"event_choices":[{"damage_healed":0,"gold_gain":175,"player_choice":"AGREE","damage_taken":0,"max_hp_gain":0,"max_hp_loss":0,"event_name":"Liars Game","floor":3,"gold_loss":0,"cards_obtained":["Doubt"]},{"cards_removed":["Doubt"],"damage_healed":0,"gold_gain":0,"player_choice":"Forget","damage_taken":0,"max_hp_gain":0,"max_hp_loss":0,"event_name":"Living Wall","floor":4,"gold_loss":0},{"damage_healed":0,"gold_gain":0,"player_choice":"Left Gold","damage_taken":0,"max_hp_gain":0,"max_hp_loss":0,"event_name":"World of Goop","floor":7,"gold_loss":38},{"cards_removed":["Strike_G"],"damage_healed":0,"gold_gain":0,"player_choice":"Offered Basic","damage_taken":0,"max_hp_gain":0,"max_hp_loss":0,"event_name":"Bonfire Elementals","floor":12,"gold_loss":0},{"damage_healed":0,"gold_gain":0,"player_choice":"Smashed Altar","damage_taken":0,"max_hp_gain":0,"max_hp_loss":0,"event_name":"Forgotten Altar","floor":22,"gold_loss":0,"cards_obtained":["Decay"]},{"damage_healed":0,"gold_gain":0,"player_choice":"Obtained Book","damage_taken":16,"max_hp_gain":0,"max_hp_loss":0,"event_name":"Cursed Tome","floor":28,"gold_loss":0},{"damage_healed":0,"gold_gain":0,"player_choice":"Max HP","damage_taken":0,"max_hp_gain":0,"max_hp_loss":4,"event_name":"Winding Halls","floor":37,"gold_loss":0},{"cards_removed":["Neutralize"],"damage_healed":0,"gold_gain":0,"player_choice":"Removed Attack","damage_taken":0,"max_hp_gain":0,"max_hp_loss":0,"event_name":"Falling","floor":38,"gold_loss":0},{"damage_healed":0,"gold_gain":0,"player_choice":"Fight","damage_taken":0,"max_hp_gain":0,"max_hp_loss":0,"event_name":"MindBloom","floor":39,"gold_loss":0},{"damage_healed":0,"gold_gain":0,"player_choice":"Fight","damage_taken":0,"max_hp_gain":0,"max_hp_loss":0,"event_name":"Mysterious Sphere","floor":42,"gold_loss":0}],"is_beta":true,"boss_relics":[{"not_picked":["HoveringKite","Fusion Hammer"],"picked":"Runic Dome"},{"not_picked":["Snecko Eye","Astrolabe"],"picked":"Velvet Choker"}],"items_purged_floors":[5,21,36],"is_endless":false,"potions_floor_spawned":[1,10,11,16,19,20,23,30,33,35,44],"killed_by":"Nemesis","ascension_level":5}