{"path_per_floor":["M","M","M","M","?","R","E","R","T","M","?","M","R","M","R","B",null,"M"],"character_chosen":"THE_SILENT","items_purchased":[],"gold_per_floor":[118,135,146,162,162,162,192,192,192,210,310,329,329,347,347,452,452,464,464],"floor_reached":19,"campfire_rested":1,"playtime":2286,"item_purchase_floors":[],"current_hp_per_floor":[63,63,63,61,61,61,14,50,50,52,52,52,52,56,56,25,59,63,25],"items_purged":[],"gold":464,"score":222,"play_id":"57e157c9-348c-4840-b3cb-aeea5f65b5a5","local_time":"20180527004253","is_prod":false,"is_daily":false,"chose_seed":false,"is_ascension_mode":true,"campfire_upgraded":3,"win_rate":0,"timestamp":1527406973,"campfire_choices":[{"data":"Footwork","floor":6,"key":"SMITH"},{"floor":8,"key":"REST"},{"data":"Venomology","floor":13,"key":"SMITH"},{"data":"Neutralize","floor":15,"key":"SMITH"}],"path_taken":["M","M","M","?","?","R","E","R","T","M","?","?","R","M","R","BOSS","M","M"],"build_version":"2018-05-24","seed_source_timestamp":39855438630608,"purchased_purges":0,"victory":false,"master_deck":["Defend_G","Defend_G","Defend_G","Defend_G","Defend_G","Strike_G","Strike_G","Strike_G","Strike_G","Survivor","Neutralize+1","Backflip","Acrobatics","Footwork+1","Venomology+1","Footwork","Sucker Punch","Tools of the Trade","Backflip"],"max_hp_per_floor":[70,70,70,70,70,70,70,70,70,70,70,70,70,70,70,70,70,70,70],"relics":["Ring of the Snake","Regal Pillow","Bird Faced Urn","Pantograph","Black Star"],"card_choices":[{"not_picked":["Escape Plan","Heel Hook"],"picked":"Backflip","floor":1},{"not_picked":["Poisoned Stab","Terror"],"picked":"Acrobatics","floor":2},{"not_picked":["Reflex","Cloak And Dagger","Concentrate"],"picked":"SKIP","floor":3},{"not_picked":["Deflect","PiercingWail"],"picked":"Footwork","floor":4},{"not_picked":["Expertise","Bane"],"picked":"Venomology","floor":7},{"not_picked":["All Out Attack","Heel Hook"],"picked":"Footwork","floor":10},{"not_picked":["Reflex","Escape Plan"],"picked":"Sucker Punch","floor":12},{"not_picked":["Slice","Quick Slash","Acrobatics"],"picked":"SKIP","floor":14},{"not_picked":["Night Terror","Grand Finale"],"picked":"Tools of the Trade","floor":16},{"not_picked":["Dagger Spray+1","Expertise"],"picked":"Backflip","floor":18}],"player_experience":406935,"potions_floor_usage":[7,7,12,14,16,18,19,19,19],"damage_taken":[{"damage":0,"enemies":"Cultist","floor":1,"turns":4},{"damage":0,"enemies":"Small Slimes","floor":2,"turns":5},{"damage":0,"enemies":"2 Louse","floor":3,"turns":4},{"damage":2,"enemies":"Large Slime","floor":4,"turns":9},{"damage":47,"enemies":"Lagavulin","floor":7,"turns":16},{"damage":0,"enemies":"3 Louse","floor":10,"turns":6},{"damage":6,"enemies":"Exordium Thugs","floor":12,"turns":6},{"damage":0,"enemies":"2 Fungi Beasts","floor":14,"turns":5},{"damage":47,"enemies":"The Guardian","floor":16,"turns":27},{"damage":2,"enemies":"Chosen","floor":18,"turns":12},{"damage":44,"enemies":"3 Byrds","floor":19,"turns":12}],"relics_obtained":[{"floor":7,"key":"Bird Faced Urn"},{"floor":9,"key":"Pantograph"}],"event_choices":[{"event_name":"Living Wall","player_choice":"Forget","floor":5,"damage_taken":0},{"event_name":"Golden Shrine","player_choice":"Pray","floor":11,"damage_taken":0}],"boss_relics":[{"not_picked":["Tiny House","Pandora\u0027s Box"],"picked":"Black Star"}],"items_purged_floors":[],"potions_floor_spawned":[2,3,7,12,14,16],"seed_played":"6781133763494825291","killed_by":"3 Byrds","ascension_level":6,"potions_obtained":[{"floor":2,"key":"Block Potion"},{"floor":3,"key":"LiquidBronze"},{"floor":7,"key":"SpeedPotion"},{"floor":12,"key":"Ancient Potion"},{"floor":14,"key":"Swift Potion"}],"is_trial":false}