{"gold_per_floor":[114,74,86,106,117,146,156,191,215,250,250,5,5,5,5,100,100,117,132,164,183,199,199,232,232,255,255,255,283,294,294,294,391,391,403,303,314,314,332,332,367,367,367,396,447,447,447,50,50,50],"floor_reached":51,"playtime":4211,"items_purged":["Strike_R","Strike_R"],"score":1033,"play_id":"9dd5bf5a-bf6d-452e-b62f-7f5cde2680fc","local_time":"20190927190842","is_ascension_mode":true,"campfire_choices":[{"data":"Armaments","floor":11.0,"key":"SMITH"},{"data":"Corruption","floor":13.0,"key":"SMITH"},{"data":"The Bomb","floor":15.0,"key":"SMITH"},{"data":"Inflame","floor":23,"key":"SMITH"},{"floor":25,"key":"REST"},{"data":"Dual Wield","floor":27,"key":"SMITH"},{"floor":32,"key":"REST"},{"floor":40,"key":"REST"},{"floor":42,"key":"RECALL"},{"floor":46,"key":"REST"},{"floor":49,"key":"REST"}],"neow_cost":"NONE","seed_source_timestamp":0,"circlet_count":0,"master_deck":["Strike_R","Defend_R","Defend_R","Defend_R+1","Defend_R+1","Bash","Armaments+1","Anger","Inflame+1","Clothesline","Corruption+1","Shrug It Off","The Bomb+1","Exhume","True Grit+1","Seeing Red","Limit Break","Dual Wield+1","Heavy Blade+1","Offering","Flame Barrier","Shrug It Off","Impervious","Exhume"],"special_seed":0,"relics":["Burning Blood","War Paint","Mango","Singing Bowl","Bag of Marbles","Vajra","Runic Pyramid","Red Mask","Bronze Scales","Strawberry","Fusion Hammer","Oddly Smooth Stone","Mercury Hourglass","Omamori","Turnip","Brimstone"],"potions_floor_usage":[29,33,44,50,50,50],"damage_taken":[{"damage":0.0,"enemies":"Jaw Worm","floor":1.0,"turns":3.0},{"damage":0.0,"enemies":"Cultist","floor":3.0,"turns":3.0},{"damage":3.0,"enemies":"2 Louse","floor":4.0,"turns":3.0},{"damage":8.0,"enemies":"Blue Slaver","floor":5.0,"turns":4.0},{"damage":24.0,"enemies":"Gremlin Nob","floor":6.0,"turns":4.0},{"damage":7.0,"enemies":"3 Louse","floor":7.0,"turns":4.0},{"damage":29.0,"enemies":"3 Sentries","floor":8.0,"turns":9.0},{"damage":20.0,"enemies":"Gremlin Nob","floor":10.0,"turns":4.0},{"damage":18.0,"enemies":"Slime Boss","floor":16.0,"turns":7.0},{"damage":19.0,"enemies":"2 Thieves","floor":18.0,"turns":4.0},{"damage":4.0,"enemies":"3 Byrds","floor":19.0,"turns":4.0},{"damage":16.0,"enemies":"Masked Bandits","floor":20.0,"turns":3.0},{"damage":0.0,"enemies":"Snecko","floor":21.0,"turns":4.0},{"damage":7.0,"enemies":"3 Cultists","floor":22.0,"turns":4.0},{"damage":66,"enemies":"Gremlin Leader","floor":24,"turns":5},{"damage":11,"enemies":"Book of Stabbing","floor":29,"turns":4},{"damage":10,"enemies":"Shelled Parasite and Fungi","floor":30,"turns":4},{"damage":49,"enemies":"Automaton","floor":33,"turns":8},{"damage":6,"enemies":"3 Shapes","floor":35,"turns":4},{"damage":0,"enemies":"Orb Walker","floor":37,"turns":3},{"damage":7,"enemies":"Sphere and 2 Shapes","floor":39,"turns":5},{"damage":6,"enemies":"Giant Head","floor":41,"turns":6},{"damage":0,"enemies":"Nemesis","floor":44,"turns":5},{"damage":24,"enemies":"2 Orb Walkers","floor":45,"turns":5},{"damage":19,"enemies":"Awakened One","floor":50,"turns":8}],"seed_played":"-5953678872044384301","potions_obtained":[{"floor":2.0,"key":"LiquidBronze"},{"floor":2.0,"key":"Block Potion"},{"floor":2.0,"key":"Fire Potion"},{"floor":7.0,"key":"Dexterity Potion"},{"floor":8.0,"key":"Regen Potion"},{"floor":16.0,"key":"EssenceOfSteel"},{"floor":33,"key":"Fruit Juice"},{"floor":37,"key":"SkillPotion"},{"floor":44,"key":"Fire Potion"}],"is_trial":false,"path_per_floor":["M","?","M","M","M","E","M","E","T","E","R","$","R","?","R","B",null,"M","M","?","M","M","R","E","R","T","R","?","E","M","?","R","B",null,"M","$","M","?","M","R","E","R","T","E","?","R","?","$","R","B",null],"character_chosen":"IRONCLAD","items_purchased":["The Bomb","Exhume","HeartOfIron","Brimstone"],"campfire_rested":5,"item_purchase_floors":[12,48,48,48],"current_hp_per_floor":[80,80,80,80,78,74,73,52,52,40,40,40,40,40,40,28,81,70,72,62,70,69,69,9,39,39,39,39,55,53,53,86,48,101,103,103,109,105,104,126,126,126,126,128,112,130,130,130,130,117],"gold":50,"neow_bonus":"RANDOM_COMMON_RELIC","is_prod":false,"is_daily":false,"chose_seed":false,"campfire_upgraded":5,"win_rate":0,"timestamp":1569629322,"path_taken":["M","?","M","M","?","E","M","E","T","E","R","$","R","?","R","BOSS","M","M","?","M","M","R","E","R","T","R","?","E","M","?","R","BOSS","M","$","M","?","M","R","E","R","T","E","?","R","?","$","R","BOSS"],"build_version":"2019-09-27","purchased_purges":2,"victory":true,"max_hp_per_floor":[80,80,80,80,80,94,94,96,96,98,98,98,98,98,98,98,98,100,100,100,102,102,102,102,102,102,102,102,111,113,113,113,118,118,120,120,120,126,126,126,126,126,126,128,130,130,130,130,130,130],"card_choices":[{"not_picked":["Twin Strike","Flex"],"picked":"Armaments","floor":1.0},{"not_picked":["Evolve","Clash"],"picked":"Anger","floor":3.0},{"not_picked":["Perfected Strike","Shrug It Off"],"picked":"Inflame","floor":4.0},{"not_picked":["Carnage","Entrench"],"picked":"Clothesline","floor":5.0},{"not_picked":["Blood for Blood","Shrug It Off"],"picked":"Corruption","floor":6.0},{"not_picked":["Twin Strike","Sword Boomerang"],"picked":"Shrug It Off","floor":7.0},{"not_picked":["Sword Boomerang","Fire Breathing","Clothesline"],"picked":"Singing Bowl","floor":8.0},{"not_picked":["Twin Strike","Sword Boomerang","Iron Wave"],"picked":"Singing Bowl","floor":10.0},{"not_picked":["Immolate","Limit Break"],"picked":"Exhume","floor":16.0},{"not_picked":["Thunderclap","Combust","Disarm"],"picked":"Singing Bowl","floor":18.0},{"not_picked":["Cleave","Wild Strike+1"],"picked":"True Grit+1","floor":19.0},{"not_picked":["Evolve","True Grit"],"picked":"Seeing Red","floor":20.0},{"not_picked":["Intimidate+1","Twin Strike","Pommel Strike+1"],"picked":"Singing Bowl","floor":21.0},{"not_picked":["Dropkick","Headbutt+1"],"picked":"Limit Break","floor":22.0},{"not_picked":["Uppercut","Headbutt+1"],"picked":"Dual Wield","floor":24},{"not_picked":["Evolve","Bloodletting","Warcry"],"picked":"Singing Bowl","floor":29},{"not_picked":["True Grit","Hemokinesis+1","Perfected Strike"],"picked":"Singing Bowl","floor":30},{"not_picked":["Dark Embrace","Bludgeon"],"picked":"Offering","floor":33},{"not_picked":["Flex","Uppercut","Armaments"],"picked":"Singing Bowl","floor":35},{"not_picked":["Reckless Charge","Clothesline"],"picked":"Flame Barrier","floor":37},{"not_picked":["Trip","Thinking Ahead","PanicButton"],"picked":"Singing Bowl","floor":38},{"not_picked":["Metamorphosis","Violence","Good Instincts"],"picked":"Singing Bowl","floor":38},{"not_picked":["Thinking Ahead","Flash of Steel","Enlightenment"],"picked":"Singing Bowl","floor":38},{"not_picked":["Wild Strike+1","Heavy Blade"],"picked":"Shrug It Off","floor":39},{"not_picked":["Intimidate+1","Anger+1"],"picked":"Impervious","floor":41},{"not_picked":["True Grit","Entrench","Dark Embrace"],"picked":"Singing Bowl","floor":44},{"not_picked":["Havoc+1","Warcry","Clash"],"picked":"Singing Bowl","floor":45}],"player_experience":326478,"relics_obtained":[{"floor":6.0,"key":"Mango"},{"floor":8.0,"key":"Singing Bowl"},{"floor":9.0,"key":"Bag of Marbles"},{"floor":10.0,"key":"Vajra"},{"floor":20.0,"key":"Red Mask"},{"floor":24,"key":"Bronze Scales"},{"floor":29,"key":"Strawberry"},{"floor":41,"key":"Oddly Smooth Stone"},{"floor":43,"key":"Mercury Hourglass"},{"floor":44,"key":"Omamori"},{"floor":45,"key":"Turnip"}],"event_choices":[{"damage_healed":0.0,"max_hp_gain":0.0,"max_hp_loss":0.0,"gold_gain":0.0,"event_name":"The Woman in Blue","player_choice":"Bought 3 Potions","floor":2.0,"gold_loss":0.0,"damage_taken":0.0},{"cards_removed":["Strike_R"],"damage_healed":0.0,"max_hp_gain":0.0,"max_hp_loss":0.0,"gold_gain":0.0,"event_name":"Living Wall","player_choice":"Forget","floor":14.0,"gold_loss":0.0,"damage_taken":0.0},{"damage_healed":0.0,"max_hp_gain":0.0,"max_hp_loss":0.0,"gold_gain":0.0,"event_name":"Masked Bandits","player_choice":"Fought Bandits","floor":20.0,"gold_loss":0.0,"damage_taken":0.0},{"damage_healed":0,"gold_gain":0,"player_choice":"Read","damage_taken":0,"max_hp_gain":0,"max_hp_loss":0,"event_name":"The Library","floor":28,"gold_loss":0,"cards_obtained":["Heavy Blade"]},{"damage_healed":0,"gold_gain":0,"player_choice":"Upgraded","damage_taken":0,"max_hp_gain":0,"max_hp_loss":0,"event_name":"Upgrade Shrine","floor":31,"gold_loss":0,"cards_upgraded":["Heavy Blade"]},{"damage_healed":0,"gold_gain":0,"player_choice":"Memory 3","damage_taken":10,"max_hp_gain":0,"max_hp_loss":0,"event_name":"SensoryStone","floor":38,"gold_loss":0},{"damage_healed":0,"gold_gain":0,"player_choice":"Fight","damage_taken":0,"max_hp_gain":0,"max_hp_loss":0,"event_name":"Mysterious Sphere","floor":45,"gold_loss":0},{"cards_removed":["Strike_R"],"damage_healed":0,"gold_gain":0,"player_choice":"Purged","damage_taken":0,"max_hp_gain":0,"max_hp_loss":0,"event_name":"Purifier","floor":47,"gold_loss":0}],"is_beta":true,"boss_relics":[{"not_picked":["Philosopher\u0027s Stone","Pandora\u0027s Box"],"picked":"Runic Pyramid"},{"not_picked":["Snecko Eye","Empty Cage"],"picked":"Fusion Hammer"}],"items_purged_floors":[12,36],"is_endless":false,"potions_floor_spawned":[6,7,8,16,18,19,24,33,37,39,44],"ascension_level":5}