{"path_per_floor":["M","M","M","$","M","R","?","?","T","R","M","?","M","M","R","B",null,"M","M"],"character_chosen":"THE_SILENT","items_purchased":["Cloak And Dagger"],"gold_per_floor":[110,127,139,10,21,21,21,21,45,45,56,56,69,82,82,180,180,149,168,168],"floor_reached":20,"campfire_rested":0,"playtime":1234,"current_hp_per_floor":[70,70,69,69,66,66,66,66,66,66,66,71,71,55,55,31,75,51,33,0],"items_purged":["Strike_G"],"gold":168,"score":176,"play_id":"d958bf25-c755-41dd-9a29-d705d15c14e6","local_time":"20180521211816","is_prod":false,"is_daily":false,"chose_seed":false,"is_ascension_mode":true,"campfire_upgraded":3,"timestamp":1526962696,"campfire_choices":[{"data":"Noxious Fumes","floor":6,"key":"SMITH"},{"data":"Neutralize","floor":10,"key":"SMITH"},{"data":"Outmaneuver","floor":15,"key":"SMITH"}],"path_taken":["M","M","M","$","M","R","?","?","T","R","M","?","M","?","R","BOSS","M","M","M"],"build_version":"2018-05-17","seed_source_timestamp":12097430907325,"purchased_purges":1,"victory":false,"master_deck":["Defend_G","Defend_G","Defend_G","Defend_G","Defend_G","Strike_G","Strike_G","Strike_G","Strike_G","Survivor","Neutralize+1","Noxious Fumes+1","Blur","Cloak And Dagger","Flying Knee","Outmaneuver+1","Bouncing Flask","Deadly Poison","Venomology","Escape Plan+1"],"max_hp_per_floor":[70,70,70,70,70,70,70,70,70,70,70,75,75,75,75,75,75,75,75,75],"relics":["Ring of the Snake","Potion Belt","Ancient Tea Set","Eternal Feather"],"card_choices":[{"not_picked":["Leg Sweep","Blade Dance"],"picked":"Noxious Fumes","floor":1},{"not_picked":["Poisoned Stab","Bane"],"picked":"Blur","floor":2},{"not_picked":["Backstab","Underhanded Strike","Riddle With Holes"],"picked":"SKIP","floor":3},{"not_picked":["PiercingWail","Bane"],"picked":"Flying Knee","floor":5},{"not_picked":["Prepared","Quick Slash"],"picked":"Outmaneuver","floor":11},{"not_picked":["Infinite Blades","Crippling Poison"],"picked":"Bouncing Flask","floor":13},{"not_picked":["Dodge and Roll","Distraction"],"picked":"Deadly Poison","floor":14},{"not_picked":["Bullet Time","Grand Finale"],"picked":"Venomology","floor":16},{"not_picked":["Choke","PiercingWail"],"picked":"Escape Plan+1","floor":18},{"not_picked":["Skewer+1","Finisher","Slice"],"picked":"SKIP","floor":19}],"player_experience":284066,"potions_floor_usage":[5,5,14,18,20,20],"damage_taken":[{"damage":0,"enemies":"2 Louse","floor":1,"turns":4},{"damage":0,"enemies":"Small Slimes","floor":2,"turns":4},{"damage":1,"enemies":"Jaw Worm","floor":3,"turns":5},{"damage":3,"enemies":"Exordium Thugs","floor":5,"turns":6},{"damage":0,"enemies":"3 Louse","floor":11,"turns":3},{"damage":0,"enemies":"2 Fungi Beasts","floor":13,"turns":4},{"damage":16,"enemies":"Gremlin Gang","floor":14,"turns":4},{"damage":24,"enemies":"The Guardian","floor":16,"turns":9},{"damage":24,"enemies":"2 Thieves","floor":18,"turns":5},{"damage":18,"enemies":"3 Byrds","floor":19,"turns":5},{"damage":53,"enemies":"Cultist and Chosen","floor":20,"turns":6}],"relics_obtained":[{"floor":9,"key":"Ancient Tea Set"}],"event_choices":[{"event_name":"Dead Adventurer","player_choice":"Searched \u00270\u0027 times","floor":7,"damage_taken":0},{"event_name":"The Cleric","player_choice":"Leave","floor":8,"damage_taken":0},{"event_name":"Big Fish","player_choice":"Donut","floor":12,"damage_taken":0}],"boss_relics":[{"not_picked":["Black Star","Pandora\u0027s Box"],"picked":"Eternal Feather"}],"potions_floor_spawned":[1,2,11,19],"seed_played":"-6673601993403548363","killed_by":"Cultist and Chosen","ascension_level":1,"potions_obtained":[{"floor":1,"key":"Fire Potion"},{"floor":2,"key":"Block Potion"},{"floor":11,"key":"SkillPotion"},{"floor":19,"key":"PowerPotion"}],"is_trial":false}