{"gold_per_floor":[363,377,48,77,102,142,142,15,92,131,131,32,57,74,74,186,186,199,219,228,111,120,154,7,7,7,39,57,57,57,97,97,97],"floor_reached":33,"playtime":2463,"items_purged":["Strike_P","Decay"],"score":514,"play_id":"a75f4f44-c613-4fea-bad9-7e9efb08e7a1","local_time":"20191010184145","is_ascension_mode":true,"campfire_choices":[{"data":"Eruption","floor":7,"key":"SMITH"},{"floor":15,"key":"REST"},{"data":"ConjureBlade","floor":25,"key":"SMITH"},{"floor":29,"key":"REST"},{"floor":32,"key":"REST"}],"neow_cost":"TEN_PERCENT_HP_LOSS","seed_source_timestamp":68529927628200,"circlet_count":0,"master_deck":["AscendersBane","Strike_P+1","Strike_P+1","Strike_P+1","Defend_P+1","Defend_P+1","Defend_P+1","Defend_P+1","Eruption+1","Vigilance","Sanctity","Judgement","BattleHymn+1","Crescendo","Study","Consecrate","Meditate","Blasphemy","Vault","FearNoEvil","Protect","ClearTheMind","ConjureBlade+1","Halt","RitualDagger","SpiritShield+1"],"relics":["PureWater","CeramicFish","CloakClasp","TeardropLocket","Bag of Preparation","InkBottle","SlaversCollar","Strawberry","HandDrill","Du-Vu Doll","Pear","Omamori"],"potions_floor_usage":[10,23,31],"damage_taken":[{"damage":2,"enemies":"Cultist","floor":1,"turns":5},{"damage":2,"enemies":"Jaw Worm","floor":2,"turns":7},{"damage":2,"enemies":"2 Louse","floor":4,"turns":2},{"damage":0,"enemies":"2 Fungi Beasts","floor":5,"turns":2},{"damage":16,"enemies":"Lagavulin","floor":6,"turns":6},{"damage":12,"enemies":"Gremlin Nob","floor":10,"turns":3},{"damage":3,"enemies":"Lagavulin","floor":13,"turns":6},{"damage":0,"enemies":"Blue Slaver","floor":14,"turns":1},{"damage":2,"enemies":"Hexaghost","floor":16,"turns":9},{"damage":0,"enemies":"Spheric Guardian","floor":18,"turns":2},{"damage":1,"enemies":"2 Thieves","floor":19,"turns":4},{"damage":8,"enemies":"Book of Stabbing","floor":23,"turns":5},{"damage":27,"enemies":"Slavers","floor":27,"turns":4},{"damage":18,"enemies":"Shelled Parasite and Fungi","floor":28,"turns":4},{"damage":25,"enemies":"Gremlin Leader","floor":31,"turns":5},{"damage":44,"enemies":"Collector","floor":33,"turns":7}],"seed_played":"-3014998701024957164","potions_obtained":[{"floor":2,"key":"SkillPotion"},{"floor":6,"key":"StancePotion"},{"floor":16,"key":"Ancient Potion"},{"floor":27,"key":"SpeedPotion"}],"is_trial":false,"path_per_floor":["M","M","$","M","M","E","R","$","T","E","?","$","E","M","R","B",null,"M","M","?","$","?","E","$","R","T","E","M","R","?","E","R","B"],"character_chosen":"WATCHER","items_purchased":["CeramicFish","BattleHymn","Crescendo","Blasphemy","FearNoEvil","Protect","ClearTheMind","Halt","HandDrill"],"campfire_rested":3,"item_purchase_floors":[3,3,3,8,12,12,12,21,24],"current_hp_per_floor":[63,61,61,59,59,43,43,43,43,31,31,31,28,28,47,45,60,60,59,59,59,53,52,52,52,52,35,17,41,41,16,40,0],"gold":97,"neow_bonus":"TWO_FIFTY_GOLD","is_prod":false,"is_daily":false,"chose_seed":false,"campfire_upgraded":2,"win_rate":0,"timestamp":1570750905,"path_taken":["M","M","$","M","M","E","R","?","T","E","?","$","E","M","R","BOSS","M","?","?","$","?","E","?","R","T","E","?","R","?","E","R","BOSS"],"build_version":"2019-10-10","purchased_purges":2,"victory":false,"max_hp_per_floor":[65,65,65,65,65,65,65,65,65,65,65,65,65,65,65,65,65,65,65,65,65,65,72,72,72,72,82,82,82,82,82,82,82],"card_choices":[{"not_picked":["ThirdEye","WreathOfFlame"],"picked":"Sanctity","floor":1},{"not_picked":["FlyingSleeves","Indignation"],"picked":"Judgement","floor":2},{"not_picked":["CarveReality","Weave"],"picked":"Study","floor":4},{"not_picked":["EmptyBody","JustLucky"],"picked":"Consecrate","floor":5},{"not_picked":["FlyingSleeves","ClearTheMind"],"picked":"Meditate","floor":6},{"not_picked":["ForeignInfluence","ConjureBlade"],"picked":"Vault","floor":10},{"not_picked":["JustLucky","Protect","Study"],"picked":"SKIP","floor":13},{"not_picked":["Vengeance","Evaluate","FollowUp"],"picked":"SKIP","floor":14},{"not_picked":["Vault","LessonLearned"],"picked":"ConjureBlade","floor":16},{"not_picked":["Pray","Fasting2+1","SashWhip"],"picked":"SKIP","floor":18},{"not_picked":["WheelKick","Consecrate","SashWhip"],"picked":"SKIP","floor":19},{"not_picked":["Alpha","FlyingSleeves","Collect"],"picked":"SKIP","floor":23},{"not_picked":["Flick","Tantrum","CutThroughFate"],"picked":"SKIP","floor":27},{"not_picked":["Evaluate","SashWhip","Wireheading"],"picked":"SKIP","floor":28},{"not_picked":["Sanctity","FlyingSleeves"],"picked":"SpiritShield+1","floor":31}],"player_experience":451925,"relics_obtained":[{"floor":6,"key":"CloakClasp"},{"floor":9,"key":"TeardropLocket"},{"floor":10,"key":"Bag of Preparation"},{"floor":13,"key":"InkBottle"},{"floor":23,"key":"Strawberry"},{"floor":26,"key":"Du-Vu Doll"},{"floor":27,"key":"Pear"},{"floor":31,"key":"Omamori"}],"event_choices":[{"damage_healed":0,"gold_gain":0,"player_choice":"Upgraded","damage_taken":0,"max_hp_gain":0,"max_hp_loss":0,"event_name":"Upgrade Shrine","floor":11,"gold_loss":0,"cards_upgraded":["BattleHymn"]},{"damage_healed":0,"gold_gain":0,"player_choice":"Smashed Altar","damage_taken":0,"max_hp_gain":0,"max_hp_loss":0,"event_name":"Forgotten Altar","floor":20,"gold_loss":0,"cards_obtained":["Decay"]},{"damage_healed":0,"gold_gain":0,"player_choice":"Joined the Cult","damage_taken":6,"max_hp_gain":0,"max_hp_loss":0,"event_name":"Nest","floor":22,"gold_loss":0,"cards_obtained":["RitualDagger"]},{"damage_healed":0,"gold_gain":0,"player_choice":"Simplicity","damage_taken":0,"max_hp_gain":0,"max_hp_loss":0,"event_name":"Back to Basics","floor":30,"gold_loss":0,"cards_upgraded":["Strike_P","Strike_P","Strike_P","Defend_P","Defend_P","Defend_P","Defend_P"]}],"is_beta":true,"boss_relics":[{"not_picked":["Empty Cage","Sozu"],"picked":"SlaversCollar"}],"items_purged_floors":[3,21],"is_endless":false,"potions_floor_spawned":[2,6,16,19,27,28],"killed_by":"Collector","ascension_level":12}