{"path_per_floor":["M","?","M","M","$","R","?","R","T","M","E","?","R","$","R","B",null,"M","M","$","M","?","R"],"character_chosen":"THE_SILENT","items_purchased":["Well Laid Plans","Outmaneuver","Acrobatics"],"gold_per_floor":[110,60,78,94,15,15,15,15,15,30,59,59,59,12,12,111,111,128,143,23,40,40,40,40],"floor_reached":24,"campfire_rested":0,"playtime":1811,"current_hp_per_floor":[70,70,70,70,70,70,75,75,75,72,69,69,69,69,69,55,75,75,75,75,53,39,45,0],"items_purged":["Strike_G"],"gold":40,"score":204,"play_id":"1537d2da-e107-409a-8c36-e00de978b5aa","local_time":"20180523194648","is_prod":false,"is_daily":false,"chose_seed":false,"is_ascension_mode":true,"campfire_upgraded":5,"timestamp":1527130008,"campfire_choices":[{"data":"Neutralize","floor":6,"key":"SMITH"},{"data":"Well Laid Plans","floor":8,"key":"SMITH"},{"data":"Deadly Poison","floor":13,"key":"SMITH"},{"data":"Outmaneuver","floor":15,"key":"SMITH"},{"data":"Poisoned Stab","floor":23,"key":"SMITH"}],"path_taken":["M","?","M","?","$","R","?","R","T","M","E","?","R","?","R","BOSS","M","M","$","M","?","R","E"],"build_version":"2018-05-17","seed_source_timestamp":7051310884214,"purchased_purges":1,"victory":false,"master_deck":["Defend_G","Defend_G","Defend_G","Defend_G","Defend_G","Strike_G","Strike_G","Survivor","Neutralize+1","Dagger Throw","Backflip","Flying Knee","Well Laid Plans+1","Deadly Poison+1","Outmaneuver+1","Poisoned Stab+1","Prepared","Acrobatics","Escape Plan"],"max_hp_per_floor":[70,70,70,70,70,70,75,75,75,75,75,75,75,75,75,75,75,75,75,75,75,80,80,80],"relics":["Ring of the Snake","NeowsBlessing","Ninja Scroll","Ornamental Fan","Eternal Feather"],"card_choices":[{"not_picked":["Prepared","Setup"],"picked":"Dagger Throw","floor":1},{"not_picked":["Dagger Spray","A Thousand Cuts"],"picked":"Backflip","floor":3},{"not_picked":["Setup","Underhanded Strike"],"picked":"Flying Knee","floor":4},{"not_picked":["Flechettes","Flying Knee","Blade Dance"],"picked":"SKIP","floor":10},{"not_picked":["Malaise","Bane"],"picked":"Deadly Poison","floor":11},{"not_picked":["All Out Attack","Reflex"],"picked":"Poisoned Stab","floor":18},{"not_picked":["Distraction","Dagger Throw"],"picked":"Prepared","floor":19},{"not_picked":["Endless Agony+1","Deflect"],"picked":"Escape Plan","floor":21}],"player_experience":318326,"potions_floor_usage":[21,24],"damage_taken":[{"damage":0,"enemies":"2 Louse","floor":1,"turns":1},{"damage":0,"enemies":"Jaw Worm","floor":3,"turns":1},{"damage":0,"enemies":"Small Slimes","floor":4,"turns":1},{"damage":3,"enemies":"Gremlin Gang","floor":10,"turns":4},{"damage":3,"enemies":"3 Sentries","floor":11,"turns":7},{"damage":14,"enemies":"The Guardian","floor":16,"turns":11},{"damage":0,"enemies":"Chosen","floor":18,"turns":5},{"damage":0,"enemies":"Shell Parasite","floor":19,"turns":5},{"damage":22,"enemies":"Cultist and Chosen","floor":21,"turns":10},{"damage":47,"enemies":"Book of Stabbing","floor":24,"turns":7}],"relics_obtained":[{"floor":9,"key":"Ninja Scroll"},{"floor":11,"key":"Ornamental Fan"}],"event_choices":[{"event_name":"The Cleric","player_choice":"Card Removal","floor":2,"damage_taken":0},{"event_name":"Big Fish","player_choice":"Donut","floor":7,"damage_taken":0},{"event_name":"Living Wall","player_choice":"Forget","floor":12,"damage_taken":0},{"event_name":"Forgotten Altar","player_choice":"Shed Blood","floor":22,"damage_taken":0}],"boss_relics":[{"not_picked":["Cursed Key","Ectoplasm"],"picked":"Eternal Feather"}],"potions_floor_spawned":[4,11,18],"seed_played":"65685301339669239","killed_by":"Book of Stabbing","ascension_level":1,"potions_obtained":[{"floor":4,"key":"Weak Potion"},{"floor":11,"key":"Dexterity Potion"},{"floor":18,"key":"Explosive Potion"}],"is_trial":false}