{"gold_per_floor":[119,43,62,62,78,113,113,129,180,199,199,233,3,19,19,122,122,142,157,187,187,200,230,230,243,243,268,283,358,85,95,95,197,197,208,223,273,249,264,290,290,317,370,370,387,406,7,229,229,229],"floor_reached":51,"playtime":3642,"items_purged":["Strike_R","Strike_R+1"],"score":1044,"play_id":"37a7edc0-e6ae-489a-a323-01db5ba3c1ab","local_time":"20190930135702","is_ascension_mode":true,"campfire_choices":[{"data":"Corruption","floor":7.0,"key":"SMITH"},{"data":"Pommel Strike","floor":15.0,"key":"SMITH"},{"data":"Bash","floor":24.0,"key":"SMITH"},{"floor":32.0,"key":"REST"},{"data":"Sword Boomerang","floor":44,"key":"SMITH"},{"floor":49,"key":"REST"}],"neow_cost":"NONE","seed_source_timestamp":94334192672600,"circlet_count":0,"master_deck":["Strike_R+1","Strike_R+1","Strike_R+1","Defend_R+1","Defend_R+1","Defend_R+1","Defend_R+1","Bash+1","Sword Boomerang+1","Corruption+1","Iron Wave","Pommel Strike+1","Ghostly Armor","Shrug It Off","Carnage","Bludgeon","Anger+1","Flame Barrier","Ghostly Armor+1","Cleave+1","Spot Weakness","Shrug It Off","Double Tap+1","Headbutt+1","Inflame+1","Entrench"],"special_seed":0,"relics":["Burning Blood","Bronze Scales","Paper Frog","Anchor","Vajra","Ice Cream","Sling","SlaversCollar","Red Mask","Shuriken","Molten Egg 2","Frozen Egg 2","Lantern","Busted Crown","CaptainsWheel","Bottled Flame","Centennial Puzzle","Bag of Preparation","Calipers"],"potions_floor_usage":[50,50,50],"damage_taken":[{"damage":1.0,"enemies":"Cultist","floor":1.0,"turns":3.0},{"damage":4.0,"enemies":"Small Slimes","floor":3.0,"turns":3.0},{"damage":3.0,"enemies":"2 Louse","floor":5.0,"turns":3.0},{"damage":25.0,"enemies":"Lagavulin","floor":6.0,"turns":5.0},{"damage":0.0,"enemies":"Looter","floor":8.0,"turns":3.0},{"damage":8.0,"enemies":"Exordium Thugs","floor":10.0,"turns":4.0},{"damage":7.0,"enemies":"3 Sentries","floor":12.0,"turns":7.0},{"damage":3.0,"enemies":"Large Slime","floor":14.0,"turns":4.0},{"damage":48.0,"enemies":"Slime Boss","floor":16.0,"turns":10.0},{"damage":18.0,"enemies":"2 Thieves","floor":18.0,"turns":4.0},{"damage":0.0,"enemies":"3 Byrds","floor":19.0,"turns":3.0},{"damage":55.0,"enemies":"Masked Bandits","floor":20.0,"turns":5.0},{"damage":9.0,"enemies":"Centurion and Healer","floor":22.0,"turns":6.0},{"damage":0.0,"enemies":"Book of Stabbing","floor":23.0,"turns":4.0},{"damage":5.0,"enemies":"3 Cultists","floor":25.0,"turns":5.0},{"damage":0.0,"enemies":"Gremlin Leader","floor":27.0,"turns":3.0},{"damage":0.0,"enemies":"Snake Plant","floor":28.0,"turns":2.0},{"damage":12.0,"enemies":"Cultist and Chosen","floor":31.0,"turns":6.0},{"damage":16.0,"enemies":"Collector","floor":33.0,"turns":10.0},{"damage":0.0,"enemies":"Orb Walker","floor":35.0,"turns":3.0},{"damage":11.0,"enemies":"3 Darklings","floor":36.0,"turns":4.0},{"damage":17.0,"enemies":"2 Orb Walkers","floor":37.0,"turns":4.0},{"damage":0.0,"enemies":"Transient","floor":39.0,"turns":5.0},{"damage":37.0,"enemies":"Nemesis","floor":40.0,"turns":3.0},{"damage":0,"enemies":"Giant Head","floor":42,"turns":5},{"damage":0,"enemies":"Sphere and 2 Shapes","floor":45,"turns":3},{"damage":0,"enemies":"Jaw Worm Horde","floor":46,"turns":3},{"damage":59,"enemies":"Time Eater","floor":50,"turns":8}],"seed_played":"6986410695354920945","potions_obtained":[{"floor":3.0,"key":"SteroidPotion"},{"floor":8.0,"key":"ElixirPotion"},{"floor":10.0,"key":"BloodPotion"},{"floor":12.0,"key":"Dexterity Potion"},{"floor":14.0,"key":"FearPotion"},{"floor":19.0,"key":"SteroidPotion"},{"floor":22.0,"key":"PowerPotion"},{"floor":23.0,"key":"SpeedPotion"},{"floor":25.0,"key":"Strength Potion"},{"floor":27.0,"key":"Weak Potion"},{"floor":33.0,"key":"SkillPotion"},{"floor":37.0,"key":"SteroidPotion"},{"floor":40,"key":"SkillPotion"}],"is_trial":false,"path_per_floor":["M","$","M","?","M","E","R","M","T","M","?","E","$","M","R","B",null,"M","M","?","?","M","E","R","M","T","E","M","?","$","M","R","B",null,"M","M","?","$","M","E","?","E","T","R","M","M","$","?","R","B",null],"character_chosen":"IRONCLAD","items_purchased":["Corruption","Sling","Shrug It Off","Lantern","Headbutt+1","Calipers","Inflame+1","Entrench"],"campfire_rested":2,"item_purchase_floors":[2,13,30,30,38,47,47,47],"current_hp_per_floor":[77,77,79,61,64,45,45,51,51,49,54,53,53,56,56,14,67,55,61,12,12,26,32,32,33,33,39,45,37,37,31,56,46,75,81,76,65,65,71,40,40,46,46,46,52,58,58,58,83,30],"gold":229,"neow_bonus":"RANDOM_COMMON_RELIC","is_prod":false,"is_daily":false,"chose_seed":false,"campfire_upgraded":4,"win_rate":0,"timestamp":1569869822,"path_taken":["M","?","M","?","M","E","R","M","T","M","?","E","$","M","R","BOSS","M","M","?","?","M","E","R","M","T","E","M","?","$","?","R","BOSS","M","M","?","$","M","E","?","E","T","R","M","M","$","?","R","BOSS"],"build_version":"2019-09-27","purchased_purges":2,"victory":true,"max_hp_per_floor":[80,80,80,80,80,80,80,80,80,80,85,85,85,85,85,85,85,85,85,85,85,85,85,85,85,85,85,85,85,85,85,85,85,85,85,85,85,85,85,85,85,85,85,85,85,85,85,85,85,85],"card_choices":[{"not_picked":["Wild Strike","Intimidate"],"picked":"Sword Boomerang","floor":1.0},{"not_picked":["Intimidate","Shockwave"],"picked":"Iron Wave","floor":3.0},{"not_picked":["Entrench","Iron Wave"],"picked":"Pommel Strike","floor":5.0},{"not_picked":["Perfected Strike","Sever Soul"],"picked":"Ghostly Armor","floor":6.0},{"not_picked":["Cleave","Warcry"],"picked":"Shrug It Off","floor":8.0},{"not_picked":["Bloodletting","Dropkick"],"picked":"Carnage","floor":10.0},{"not_picked":["Iron Wave","Feed","Perfected Strike"],"picked":"SKIP","floor":12.0},{"not_picked":["Iron Wave","Feed","Perfected Strike"],"picked":"SKIP","floor":12.0},{"not_picked":["Warcry","Hemokinesis","Reckless Charge"],"picked":"SKIP","floor":14.0},{"not_picked":["Offering","Brutality"],"picked":"Bludgeon","floor":16.0},{"not_picked":["Power Through","Wild Strike+1"],"picked":"Anger+1","floor":18.0},{"not_picked":["Battle Trance","True Grit","Intimidate"],"picked":"SKIP","floor":19.0},{"not_picked":["Combust","Sword Boomerang"],"picked":"Flame Barrier","floor":22.0},{"not_picked":["Wild Strike+1","Heavy Blade"],"picked":"Ghostly Armor+1","floor":23.0},{"not_picked":["Heavy Blade","Power Through+1"],"picked":"Cleave+1","floor":25.0},{"not_picked":["Searing Blow+1","Clash+1"],"picked":"Spot Weakness","floor":27.0},{"not_picked":["Warcry+1","Flex","Body Slam+1"],"picked":"SKIP","floor":28.0},{"not_picked":["Anger+1","Perfected Strike+1","Iron Wave+1"],"picked":"SKIP","floor":31.0},{"not_picked":["Limit Break","Exhume"],"picked":"Double Tap","floor":33.0},{"not_picked":["Combust+1"],"picked":"SKIP","floor":35.0},{"not_picked":["Rage+1"],"picked":"SKIP","floor":36.0},{"not_picked":["Wild Strike+1"],"picked":"SKIP","floor":39.0},{"not_picked":["Havoc"],"picked":"SKIP","floor":40},{"not_picked":["Warcry+1"],"picked":"SKIP","floor":42},{"not_picked":["Thunderclap+1"],"picked":"SKIP","floor":45},{"not_picked":["Iron Wave+1"],"picked":"SKIP","floor":46},{"not_picked":["Iron Wave+1"],"picked":"SKIP","floor":46}],"player_experience":345176,"relics_obtained":[{"floor":6.0,"key":"Anchor"},{"floor":9.0,"key":"Vajra"},{"floor":12.0,"key":"Ice Cream"},{"floor":20.0,"key":"Red Mask"},{"floor":23.0,"key":"Shuriken"},{"floor":26.0,"key":"Molten Egg 2"},{"floor":27.0,"key":"Frozen Egg 2"},{"floor":37.0,"key":"CaptainsWheel"},{"floor":40,"key":"Bottled Flame"},{"floor":42,"key":"Centennial Puzzle"},{"floor":43,"key":"Bag of Preparation"}],"event_choices":[{"damage_healed":0.0,"max_hp_gain":0.0,"max_hp_loss":0.0,"gold_gain":0.0,"event_name":"Scrap Ooze","player_choice":"Success","floor":4.0,"gold_loss":0.0,"damage_taken":18.0,"relics_obtained":["Paper Frog"]},{"damage_healed":0.0,"max_hp_gain":5.0,"max_hp_loss":0.0,"gold_gain":0.0,"event_name":"Big Fish","player_choice":"Donut","floor":11.0,"gold_loss":0.0,"damage_taken":0.0},{"damage_healed":0.0,"max_hp_gain":0.0,"max_hp_loss":0.0,"gold_gain":0.0,"event_name":"Masked Bandits","player_choice":"Fought Bandits","floor":20.0,"gold_loss":0.0,"damage_taken":0.0},{"damage_healed":0.0,"max_hp_gain":0.0,"max_hp_loss":0.0,"gold_gain":0.0,"event_name":"Back to Basics","player_choice":"Simplicity","floor":21.0,"gold_loss":0.0,"damage_taken":0.0,"cards_upgraded":["Strike_R","Strike_R","Strike_R","Strike_R","Defend_R","Defend_R","Defend_R","Defend_R"]},{"damage_healed":0.0,"max_hp_gain":0.0,"max_hp_loss":0.0,"gold_gain":75.0,"event_name":"FaceTrader","player_choice":"Touch","floor":29.0,"gold_loss":0.0,"damage_taken":8.0},{"damage_healed":0.0,"max_hp_gain":0.0,"max_hp_loss":0.0,"gold_gain":0.0,"event_name":"Mysterious Sphere","player_choice":"Fight","floor":37.0,"gold_loss":0.0,"damage_taken":0.0},{"damage_healed":0,"gold_gain":0,"player_choice":"Upgraded","damage_taken":0,"max_hp_gain":0,"max_hp_loss":0,"event_name":"Upgrade Shrine","floor":41,"gold_loss":0,"cards_upgraded":["Double Tap"]},{"damage_healed":0,"gold_gain":222,"player_choice":"Wore Mask","damage_taken":0,"max_hp_gain":0,"max_hp_loss":0,"event_name":"Tomb of Lord Red Mask","floor":48,"gold_loss":0}],"is_beta":true,"boss_relics":[{"not_picked":["SacredBark","Runic Cube"],"picked":"SlaversCollar"},{"not_picked":["Coffee Dripper","Astrolabe"],"picked":"Busted Crown"}],"items_purged_floors":[13,30],"is_endless":false,"potions_floor_spawned":[3,8,10,12,14,19,22,23,25,27,33,37,40,46],"ascension_level":6}