{"gold_per_floor":[118,128,128,140,154,182,182,182,228,228,261,261,293,308,308,412,412,422,432,443,287,287,287,317,330,330,330,349,349,411,427,427,525,525,537,547,457,178,178],"floor_reached":39,"playtime":2576,"items_purged":["Decay"],"score":510,"play_id":"22676386-1aa9-4d40-b23e-97ecebda4d68","local_time":"20190628221824","is_ascension_mode":true,"campfire_choices":[{"floor":7,"key":"REST"},{"floor":12,"key":"REST"},{"data":"Bullet Time","floor":15,"key":"SMITH"},{"floor":23,"key":"REST"},{"floor":27,"key":"REST"},{"floor":32,"key":"REST"}],"neow_cost":"NONE","seed_source_timestamp":1365762637236396,"circlet_count":0,"master_deck":["Defend_G","Defend_G","Defend_G","Defend_G+1","Defend_G","Survivor","Neutralize","Crippling Poison","Dagger Spray","Flechettes","Blade Dance","Noxious Fumes","Bullet Time+1","Backflip","Crippling Poison","After Image","Escape Plan+1","Dodge and Roll","Dagger Throw","PiercingWail","Catalyst","Deadly Poison","Deadly Poison","Burst","Prepared","Terror"],"special_seed":0,"relics":["Ring of the Snake","Gremlin Horn","Bag of Preparation","Bronze Scales","Blood Vial","The Specimen","Black Star","Snake Skull","Blue Candle","Pear","Tiny Chest","Bag of Marbles","Lizard Tail","Medical Kit"],"potions_floor_usage":[6,11,16,16,33,33],"damage_taken":[{"damage":0.0,"enemies":"2 Louse","floor":1.0,"turns":3.0},{"damage":9.0,"enemies":"Jaw Worm","floor":2.0,"turns":3.0},{"damage":0,"enemies":"Cultist","floor":4,"turns":3},{"damage":7,"enemies":"Blue Slaver","floor":5,"turns":4},{"damage":23,"enemies":"Lagavulin","floor":6,"turns":6},{"damage":10,"enemies":"3 Sentries","floor":11,"turns":5},{"damage":27,"enemies":"Lagavulin","floor":13,"turns":7},{"damage":0,"enemies":"Looter","floor":14,"turns":2},{"damage":10,"enemies":"Slime Boss","floor":16,"turns":6},{"damage":21,"enemies":"Chosen","floor":18,"turns":5},{"damage":3,"enemies":"3 Byrds","floor":19,"turns":2},{"damage":24,"enemies":"Snecko","floor":20,"turns":6},{"damage":41,"enemies":"Slavers","floor":24,"turns":5},{"damage":5,"enemies":"Centurion and Healer","floor":25,"turns":7},{"damage":5,"enemies":"Cultist and Chosen","floor":28,"turns":4},{"damage":28,"enemies":"Book of Stabbing","floor":30,"turns":4},{"damage":18,"enemies":"3 Cultists","floor":31,"turns":5},{"damage":15,"enemies":"Collector","floor":33,"turns":6},{"damage":13,"enemies":"Orb Walker","floor":35,"turns":4},{"damage":4,"enemies":"3 Shapes","floor":36,"turns":4},{"damage":73,"enemies":"Transient","floor":39,"turns":5}],"seed_played":"2512220309374712542","potions_obtained":[{"floor":1.0,"key":"Fire Potion"},{"floor":2.0,"key":"SteroidPotion"},{"floor":4,"key":"Poison Potion"},{"floor":11,"key":"Explosive Potion"},{"floor":20,"key":"LiquidBronze"},{"floor":25,"key":"Block Potion"},{"floor":28,"key":"Swift Potion"},{"floor":33,"key":"Dexterity Potion"}],"is_trial":false,"path_per_floor":["M","M","?","M","M","E","R","?","T","?","E","R","E","M","R","B",null,"M","M","M","$","?","R","E","M","T","R","M","?","E","M","R","B",null,"M","M","?","$","M"],"character_chosen":"THE_SILENT","items_purchased":["Snake Skull","Medical Kit"],"campfire_rested":5,"item_purchase_floors":[21,38],"current_hp_per_floor":[77,68,68,68,61,38,61,49,49,49,39,62,37,39,39,31,77,56,55,33,33,33,56,27,24,24,50,47,47,21,5,31,18,87,74,72,72,72,1],"gold":178,"neow_bonus":"TEN_PERCENT_HP_BONUS","is_prod":false,"is_daily":false,"chose_seed":false,"campfire_upgraded":1,"win_rate":0,"timestamp":1561774704,"path_taken":["M","M","?","M","M","E","R","?","T","?","E","R","E","M","R","BOSS","M","?","M","$","?","R","E","M","T","R","M","?","E","M","R","BOSS","M","M","?","$","M"],"build_version":"2019-01-23","purchased_purges":1,"victory":false,"max_hp_per_floor":[77,77,77,77,77,77,77,77,77,77,77,77,77,77,77,77,77,77,77,77,77,77,77,87,87,87,87,87,87,87,87,87,87,87,87,87,87,87,87],"card_choices":[{"not_picked":["Sucker Punch","Catalyst"],"picked":"Crippling Poison","floor":1.0},{"not_picked":["Dash","Choke"],"picked":"Dagger Spray","floor":2.0},{"not_picked":["Dagger Spray","Quick Slash"],"picked":"Blade Dance","floor":4},{"not_picked":["Terror","All Out Attack"],"picked":"Noxious Fumes","floor":5},{"not_picked":["Bane","Backstab"],"picked":"Bullet Time","floor":6},{"not_picked":["Flying Knee","Choke"],"picked":"Backflip","floor":11},{"not_picked":["Blur","Tactician"],"picked":"Crippling Poison","floor":13},{"not_picked":["Dagger Throw","Dagger Spray","Bane"],"picked":"SKIP","floor":14},{"not_picked":["Wraith Form v2","Grand Finale"],"picked":"After Image","floor":16},{"not_picked":["Dagger Spray+1","Dodge and Roll","Finisher"],"picked":"SKIP","floor":18},{"not_picked":["Underhanded Strike","Dash","Heel Hook"],"picked":"SKIP","floor":19},{"not_picked":["Poisoned Stab+1","Dagger Throw"],"picked":"Escape Plan+1","floor":20},{"not_picked":["Masterful Stab","Predator"],"picked":"PiercingWail","floor":24},{"not_picked":["Endless Agony","Quick Slash"],"picked":"Catalyst","floor":25},{"not_picked":["Prepared","Underhanded Strike+1"],"picked":"Deadly Poison","floor":28},{"not_picked":["Die Die Die","Leg Sweep","Deadly Poison"],"picked":"SKIP","floor":30},{"not_picked":["Eviscerate","Sucker Punch"],"picked":"Deadly Poison","floor":31},{"not_picked":["Glass Knife","A Thousand Cuts"],"picked":"Burst","floor":33},{"not_picked":["Masterful Stab","Backstab"],"picked":"Prepared","floor":35},{"not_picked":["Crippling Poison","Flying Knee+1"],"picked":"Terror","floor":36}],"player_experience":259745,"relics_obtained":[{"floor":6,"key":"Gremlin Horn"},{"floor":9,"key":"Bronze Scales"},{"floor":11,"key":"Blood Vial"},{"floor":13,"key":"The Specimen"},{"floor":24,"key":"Blue Candle"},{"floor":24,"key":"Pear"},{"floor":30,"key":"Tiny Chest"},{"floor":30,"key":"Bag of Marbles"}],"event_choices":[{"damage_healed":0,"gold_gain":0,"cards_transformed":["Strike_G"],"player_choice":"Change","damage_taken":0,"max_hp_gain":0,"max_hp_loss":0,"event_name":"Living Wall","floor":3,"gold_loss":0,"cards_obtained":["Flechettes"]},{"damage_healed":0,"gold_gain":0,"player_choice":"Success","damage_taken":12,"relics_obtained":["Bag of Preparation"],"max_hp_gain":0,"max_hp_loss":0,"event_name":"Scrap Ooze","floor":8,"gold_loss":0},{"cards_removed":["Strike_G"],"damage_healed":0,"gold_gain":0,"player_choice":"Purged","damage_taken":0,"max_hp_gain":0,"max_hp_loss":0,"event_name":"Purifier","floor":10,"gold_loss":0},{"damage_healed":0,"gold_gain":0,"cards_transformed":["Strike_G","Strike_G"],"player_choice":"Became Test Subject","damage_taken":0,"max_hp_gain":0,"max_hp_loss":0,"event_name":"Drug Dealer","floor":22,"gold_loss":0,"cards_obtained":["Dodge and Roll","Dagger Throw"]},{"damage_healed":0,"gold_gain":0,"player_choice":"Smashed Altar","damage_taken":0,"max_hp_gain":0,"max_hp_loss":0,"event_name":"Forgotten Altar","floor":29,"gold_loss":0,"cards_obtained":["Decay"]},{"cards_removed":["Strike_G"],"damage_healed":0,"gold_gain":0,"player_choice":"Upgrade and Remove","damage_taken":0,"max_hp_gain":0,"max_hp_loss":0,"event_name":"Designer","floor":37,"gold_loss":90,"cards_upgraded":["Defend_G"]}],"is_beta":false,"boss_relics":[{"not_picked":["Eternal Feather","Ring of the Serpent"],"picked":"Black Star"},{"not_picked":["Velvet Choker","Cursed Key"],"picked":"Lizard Tail"}],"items_purged_floors":[38],"is_endless":false,"potions_floor_spawned":[1,2,4,11,20,25,28,30,33],"killed_by":"Transient","ascension_level":2}