{"gold_per_floor":[119,194,194,210,222,247,247,280,280,203,228,228,241,252,252,252],"floor_reached":16,"playtime":74923,"items_purged":[],"score":156,"play_id":"b44ad5fa-60ee-4302-a74a-5effe26bfe7e","local_time":"20190920164841","is_ascension_mode":true,"campfire_choices":[{"floor":7.0,"key":"REST"},{"floor":12,"key":"REST"},{"data":"Combust","floor":15,"key":"SMITH"}],"neow_cost":"NONE","seed_source_timestamp":747877866857905,"circlet_count":0,"master_deck":["Strike_R","Strike_R","Strike_R","Strike_R","Strike_R","Defend_R","Defend_R","Defend_R","Defend_R","Bash","Cleave","Rampage","Flex","Combust+1","Metallicize","Evolve","Infernal Blade","Corruption"],"special_seed":0,"relics":["Burning Blood","Potion Belt","Nunchaku","Bird Faced Urn","Art of War","Turnip","Blood Vial"],"potions_floor_usage":[11],"damage_taken":[{"damage":2.0,"enemies":"Jaw Worm","floor":1.0,"turns":6.0},{"damage":7.0,"enemies":"Small Slimes","floor":4.0,"turns":3.0},{"damage":0.0,"enemies":"Cultist","floor":5.0,"turns":4.0},{"damage":40.0,"enemies":"3 Sentries","floor":6.0,"turns":5.0},{"damage":29.0,"enemies":"Lagavulin","floor":8.0,"turns":7.0},{"damage":21,"enemies":"Gremlin Nob","floor":11,"turns":4},{"damage":0,"enemies":"Large Slime","floor":13,"turns":4},{"damage":8,"enemies":"Looter","floor":14,"turns":3},{"damage":76,"enemies":"Hexaghost","floor":16,"turns":11}],"seed_played":"5397179532507286820","potions_obtained":[{"floor":5.0,"key":"LiquidBronze"},{"floor":8.0,"key":"SkillPotion"},{"floor":14,"key":"Poison Potion"}],"is_trial":false,"path_per_floor":["M","?","?","M","M","E","R","E","T","$","E","R","M","M","R","B"],"character_chosen":"IRONCLAD","items_purchased":["Evolve"],"campfire_rested":2,"item_purchase_floors":[10],"current_hp_per_floor":[76,65,62,61,67,33,57,36,36,36,25,49,61,65,65,0],"gold":252,"neow_bonus":"RANDOM_COMMON_RELIC","is_prod":false,"is_daily":false,"chose_seed":false,"campfire_upgraded":1,"win_rate":0,"timestamp":1569023321,"path_taken":["M","?","?","M","M","E","R","E","T","?","E","R","?","M","R","BOSS"],"build_version":"2019-07-17","purchased_purges":0,"victory":false,"max_hp_per_floor":[80,80,80,80,80,80,80,80,80,80,80,80,80,80,80,80],"card_choices":[{"not_picked":["Pummel","Clash"],"picked":"Cleave","floor":1.0},{"not_picked":["Twin Strike","Clash"],"picked":"Rampage","floor":4.0},{"not_picked":["Thunderclap","Sword Boomerang"],"picked":"Flex","floor":5.0},{"not_picked":["Rage","Bludgeon"],"picked":"Combust","floor":6.0},{"not_picked":["Carnage","Exhume"],"picked":"Metallicize","floor":8.0},{"not_picked":["Heavy Blade","Evolve"],"picked":"Infernal Blade","floor":11},{"not_picked":["Sword Boomerang","Clash","Entrench"],"picked":"SKIP","floor":13},{"not_picked":["Twin Strike","Anger"],"picked":"Corruption","floor":14}],"player_experience":3642581,"relics_obtained":[{"floor":6.0,"key":"Bird Faced Urn"},{"floor":8.0,"key":"Art of War"},{"floor":9.0,"key":"Turnip"},{"floor":11,"key":"Blood Vial"}],"event_choices":[{"damage_healed":0.0,"max_hp_gain":0.0,"max_hp_loss":0.0,"gold_gain":75.0,"event_name":"World of Goop","player_choice":"Gather Gold","floor":2.0,"gold_loss":0.0,"damage_taken":11.0},{"damage_healed":0.0,"max_hp_gain":0.0,"max_hp_loss":0.0,"gold_gain":0.0,"event_name":"Scrap Ooze","player_choice":"Success","floor":3.0,"gold_loss":0.0,"damage_taken":3.0,"relics_obtained":["Nunchaku"]}],"is_beta":false,"boss_relics":[],"items_purged_floors":[],"is_endless":false,"potions_floor_spawned":[5,8,14],"killed_by":"Hexaghost","ascension_level":6}