{"path_per_floor":["M","?","M","M","M","E","?","M","T","M","$","R","$","?","R","B",null,"M","?","?","$","M","E","R","?","T","?","$","R","M","M","R"],"character_chosen":"IRONCLAD","items_purchased":[],"gold_per_floor":[19,19,36,52,70,97,97,107,107,121,46,46,46,221,221,321,321,338,338,338,238,257,284,284,284,284,284,159,159,170,187,187],"floor_reached":33,"campfire_rested":0,"playtime":2824,"current_hp_per_floor":[80,80,80,74,76,51,51,46,56,53,53,53,53,53,53,7,90,90,90,90,90,90,63,63,45,45,45,45,45,36,14,14],"items_purged":["Normality","Demon Form","Carnage"],"gold":187,"score":290,"play_id":"01b8e463-ea0c-4625-b4b6-c2a4836d68b0","local_time":"20180310205930","is_prod":false,"is_daily":false,"is_ascension_mode":false,"campfire_upgraded":5,"timestamp":1520733570,"path_taken":["M","?","M","?","M","E","?","M","T","?","$","R","?","?","R","BOSS","M","?","?","$","M","E","R","?","T","?","?","R","M","?","R","BOSS"],"build_version":"2018-03-09","purchased_purges":3,"victory":false,"master_deck":["Bash","Searing Blow+5","Flex","Double Tap","Twin Strike","Twin Strike","Pommel Strike","Thunderclap","Sword Boomerang","Ghostly Armor","Sword Boomerang","Headbutt","Battle Trance+1"],"max_hp_per_floor":[80,80,80,80,80,80,80,80,90,90,90,90,90,90,90,90,90,90,90,90,90,90,90,90,95,95,95,95,95,95,95,95],"relics":["Bag of Marbles","Orichalcum","Pear","Pandora\u0027s Box","Torii","Bag of Preparation","Ginger","Nloth\u0027s Gift"],"card_choices":[{"not_picked":["Fiend Fire","Immolate"],"picked":"Demon Form"},{"not_picked":["Inflame","Anger"],"picked":"Searing Blow"},{"not_picked":["Sword Boomerang","Shrug It Off"],"picked":"Flex"},{"not_picked":["Immolate","Impervious"],"picked":"Double Tap"},{"not_picked":["Perfected Strike","Wild Strike"],"picked":"Battle Trance"}],"player_experience":75897,"potions_floor_usage":[16,16,23,33,33],"damage_taken":[{"damage":2,"enemies":"2 Louse","floor":1,"turns":4},{"damage":1,"enemies":"Cultist","floor":3,"turns":3},{"damage":12,"enemies":"Small Slimes","floor":4,"turns":4},{"damage":4,"enemies":"3 Louse","floor":5,"turns":5},{"damage":31,"enemies":"Lagavulin","floor":6,"turns":7},{"damage":11,"enemies":"Lots of Slimes","floor":8,"turns":5},{"damage":9,"enemies":"Looter","floor":10,"turns":3},{"damage":52,"enemies":"Hexaghost","floor":16,"turns":11},{"damage":4,"enemies":"3 Byrds","floor":18,"turns":4},{"damage":2,"enemies":"Shell Parasite","floor":22,"turns":3},{"damage":33,"enemies":"Book of Stabbing","floor":23,"turns":4},{"damage":9,"enemies":"Cultist and Chosen","floor":30,"turns":4},{"damage":22,"enemies":"3 Cultists","floor":31,"turns":5},{"damage":26,"enemies":"Collector","floor":33,"turns":2}],"event_choices":[{"event_name":"Accursed Blacksmith","player_choice":"Rummage","floor":2,"damage_taken":0},{"event_name":"The Lab","player_choice":"Got Potions","floor":7,"damage_taken":0},{"event_name":"Liars Game","player_choice":"agreed","floor":14,"damage_taken":0},{"event_name":"Fountain of Cleansing","player_choice":"Removed Curse","floor":19,"damage_taken":0},{"event_name":"The Mausoleum","player_choice":"Yes","floor":20,"damage_taken":0},{"event_name":"Forgotten Altar","player_choice":"Shed Blood","floor":25,"damage_taken":0},{"event_name":"N\u0027loth","player_choice":"Traded a Burning Blood","floor":27,"damage_taken":0}],"boss_relics":[{"not_picked":["Velvet Choker","Philosopher\u0027s Stone"],"picked":"Pandora\u0027s Box"}],"potions_floor_spawned":[3,5,10,18,22],"seed_played":"-7052293581749694738","killed_by":"Collector","ascension_level":0,"is_trial":false}