{"path_per_floor":["M","M","M","M","M","R","M","R","T","M","E","?","?","$","R"],"character_chosen":"IRONCLAD","items_purchased":["Battle Trance"],"gold_per_floor":[118,135,149,162,176,176,191,191,191,202,230,230,230,75,75,75],"floor_reached":16,"campfire_rested":0,"playtime":1102,"current_hp_per_floor":[80,80,80,77,80,80,67,67,74,80,85,78,78,78,78,0],"items_purged":["Strike_R"],"gold":75,"score":104,"play_id":"d65b0f18-cea2-4e8a-8047-4be08e8411ce","local_time":"20180425224546","is_prod":false,"is_daily":false,"chose_seed":false,"is_ascension_mode":false,"campfire_upgraded":3,"timestamp":1524721546,"path_taken":["M","M","M","M","M","R","M","R","T","M","E","?","?","$","R","BOSS"],"build_version":"2018-04-19","seed_source_timestamp":6085798941235,"purchased_purges":1,"victory":false,"master_deck":["Strike_R","Strike_R","Defend_R","Defend_R","Defend_R","Defend_R","Bash","Headbutt","Flex+1","Cleave","True Grit+1","Pommel Strike","Iron Wave","Evolve+1","Battle Trance"],"max_hp_per_floor":[80,80,80,80,80,80,80,80,87,87,87,87,87,87,87,87],"relics":["Burning Blood","Strawberry","Gremlin Horn"],"card_choices":[{"not_picked":["Clash","Clothesline"],"picked":"Headbutt","floor":1},{"not_picked":["Clothesline","Hemokinesis"],"picked":"Flex","floor":2},{"not_picked":["Searing Blow","Clash"],"picked":"Cleave","floor":3},{"not_picked":["Hemokinesis","Clash"],"picked":"True Grit","floor":4},{"not_picked":["Infernal Blade","Sword Boomerang"],"picked":"Pommel Strike","floor":5},{"not_picked":["Armaments","Barricade"],"picked":"Iron Wave","floor":7},{"not_picked":["Carnage","Hemokinesis"],"picked":"Evolve","floor":11}],"player_experience":32185,"potions_floor_usage":[5,11,16,16],"damage_taken":[{"damage":5,"enemies":"Jaw Worm","floor":1,"turns":6},{"damage":5,"enemies":"2 Louse","floor":2,"turns":3},{"damage":2,"enemies":"Small Slimes","floor":3,"turns":4},{"damage":9,"enemies":"2 Fungi Beasts","floor":4,"turns":3},{"damage":0,"enemies":"Large Slime","floor":5,"turns":5},{"damage":19,"enemies":"Exordium Thugs","floor":7,"turns":5},{"damage":0,"enemies":"2 Fungi Beasts","floor":10,"turns":3},{"damage":1,"enemies":"Gremlin Nob","floor":11,"turns":3},{"damage":84,"enemies":"Hexaghost","floor":16,"turns":11}],"event_choices":[{"event_name":"Golden Wing","player_choice":"Card Removal","floor":12,"damage_taken":0},{"event_name":"Living Wall","player_choice":"Forget","floor":13,"damage_taken":0}],"boss_relics":[],"potions_floor_spawned":[2,3,5,11],"seed_played":"2997240073456159617","killed_by":"Hexaghost","ascension_level":0,"is_trial":false}