{"path_per_floor":["M","$","M","?","?","E","R","M","T","R","?","?","E","T","R","B",null,"M","M","?","?","M","?","R","?","T","R","$","M","M","M","R","B",null,"M","M","$","M","M","R","M","M","T","M","?","?","R","$","R"],"character_chosen":"THE_SILENT","items_purchased":["Pen Nib","War Paint","Dodge and Roll"],"gold_per_floor":[118,43,57,57,57,85,85,105,130,130,205,155,181,181,181,277,277,294,304,304,229,247,297,297,297,343,343,38,56,69,83,83,186,216,228,242,91,102,119,119,136,148,202,217,217,217,217,92,92,92],"floor_reached":50,"campfire_rested":5,"playtime":5338,"current_hp_per_floor":[70,70,70,70,56,42,42,42,42,42,31,31,16,16,37,45,70,50,47,47,47,47,47,47,47,47,47,47,47,30,30,51,17,75,66,32,32,32,7,29,12,12,12,12,12,3,25,25,47,0],"items_purged":["Strike_G","Defend_G","Madness"],"gold":92,"score":452,"play_id":"07c1ef6c-6c2a-40fd-9b33-288655f0b39f","local_time":"20180513202443","is_prod":false,"is_daily":false,"chose_seed":false,"is_ascension_mode":false,"campfire_upgraded":4,"timestamp":1526268283,"path_taken":["M","$","M","?","?","E","R","M","T","R","?","?","E","?","R","BOSS","M","M","?","?","?","?","R","?","T","R","$","M","M","M","R","BOSS","M","M","$","M","M","R","M","M","T","M","?","?","R","?","R","BOSS"],"build_version":"2018-05-10","seed_source_timestamp":56281794052515,"purchased_purges":3,"victory":false,"master_deck":["Defend_G+1","Survivor+1","Neutralize+1","Escape Plan","Outmaneuver+1","Predator","Leg Sweep+1","Skewer+1","Adrenaline+1","Burst","Eviscerate+1","Glass Knife+1","Footwork+1","Backflip+1","Heel Hook+1","Quick Slash","Doppelganger","Expertise+1","A Thousand Cuts","Malaise","Night Terror","Deadly Poison","Deflect+1","Dodge and Roll","Envenom","Backflip+1","Madness"],"max_hp_per_floor":[70,70,70,70,70,70,70,70,70,70,70,70,70,70,70,70,70,70,70,70,70,70,70,70,70,70,70,70,70,70,70,70,70,75,75,75,75,75,75,75,75,75,75,75,75,75,75,75,75,75],"relics":["Ring of the Snake","Whetstone","Bronze Scales","Matryoshka","Astrolabe","Nloth\u0027s Gift","Dream Catcher","Bag of Preparation","Pen Nib","War Paint","Tiny House","Bag of Marbles","Oddly Smooth Stone"],"card_choices":[{"not_picked":["Slice","Prepared"],"picked":"Escape Plan","floor":1},{"not_picked":["Sucker Punch","Quick Slash"],"picked":"Outmaneuver","floor":3},{"not_picked":["Choke","Underhanded Strike"],"picked":"Leg Sweep","floor":6},{"not_picked":["Dagger Spray","Choke"],"picked":"Skewer","floor":8},{"not_picked":["Backflip","Deflect"],"picked":"Adrenaline","floor":13},{"not_picked":["Tactician","Unload"],"picked":"Burst","floor":16},{"not_picked":["Finisher","Choke"],"picked":"Backflip","floor":18},{"not_picked":["Backflip","Dagger Spray"],"picked":"Heel Hook","floor":19},{"not_picked":["Expertise","Dagger Spray"],"picked":"Quick Slash","floor":22},{"not_picked":["Leg Sweep","Quick Slash"],"picked":"Doppelganger","floor":29},{"not_picked":["Calculated Gamble","Sucker Punch"],"picked":"Expertise","floor":30},{"not_picked":["Backstab","Skewer"],"picked":"A Thousand Cuts","floor":31},{"not_picked":["PiercingWail","Flying Knee"],"picked":"Malaise","floor":32},{"not_picked":["Glass Knife","Venomology"],"picked":"Night Terror","floor":33},{"not_picked":["Terror","Sucker Punch"],"picked":"Deadly Poison","floor":34},{"not_picked":["Footwork","Acrobatics"],"picked":"Deflect","floor":35},{"not_picked":["Sucker Punch","PiercingWail"],"picked":"Envenom","floor":39},{"not_picked":["Underhanded Strike","Dagger Spray"],"picked":"Backflip","floor":41}],"player_experience":143966,"potions_floor_usage":[16,16,33,35,41,50,50],"damage_taken":[{"damage":0,"enemies":"2 Louse","floor":1,"turns":3},{"damage":0,"enemies":"Cultist","floor":3,"turns":5},{"damage":14,"enemies":"3 Sentries","floor":6,"turns":10},{"damage":0,"enemies":"Jaw Worm","floor":8,"turns":5},{"damage":15,"enemies":"Gremlin Nob","floor":13,"turns":5},{"damage":7,"enemies":"The Guardian","floor":16,"turns":9},{"damage":20,"enemies":"Chosen","floor":18,"turns":6},{"damage":3,"enemies":"3 Byrds","floor":19,"turns":4},{"damage":0,"enemies":"Snake Plant","floor":22,"turns":5},{"damage":0,"enemies":"3 Cultists","floor":29,"turns":5},{"damage":17,"enemies":"Centurion and Healer","floor":30,"turns":4},{"damage":0,"enemies":"Snecko","floor":31,"turns":4},{"damage":34,"enemies":"Collector","floor":33,"turns":15},{"damage":9,"enemies":"Orb Walker","floor":35,"turns":4},{"damage":34,"enemies":"3 Shapes","floor":36,"turns":8},{"damage":0,"enemies":"Maw","floor":38,"turns":8},{"damage":25,"enemies":"4 Shapes","floor":39,"turns":4},{"damage":17,"enemies":"Sphere and 2 Shapes","floor":41,"turns":9},{"damage":0,"enemies":"Maw","floor":42,"turns":11},{"damage":0,"enemies":"3 Darklings","floor":44,"turns":7},{"damage":64,"enemies":"Donu and Deca","floor":50,"turns":9}],"event_choices":[{"event_name":"Transmorgrifier","player_choice":"Transform","floor":4,"damage_taken":0},{"event_name":"Shining Light","player_choice":"Entered Light","floor":5,"damage_taken":0},{"event_name":"World of Goop","player_choice":"Gather Gold","floor":11,"damage_taken":0},{"event_name":"The Cleric","player_choice":"Card Removal","floor":12,"damage_taken":0},{"event_name":"Back to Basics","player_choice":"Elegance","floor":20,"damage_taken":0},{"event_name":"Beggar","player_choice":"Gave Gold","floor":21,"damage_taken":0},{"event_name":"The Joust","player_choice":"Bet on Murderer","floor":23,"damage_taken":0},{"event_name":"N\u0027loth","player_choice":"Traded a Ancient Tea Set","floor":25,"damage_taken":0},{"event_name":"SensoryStone","player_choice":"Memory 1","floor":45,"damage_taken":0},{"event_name":"Winding Halls","player_choice":"Embrace Madness","floor":46,"damage_taken":0}],"boss_relics":[{"not_picked":["Runic Pyramid","Snecko Eye"],"picked":"Astrolabe"},{"not_picked":["Orrery","Cursed Key"],"picked":"Tiny House"}],"potions_floor_spawned":[3,8,13,22,31,33,38,41],"seed_played":"-5717272491494398375","killed_by":"Donu and Deca","ascension_level":0,"is_trial":false}