{"gold_per_floor":[117,36,111,111,111,149,149,189,234,234,249,287,64,239,239,239],"floor_reached":16,"playtime":606,"items_purged":[],"score":238,"play_id":"c9eb53ee-444e-46ec-be04-43255a6e36b1","local_time":"20191014230816","is_ascension_mode":true,"campfire_choices":[{"data":"Barrage","floor":7,"key":"SMITH"},{"data":"Go for the Eyes","floor":10,"key":"SMITH"},{"data":"Lockon","floor":15,"key":"SMITH"}],"neow_cost":"NONE","seed_source_timestamp":292192830162800,"circlet_count":0,"master_deck":["Strike_B","Strike_B","Strike_B","Defend_B","Defend_B","Defend_B","Defend_B","Zap","Dualcast","Rebound","Barrage+1","Stack","Stack","Go for the Eyes+1","Lockon+1","Compile Driver","Gash","Self Repair","Doubt"],"relics":["Cracked Core","NeowsBlessing","Golden Idol","Calipers","Darkstone Periapt","Bronze Scales","Oddly Smooth Stone","PrismaticShard"],"potions_floor_usage":[],"damage_taken":[{"damage":0,"enemies":"Jaw Worm","floor":1,"turns":1},{"damage":0,"enemies":"Lagavulin","floor":6,"turns":2},{"damage":0,"enemies":"Gremlin Nob","floor":8,"turns":1},{"damage":0,"enemies":"Small Slimes","floor":11,"turns":2},{"damage":19,"enemies":"3 Sentries","floor":12,"turns":8},{"damage":48,"enemies":"Slime Boss","floor":16,"turns":11}],"seed_played":"5803020838312634447","potions_obtained":[{"floor":12,"key":"Regen Potion"}],"is_trial":false,"path_per_floor":["M","$","?","?","?","E","R","E","T","R","M","E","$","?","R","B"],"character_chosen":"DEFECT","items_purchased":["Barrage","Stack","PrismaticShard","Self Repair"],"campfire_rested":0,"item_purchase_floors":[2,2,13,13],"current_hp_per_floor":[68,68,57,57,57,57,57,57,57,57,57,38,38,44,44,0],"gold":239,"neow_bonus":"THREE_ENEMY_KILL","is_prod":false,"is_daily":false,"chose_seed":false,"campfire_upgraded":3,"win_rate":0,"timestamp":1571112496,"path_taken":["M","$","?","?","?","E","R","E","T","R","M","E","$","?","R","BOSS"],"build_version":"2019-10-14","purchased_purges":0,"victory":false,"max_hp_per_floor":[75,75,75,69,69,69,69,69,69,69,69,69,69,75,75,75],"card_choices":[{"not_picked":["Tempest","Lockon"],"picked":"Rebound","floor":1},{"not_picked":["Reinforced Body","Loop"],"picked":"Go for the Eyes","floor":6},{"not_picked":["Stack","Recycle"],"picked":"Lockon","floor":8},{"not_picked":["Consume","Aggregate"],"picked":"Compile Driver","floor":11},{"not_picked":["Melter","Stack"],"picked":"Gash","floor":12}],"player_experience":496919,"relics_obtained":[{"floor":6,"key":"Calipers"},{"floor":8,"key":"Darkstone Periapt"},{"floor":9,"key":"Bronze Scales"},{"floor":12,"key":"Oddly Smooth Stone"}],"event_choices":[{"damage_healed":0,"gold_gain":75,"player_choice":"Gather Gold","damage_taken":11,"max_hp_gain":0,"max_hp_loss":0,"event_name":"World of Goop","floor":3,"gold_loss":0},{"damage_healed":0,"gold_gain":0,"player_choice":"Lose Max HP","damage_taken":0,"relics_obtained":["Golden Idol"],"max_hp_gain":0,"max_hp_loss":6,"event_name":"Golden Idol","floor":4,"gold_loss":0},{"damage_healed":0,"gold_gain":0,"cards_transformed":["Strike_B"],"player_choice":"Change","damage_taken":0,"max_hp_gain":0,"max_hp_loss":0,"event_name":"Living Wall","floor":5,"gold_loss":0,"cards_obtained":["Stack"]},{"damage_healed":0,"gold_gain":175,"player_choice":"AGREE","damage_taken":0,"max_hp_gain":0,"max_hp_loss":0,"event_name":"Liars Game","floor":14,"gold_loss":0,"cards_obtained":["Doubt"]}],"is_beta":true,"boss_relics":[],"items_purged_floors":[],"is_endless":false,"potions_floor_spawned":[12],"killed_by":"Slime Boss","ascension_level":9}