{"path_per_floor":["M","M","$","M","$","R","?","M","T","M","?","R","M","M","R","B",null,"M","$","?","?","M","R","?","R","T","M","R","$","?","M","R","B",null,"M","?","?","$","?","R","?","$","T","M","M","R","?","?","R"],"character_chosen":"THE_SILENT","items_purchased":["Cloak And Dagger","Deflect","Well Laid Plans","Footwork","Backflip"],"gold_per_floor":[116,127,52,70,1,1,1,17,42,57,57,57,75,94,94,193,193,178,9,9,9,24,24,24,24,24,44,44,44,44,62,62,164,164,176,176,176,95,95,95,95,44,44,58,69,69,69,69,69,69],"floor_reached":50,"campfire_rested":1,"playtime":3076,"current_hp_per_floor":[63,63,63,63,63,63,63,63,63,57,50,50,49,48,48,24,70,64,64,64,64,64,64,64,64,64,64,64,64,64,64,64,27,70,64,64,64,64,64,64,55,55,55,55,34,34,34,34,55,0],"items_purged":["Strike_G","Strike_G"],"gold":69,"score":449,"play_id":"1e035c3a-293d-4b6f-b45f-b5e52ec1b99b","local_time":"20180521225013","is_prod":false,"is_daily":false,"chose_seed":false,"is_ascension_mode":true,"campfire_upgraded":9,"timestamp":1526968213,"campfire_choices":[{"data":"Neutralize","floor":6,"key":"SMITH"},{"data":"Footwork","floor":12,"key":"SMITH"},{"data":"Bouncing Flask","floor":15,"key":"SMITH"},{"data":"Accuracy","floor":23,"key":"SMITH"},{"data":"Cloak And Dagger","floor":25,"key":"SMITH"},{"data":"Well Laid Plans","floor":28,"key":"SMITH"},{"data":"Leg Sweep","floor":32,"key":"SMITH"},{"data":"Envenom","floor":40,"key":"SMITH"},{"data":"Accuracy","floor":46,"key":"SMITH"},{"floor":49,"key":"REST"}],"path_taken":["M","M","?","M","$","R","?","M","T","M","?","R","M","M","R","BOSS","M","$","?","?","M","R","?","R","T","M","R","$","?","M","R","BOSS","M","?","?","$","?","R","?","$","T","M","M","R","?","?","R","BOSS"],"build_version":"2018-05-17","seed_source_timestamp":15772694516688,"purchased_purges":2,"victory":false,"master_deck":["Defend_G","Defend_G","Defend_G","Defend_G","Survivor","Neutralize+1","Leg Sweep+1","Cloak And Dagger+1","Cloak And Dagger","Deflect","Footwork+1","Bouncing Flask+1","Backflip","Well Laid Plans+1","Accuracy+1","Envenom+1","Outmaneuver+1","Footwork","Madness","Madness","Backflip","Accuracy+1"],"max_hp_per_floor":[70,70,70,70,70,70,70,70,70,70,70,70,70,70,70,70,70,70,70,70,70,70,70,70,70,70,70,70,70,70,70,70,70,70,70,70,70,70,70,70,70,70,70,70,70,70,70,70,70,70],"relics":["Ring of the Snake","Juzu Bracelet","Pen Nib","Ornamental Fan","Sozu","Centennial Puzzle"],"card_choices":[{"not_picked":["Quick Slash","Predator"],"picked":"Leg Sweep","floor":1},{"not_picked":["Crippling Poison","Skewer"],"picked":"Cloak And Dagger","floor":2},{"not_picked":["Terror","Eviscerate","Heel Hook"],"picked":"SKIP","floor":4},{"not_picked":["Bouncing Flask","Terror"],"picked":"Footwork","floor":8},{"not_picked":["Deflect","Backstab"],"picked":"Bouncing Flask","floor":10},{"not_picked":["Dagger Throw","Distraction","Poisoned Stab"],"picked":"SKIP","floor":13},{"not_picked":["Eviscerate","Outmaneuver"],"picked":"Backflip","floor":14},{"not_picked":["Backstab","Riddle With Holes","Skewer"],"picked":"SKIP","floor":18},{"not_picked":["Underhanded Strike","Endless Agony+1","Dagger Spray+1"],"picked":"SKIP","floor":22},{"not_picked":["Setup","Dagger Throw","Poisoned Stab"],"picked":"SKIP","floor":27},{"not_picked":["Bouncing Flask","Acrobatics","Cloak And Dagger"],"picked":"SKIP","floor":31},{"not_picked":["Grand Finale","Unload"],"picked":"Envenom","floor":33},{"not_picked":["Sucker Punch+1","Cloak And Dagger+1"],"picked":"Outmaneuver+1","floor":35},{"not_picked":["Leg Sweep+1","Outmaneuver+1","Poisoned Stab+1"],"picked":"SKIP","floor":44},{"not_picked":["PiercingWail+1","Poisoned Stab"],"picked":"Accuracy","floor":45}],"player_experience":285300,"potions_floor_usage":[10,16,16,18,18,31,50],"damage_taken":[{"damage":7,"enemies":"Cultist","floor":1,"turns":4},{"damage":0,"enemies":"Small Slimes","floor":2,"turns":3},{"damage":0,"enemies":"2 Louse","floor":4,"turns":4},{"damage":0,"enemies":"Blue Slaver","floor":8,"turns":6},{"damage":6,"enemies":"Lots of Slimes","floor":10,"turns":7},{"damage":1,"enemies":"Exordium Thugs","floor":13,"turns":6},{"damage":1,"enemies":"3 Louse","floor":14,"turns":4},{"damage":24,"enemies":"Slime Boss","floor":16,"turns":17},{"damage":6,"enemies":"2 Thieves","floor":18,"turns":4},{"damage":0,"enemies":"Chosen","floor":22,"turns":5},{"damage":0,"enemies":"Snecko","floor":27,"turns":5},{"damage":0,"enemies":"Snake Plant","floor":31,"turns":4},{"damage":37,"enemies":"Automaton","floor":33,"turns":16},{"damage":6,"enemies":"Orb Walker","floor":35,"turns":4},{"damage":0,"enemies":"3 Darklings","floor":44,"turns":8},{"damage":21,"enemies":"4 Shapes","floor":45,"turns":8},{"damage":55,"enemies":"Awakened One","floor":50,"turns":3}],"relics_obtained":[{"floor":9,"key":"Pen Nib"},{"floor":26,"key":"Ornamental Fan"},{"floor":43,"key":"Centennial Puzzle"}],"event_choices":[{"event_name":"Liars Game","player_choice":"disagreed","floor":7,"damage_taken":0},{"event_name":"Golden Wing","player_choice":"Card Removal","floor":11,"damage_taken":0},{"event_name":"Accursed Blacksmith","player_choice":"Ignore","floor":20,"damage_taken":0},{"event_name":"The Library","player_choice":"Read","floor":21,"damage_taken":0},{"event_name":"Ghosts","player_choice":"Ignored","floor":24,"damage_taken":0},{"event_name":"Purifier","player_choice":"One Purge","floor":30,"damage_taken":0},{"event_name":"SecretPortal","player_choice":"Rejected Portal.","floor":36,"damage_taken":0},{"event_name":"SensoryStone","player_choice":"Memory 1","floor":37,"damage_taken":0},{"event_name":"Winding Halls","player_choice":"Embrace Madness","floor":41,"damage_taken":0},{"event_name":"Bonfire Elementals","player_choice":"BASIC","floor":47,"damage_taken":0},{"event_name":"Mysterious Sphere","player_choice":"Ignore","floor":48,"damage_taken":0}],"boss_relics":[{"not_picked":["Snecko Eye","Cursed Key","Runic Pyramid"]},{"not_picked":["Eternal Feather","Black Star"],"picked":"Sozu"}],"potions_floor_spawned":[4,8,13,14,16,27,31,35,45],"seed_played":"-7011194005923786499","killed_by":"Awakened One","ascension_level":1,"potions_obtained":[{"floor":4,"key":"SkillPotion"},{"floor":8,"key":"Strength Potion"},{"floor":13,"key":"EssenceOfSteel"},{"floor":14,"key":"SteroidPotion"},{"floor":16,"key":"Weak Potion"},{"floor":27,"key":"SkillPotion"},{"floor":31,"key":"Ancient Potion"}],"is_trial":false}