{"gold_per_floor":[114,114,130,22,42,42,58,86,86,86,97,26,44,369,369,369],"floor_reached":16,"playtime":632,"items_purged":["Strike_P"],"score":168,"play_id":"038d7dcf-e100-4975-84ff-56e4819b5b29","local_time":"20191009180346","is_ascension_mode":true,"campfire_choices":[{"data":"Eruption","floor":6,"key":"SMITH"},{"data":"Flick","floor":10,"key":"SMITH"},{"data":"LikeWater","floor":15,"key":"SMITH"}],"neow_cost":"NONE","seed_source_timestamp":204414785315900,"circlet_count":0,"master_deck":["AscendersBane","Strike_P","Strike_P","Strike_P","Defend_P","Defend_P","Defend_P","Defend_P","Eruption+1","Vigilance","Flick+1","FearNoEvil","Consecrate","Halt","LikeWater+1","CutThroughFate"],"relics":["Busted Crown","SsserpentHead","Kunai","HornCleat","Old Coin"],"potions_floor_usage":[8],"damage_taken":[{"damage":0,"enemies":"Jaw Worm","floor":1,"turns":3},{"damage":0,"enemies":"Cultist","floor":3,"turns":3},{"damage":0,"enemies":"2 Louse","floor":5,"turns":2},{"damage":3,"enemies":"Blue Slaver","floor":7,"turns":5},{"damage":22,"enemies":"Lagavulin","floor":8,"turns":7},{"damage":0,"enemies":"Gremlin Gang","floor":11,"turns":6},{"damage":0,"enemies":"Large Slime","floor":13,"turns":3},{"damage":10,"enemies":"Gremlin Nob","floor":14,"turns":3},{"damage":56,"enemies":"Slime Boss","floor":16,"turns":3}],"seed_played":"-4981110819218743241","potions_obtained":[{"floor":5,"key":"DuplicationPotion"},{"floor":8,"key":"BottledMiracle"},{"floor":11,"key":"Strength Potion"}],"is_trial":false,"path_per_floor":["M","?","M","$","M","R","M","E","T","R","M","$","M","E","R","B"],"character_chosen":"WATCHER","items_purchased":["FearNoEvil","Consecrate","LikeWater","CutThroughFate"],"campfire_rested":0,"item_purchase_floors":[4,4,12,12],"current_hp_per_floor":[65,65,65,65,65,65,62,40,40,40,40,40,40,30,30,0],"gold":369,"neow_bonus":"BOSS_RELIC","is_prod":false,"is_daily":false,"chose_seed":false,"campfire_upgraded":3,"win_rate":0,"timestamp":1570662226,"path_taken":["M","?","M","?","M","R","M","E","T","R","M","?","M","E","R","BOSS"],"build_version":"2019-10-09","purchased_purges":1,"victory":false,"max_hp_per_floor":[72,72,72,72,72,72,72,72,72,72,72,72,72,72,72,72],"card_choices":[{"not_picked":[],"picked":"Flick","floor":1},{"not_picked":["Pray"],"picked":"SKIP","floor":3},{"not_picked":[],"picked":"Halt","floor":5},{"not_picked":["JustLucky"],"picked":"SKIP","floor":7},{"not_picked":["SpiritShield"],"picked":"SKIP","floor":8},{"not_picked":["FollowUp"],"picked":"SKIP","floor":11},{"not_picked":["PathToVictory"],"picked":"SKIP","floor":13},{"not_picked":["Establishment"],"picked":"SKIP","floor":14}],"player_experience":433624,"relics_obtained":[{"floor":8,"key":"Kunai"},{"floor":9,"key":"HornCleat"},{"floor":14,"key":"Old Coin"}],"event_choices":[{"damage_healed":0,"gold_gain":0,"player_choice":"Trade","damage_taken":0,"relics_obtained":["SsserpentHead"],"max_hp_gain":0,"max_hp_loss":0,"event_name":"FaceTrader","floor":2,"gold_loss":0}],"is_beta":true,"boss_relics":[],"items_purged_floors":[4],"is_endless":false,"potions_floor_spawned":[5,8,11],"killed_by":"Slime Boss","ascension_level":10}