{"path_per_floor":["M","M","$","M","$","R","E","R","T","M","M","R","M","$","R","B",null,"M","M","?","?","$","R","M","R","T","M","R","?","M","?","R","B",null,"M","M","?","$","?","R"],"character_chosen":"THE_SILENT","items_purchased":["Backflip","Noxious Fumes","Question Card"],"gold_per_floor":[118,135,6,24,24,24,55,55,108,119,135,135,153,53,53,148,148,168,184,184,184,114,114,132,132,211,230,230,230,249,249,249,350,350,364,378,378,15,0,0,0],"floor_reached":41,"campfire_rested":0,"playtime":3584,"current_hp_per_floor":[66,66,66,66,66,66,57,57,57,57,57,57,54,54,54,47,74,73,73,73,73,73,74,71,74,74,76,76,76,78,78,78,68,78,76,78,68,68,68,76,0],"items_purged":["Strike_G","Strike_G","Doubt"],"gold":0,"score":391,"play_id":"1bdc31da-f925-4dab-a626-5a61e325b1fc","local_time":"20180520184848","is_prod":false,"is_daily":false,"chose_seed":false,"is_ascension_mode":false,"campfire_upgraded":9,"timestamp":1526867328,"campfire_choices":[{"data":"Neutralize","floor":6,"key":"SMITH"},{"data":"Prepared","floor":8,"key":"SMITH"},{"data":"Footwork","floor":12,"key":"SMITH"},{"data":"Noxious Fumes","floor":15,"key":"SMITH"},{"data":"Reflex","floor":23,"key":"SMITH"},{"data":"Noxious Fumes","floor":25,"key":"SMITH"},{"data":"Sucker Punch","floor":28,"key":"SMITH"},{"data":"Blur","floor":32,"key":"SMITH"},{"data":"Tactician","floor":40,"key":"SMITH"}],"path_taken":["M","M","$","M","?","R","E","R","T","M","M","R","M","$","R","BOSS","M","M","?","?","?","R","M","R","T","M","R","?","M","?","R","BOSS","M","M","?","$","?","R","E"],"build_version":"2018-05-17","seed_source_timestamp":63777065456340,"purchased_purges":3,"victory":false,"master_deck":["Defend_G","Defend_G","Defend_G","Defend_G","Defend_G","Strike_G","Survivor","Neutralize+1","Prepared+1","Dodge and Roll","Sucker Punch+1","Backflip","Blur+1","Footwork+1","Deflect","Noxious Fumes+1","Reflex+1","Outmaneuver+1","Noxious Fumes+1","Backflip","Tactician+1","Escape Plan+1","Madness","Madness"],"max_hp_per_floor":[70,70,70,70,70,70,72,72,72,72,72,72,72,72,72,74,74,74,74,74,74,74,74,74,74,74,76,76,76,78,78,78,78,78,78,80,80,80,80,80,80],"relics":["Ring of the Snake","Singing Bowl","Omamori","Eternal Feather","Matryoshka","Calling Bell","Pen Nib","Shuriken","Shovel","Question Card","Red Mask"],"card_choices":[{"not_picked":["All Out Attack","PiercingWail"],"picked":"Dodge and Roll","floor":1},{"not_picked":["All Out Attack","Flying Knee"],"picked":"Sucker Punch","floor":2},{"not_picked":["Deflect","Deadly Poison"],"picked":"Blur","floor":4},{"not_picked":["Dash","Distraction","PiercingWail"],"picked":"Singing Bowl","floor":7},{"not_picked":["Eviscerate","PiercingWail"],"picked":"Footwork","floor":10},{"not_picked":["Dagger Spray","PiercingWail"],"picked":"Deflect","floor":11},{"not_picked":["Prepared","Dodge and Roll"],"picked":"Noxious Fumes","floor":13},{"not_picked":["Corpse Explosion","Storm of Steel","Grand Finale"],"picked":"Singing Bowl","floor":16},{"not_picked":["Dagger Spray","Quick Slash"],"picked":"Reflex","floor":18},{"not_picked":["Flying Knee","Accuracy"],"picked":"Outmaneuver+1","floor":19},{"not_picked":["Expertise","Accuracy"],"picked":"Backflip","floor":24},{"not_picked":["Quick Slash","PiercingWail","Phantasmal Killer"],"picked":"Singing Bowl","floor":27},{"not_picked":["Backflip+1","Backstab+1","Underhanded Strike+1"],"picked":"Singing Bowl","floor":30},{"not_picked":["After Image","A Thousand Cuts"],"picked":"Tactician","floor":33},{"not_picked":["Backflip+1","Dodge and Roll+1"],"picked":"Escape Plan+1","floor":35},{"not_picked":["Prepared","Underhanded Strike","Quick Slash"],"picked":"Singing Bowl","floor":36}],"player_experience":265790,"potions_floor_usage":[13,24,30,41],"damage_taken":[{"damage":4,"enemies":"Cultist","floor":1,"turns":5},{"damage":0,"enemies":"Small Slimes","floor":2,"turns":6},{"damage":0,"enemies":"Jaw Worm","floor":4,"turns":7},{"damage":11,"enemies":"3 Sentries","floor":7,"turns":18},{"damage":0,"enemies":"2 Fungi Beasts","floor":10,"turns":5},{"damage":0,"enemies":"Red Slaver","floor":11,"turns":7},{"damage":3,"enemies":"3 Louse","floor":13,"turns":6},{"damage":9,"enemies":"The Guardian","floor":16,"turns":13},{"damage":1,"enemies":"Spheric Guardian","floor":18,"turns":7},{"damage":0,"enemies":"Shell Parasite","floor":19,"turns":10},{"damage":3,"enemies":"Centurion and Healer","floor":24,"turns":9},{"damage":0,"enemies":"Sentry and Sphere","floor":27,"turns":7},{"damage":0,"enemies":"Chosen and Byrds","floor":30,"turns":8},{"damage":10,"enemies":"Champ","floor":33,"turns":17},{"damage":2,"enemies":"3 Shapes","floor":35,"turns":6},{"damage":0,"enemies":"3 Darklings","floor":36,"turns":6},{"damage":83,"enemies":"2 Orb Walkers","floor":41,"turns":7}],"relics_obtained":[{"floor":7,"key":"Singing Bowl"},{"floor":9,"key":"Omamori"},{"floor":26,"key":"Matryoshka"},{"floor":34,"key":"Pen Nib"},{"floor":34,"key":"Shuriken"},{"floor":34,"key":"Shovel"}],"event_choices":[{"event_name":"Vampires","player_choice":"Ignored","floor":20,"damage_taken":0},{"event_name":"Bonfire Elementals","player_choice":"BASIC","floor":21,"damage_taken":0},{"event_name":"Ghosts","player_choice":"Ignored","floor":29,"damage_taken":0},{"event_name":"Drug Dealer","player_choice":"Ignored","floor":31,"damage_taken":0},{"event_name":"Winding Halls","player_choice":"Embrace Madness","floor":37,"damage_taken":0},{"event_name":"Tomb of Lord Red Mask","player_choice":"Paid","floor":39,"damage_taken":0}],"boss_relics":[{"not_picked":["Snecko Eye","Astrolabe"],"picked":"Eternal Feather"},{"not_picked":["Pandora\u0027s Box","Tiny House"],"picked":"Calling Bell"}],"potions_floor_spawned":[1,4,7,19],"seed_played":"-2405615614381448662","killed_by":"2 Orb Walkers","ascension_level":0,"potions_obtained":[{"floor":1,"key":"Strength Potion"},{"floor":4,"key":"Block Potion"},{"floor":7,"key":"AttackPotion"},{"floor":19,"key":"Block Potion"}],"is_trial":false}