{"path_per_floor":["M","M","T","$","M","R","E","M","T","R","?","M","?","?","R"],"character_chosen":"THE_SILENT","items_purchased":["Outmaneuver","Cloak And Dagger"],"gold_per_floor":[119,137,137,33,47,47,77,87,133,133,133,143,143,173,173,173],"floor_reached":16,"campfire_rested":2,"playtime":759,"item_purchase_floors":[4,4],"current_hp_per_floor":[63,57,57,57,56,56,10,4,4,25,18,3,3,3,24,9],"items_purged":[],"gold":173,"score":130,"play_id":"a9efc54e-4112-4c76-82ea-3d1244fbf40b","local_time":"20180528181719","is_prod":false,"is_daily":false,"chose_seed":false,"is_ascension_mode":true,"campfire_upgraded":1,"win_rate":0,"timestamp":1527556639,"campfire_choices":[{"data":"Outmaneuver","floor":6,"key":"SMITH"},{"floor":10,"key":"REST"},{"floor":15,"key":"REST"}],"path_taken":["M","M","?","$","?","R","E","M","T","R","?","?","?","?","R","BOSS"],"build_version":"2018-05-24","seed_source_timestamp":24321309299294,"purchased_purges":0,"victory":false,"master_deck":["Defend_G","Defend_G","Defend_G","Defend_G","Defend_G","Strike_G","Strike_G","Strike_G","Survivor","Neutralize+1","Acrobatics","Outmaneuver+1","Cloak And Dagger","Quick Slash","Burst","Deadly Poison"],"max_hp_per_floor":[70,70,70,70,70,70,70,70,70,70,70,70,70,70,70,70],"relics":["Ring of the Snake","Oddly Smooth Stone","Bag of Marbles","Omamori","Tiny Chest"],"card_choices":[{"not_picked":["Slice","Finisher","Expertise"],"picked":"SKIP","floor":1},{"not_picked":["Slice","Poisoned Stab"],"picked":"Acrobatics","floor":2},{"not_picked":["Eviscerate","Dodge and Roll"],"picked":"Quick Slash","floor":5},{"not_picked":["Setup","Dagger Spray"],"picked":"Burst","floor":7},{"not_picked":["Backflip","Dagger Spray"],"picked":"Deadly Poison","floor":8},{"not_picked":["Riddle With Holes","Deadly Poison","Poisoned Stab"],"picked":"SKIP","floor":12}],"player_experience":451200,"potions_floor_usage":[7,12],"damage_taken":[{"damage":0,"enemies":"Cultist","floor":1,"turns":4},{"damage":6,"enemies":"2 Louse","floor":2,"turns":3},{"damage":1,"enemies":"Small Slimes","floor":5,"turns":4},{"damage":46,"enemies":"Lagavulin","floor":7,"turns":10},{"damage":6,"enemies":"Exordium Thugs","floor":8,"turns":6},{"damage":15,"enemies":"Lots of Slimes","floor":12,"turns":4},{"damage":15,"enemies":"The Guardian","floor":16,"turns":5}],"relics_obtained":[{"floor":3,"key":"Oddly Smooth Stone"},{"floor":7,"key":"Bag of Marbles"},{"floor":9,"key":"Omamori"}],"event_choices":[{"event_name":"Golden Wing","player_choice":"Card Removal","floor":11,"damage_taken":0},{"event_name":"Purifier","player_choice":"One Purge","floor":13,"damage_taken":0},{"event_name":"Big Fish","player_choice":"Box","floor":14,"damage_taken":0}],"boss_relics":[],"items_purged_floors":[],"potions_floor_spawned":[5,8,12],"seed_played":"1377174262970215533","killed_by":"The Guardian","ascension_level":6,"potions_obtained":[{"floor":5,"key":"Swift Potion"},{"floor":8,"key":"PowerPotion"},{"floor":12,"key":"Weak Potion"}],"is_trial":false}