{"gold_per_floor":[118,132,145,156,168,203,220,220,220,240,240,271,283,303,303,303],"floor_reached":16,"playtime":701,"items_purged":[],"score":130,"play_id":"285b06ec-e34f-43d8-90ab-90272207fbee","local_time":"20190627180200","is_ascension_mode":true,"campfire_choices":[{"floor":8,"key":"REST"},{"floor":11,"key":"REST"},{"floor":15,"key":"REST"}],"neow_cost":"NONE","seed_source_timestamp":1265889687949067,"circlet_count":0,"master_deck":["Defend_G","Defend_G","Defend_G","Defend_G","Defend_G","Strike_G","Strike_G","Strike_G","Strike_G","Strike_G","Survivor","Neutralize","Poisoned Stab","Caltrops","PiercingWail","Dagger Spray","Cloak And Dagger","Accuracy","Blade Dance","Bouncing Flask","Skewer","Bane"],"relics":["Ring of the Snake","Shovel","Ice Cream"],"potions_floor_usage":[12,16],"damage_taken":[{"damage":6,"enemies":"Cultist","floor":1,"turns":3},{"damage":6,"enemies":"2 Louse","floor":2,"turns":2},{"damage":7,"enemies":"Small Slimes","floor":3,"turns":4},{"damage":4,"enemies":"2 Fungi Beasts","floor":4,"turns":4},{"damage":4,"enemies":"Blue Slaver","floor":5,"turns":4},{"damage":33,"enemies":"Lagavulin","floor":6,"turns":8},{"damage":3,"enemies":"Red Slaver","floor":7,"turns":4},{"damage":16,"enemies":"Gremlin Gang","floor":10,"turns":5},{"damage":23,"enemies":"Gremlin Nob","floor":12,"turns":4},{"damage":10,"enemies":"Large Slime","floor":13,"turns":4},{"damage":8,"enemies":"Blue Slaver","floor":14,"turns":4},{"damage":39,"enemies":"The Guardian","floor":16,"turns":4}],"seed_played":"6358871069135494232","potions_obtained":[{"floor":2,"key":"GamblersBrew"},{"floor":7,"key":"Poison Potion"},{"floor":10,"key":"FairyPotion"},{"floor":14,"key":"LiquidBronze"}],"is_trial":false,"path_per_floor":["M","M","M","M","M","E","M","R","T","M","R","E","M","M","R","B"],"character_chosen":"THE_SILENT","items_purchased":[],"campfire_rested":3,"item_purchase_floors":[],"current_hp_per_floor":[71,65,58,54,50,17,14,37,37,21,44,21,11,3,26,0],"gold":303,"neow_bonus":"TEN_PERCENT_HP_BONUS","is_prod":false,"is_daily":false,"chose_seed":false,"campfire_upgraded":0,"win_rate":0,"timestamp":1561672920,"path_taken":["M","M","M","M","?","E","M","R","T","M","R","E","M","M","R","BOSS"],"build_version":"2019-01-23","purchased_purges":0,"victory":false,"max_hp_per_floor":[77,77,77,77,77,77,77,77,77,77,77,77,77,77,77,77],"card_choices":[{"not_picked":["Deflect","Blade Dance"],"picked":"Poisoned Stab","floor":1},{"not_picked":["Quick Slash","Slice"],"picked":"Caltrops","floor":2},{"not_picked":["Outmaneuver","Poisoned Stab"],"picked":"PiercingWail","floor":3},{"not_picked":["Sucker Punch","Concentrate"],"picked":"Dagger Spray","floor":4},{"not_picked":["Sucker Punch","Bane"],"picked":"Cloak And Dagger","floor":5},{"not_picked":["Masterful Stab","Quick Slash"],"picked":"Accuracy","floor":6},{"not_picked":["Glass Knife","Poisoned Stab"],"picked":"Blade Dance","floor":7},{"not_picked":["Quick Slash","Poisoned Stab"],"picked":"Bouncing Flask","floor":10},{"not_picked":["Dagger Throw","Slice"],"picked":"Skewer","floor":12},{"not_picked":["Sucker Punch","Dodge and Roll","Slice"],"picked":"SKIP","floor":13},{"not_picked":["All Out Attack","Sucker Punch"],"picked":"Bane","floor":14}],"player_experience":247343,"relics_obtained":[{"floor":6,"key":"Shovel"},{"floor":12,"key":"Ice Cream"}],"event_choices":[],"is_beta":false,"boss_relics":[],"items_purged_floors":[],"is_endless":false,"potions_floor_spawned":[2,7,10,14],"killed_by":"The Guardian","ascension_level":2}