{"gold_per_floor":[115,125,145,145,77,109,125,142,142,142,142],"floor_reached":11,"playtime":389,"items_purged":[],"score":90,"play_id":"865ed9ff-7ef6-4de8-84f7-f75a380baa5e","local_time":"20190710170029","is_ascension_mode":true,"campfire_choices":[],"neow_cost":"NONE","seed_source_timestamp":2385705082101402,"circlet_count":0,"master_deck":["Strike_G","Strike_G","Strike_G","Strike_G","Defend_G","Defend_G","Defend_G","Defend_G","Survivor","Neutralize","Dagger Spray","Backflip","Noxious Fumes","Dodge and Roll","Escape Plan"],"relics":["Philosopher\u0027s Stone","Bag of Preparation"],"potions_floor_usage":[],"damage_taken":[{"damage":0,"enemies":"2 Louse","floor":1,"turns":3},{"damage":1,"enemies":"Cultist","floor":2,"turns":4},{"damage":3,"enemies":"Jaw Worm","floor":3,"turns":4},{"damage":29,"enemies":"Lagavulin","floor":6,"turns":8},{"damage":12,"enemies":"Lots of Slimes","floor":7,"turns":3},{"damage":5,"enemies":"Blue Slaver","floor":8,"turns":3},{"damage":0,"enemies":"3 Sentries","floor":11,"turns":1}],"seed_played":"-1696884765708534555","potions_obtained":[{"floor":6,"key":"SpeedPotion"},{"floor":7,"key":"Weak Potion"}],"is_trial":false,"path_per_floor":["M","M","M","?","$","E","M","M","T","?","E"],"character_chosen":"THE_SILENT","items_purchased":["Noxious Fumes"],"campfire_rested":0,"item_purchase_floors":[5],"current_hp_per_floor":[70,69,66,66,66,37,25,20,20,20,20],"gold":142,"neow_bonus":"BOSS_RELIC","is_prod":false,"is_daily":false,"chose_seed":false,"campfire_upgraded":0,"win_rate":0,"timestamp":1562792429,"path_taken":["M","M","M","?","$","E","?","M","T","?","E"],"build_version":"2019-07-05","purchased_purges":0,"victory":false,"max_hp_per_floor":[70,70,70,70,70,70,70,70,70,70,70],"card_choices":[{"not_picked":["Sucker Punch","Tactician"],"picked":"Dagger Spray","floor":1},{"not_picked":["Eviscerate","Slice","Deflect"],"picked":"SKIP","floor":2},{"not_picked":["Outmaneuver","Crippling Poison"],"picked":"Backflip","floor":3},{"not_picked":["Well Laid Plans","All Out Attack"],"picked":"Dodge and Roll","floor":6},{"not_picked":["Backflip","Heel Hook"],"picked":"Escape Plan","floor":7},{"not_picked":["Skewer","Dodge and Roll","Dagger Spray"],"picked":"SKIP","floor":8}],"player_experience":369181,"relics_obtained":[{"floor":6,"key":"Bag of Preparation"}],"event_choices":[{"cards_removed":["Defend_G"],"damage_healed":0,"gold_gain":0,"player_choice":"Purged","damage_taken":0,"max_hp_gain":0,"max_hp_loss":0,"event_name":"Purifier","floor":4,"gold_loss":0},{"cards_removed":["Strike_G"],"damage_healed":0,"gold_gain":0,"player_choice":"Offered Basic","damage_taken":0,"max_hp_gain":0,"max_hp_loss":0,"event_name":"Bonfire Elementals","floor":10,"gold_loss":0}],"is_beta":false,"boss_relics":[],"items_purged_floors":[],"is_endless":false,"potions_floor_spawned":[6,7],"killed_by":"3 Sentries","ascension_level":4}