{"gold_per_floor":[115,134,134,147,0,29,29,46,99,113,113,113,143,160,160,261,261,278,297,297,53,70,101,101,134,134,167,185,200,200,200,200,301,301,311,19,32,0,12,45,63,95,175,187,219,246,258,288,300,312,324,336,23,54,54],"floor_reached":55,"playtime":6049,"items_purged":["Strike_G"],"score":851,"play_id":"24ad3d50-27df-4cb4-9b05-26931191ae37","local_time":"20190926155420","is_ascension_mode":false,"campfire_choices":[{"data":"Noxious Fumes","floor":7.0,"key":"SMITH"},{"data":"Neutralize","floor":12.0,"key":"SMITH"},{"data":"Skewer","floor":15.0,"key":"SMITH"},{"floor":24.0,"key":"REST"},{"data":"Adrenaline","floor":32.0,"key":"SMITH"},{"data":"Adrenaline","floor":44.0,"key":"SMITH"},{"floor":47,"key":"RECALL"},{"data":"Calculated Gamble","floor":49,"key":"SMITH"},{"data":"Malaise","floor":52,"key":"SMITH"}],"neow_cost":"NONE","seed_source_timestamp":0,"circlet_count":0,"master_deck":["Strike_G+1","Defend_G","Defend_G","Defend_G","Defend_G","Survivor","Neutralize+1","Sucker Punch+1","Noxious Fumes+1","Bane","PiercingWail","Flechettes+1","Escape Plan","Neutralize+1","Deadly Poison","Skewer+1","Adrenaline+1","Dash","Backstab","Prepared","Blur","Adrenaline+1","Cloak And Dagger+1","Deflect","Malaise+1","Flying Knee+1","Dagger Spray+1","Unload+1","Terror+1","Prepared+1","Dodge and Roll","Calculated Gamble+1","Riddle With Holes+1","Footwork","Deflect+1"],"special_seed":0,"relics":["Ring of the Snake","Sling","Dodecahedron","Centennial Puzzle","Oddly Smooth Stone","Runic Pyramid","Molten Egg 2","Lantern","Snake Skull","Eternal Feather","Happy Flower","Astrolabe","Torii","Red Mask","Smiling Mask","MawBank","Whetstone","Blue Candle"],"potions_floor_usage":[48,50,55,55,55],"damage_taken":[{"damage":2.0,"enemies":"Small Slimes","floor":1.0,"turns":5.0},{"damage":0.0,"enemies":"2 Louse","floor":2.0,"turns":3.0},{"damage":0.0,"enemies":"Cultist","floor":4.0,"turns":4.0},{"damage":9.0,"enemies":"3 Sentries","floor":6.0,"turns":9.0},{"damage":0.0,"enemies":"Exordium Wildlife","floor":8.0,"turns":3.0},{"damage":1.0,"enemies":"Red Slaver","floor":10.0,"turns":3.0},{"damage":3.0,"enemies":"Lagavulin","floor":13.0,"turns":4.0},{"damage":1.0,"enemies":"Looter","floor":14.0,"turns":3.0},{"damage":15.0,"enemies":"Hexaghost","floor":16.0,"turns":8.0},{"damage":0.0,"enemies":"Chosen","floor":18.0,"turns":4.0},{"damage":1.0,"enemies":"3 Byrds","floor":19.0,"turns":4.0},{"damage":1.0,"enemies":"3 Cultists","floor":22.0,"turns":5.0},{"damage":17.0,"enemies":"Slavers","floor":23.0,"turns":4.0},{"damage":3.0,"enemies":"Book of Stabbing","floor":25.0,"turns":5.0},{"damage":12.0,"enemies":"Slavers","floor":27.0,"turns":5.0},{"damage":1.0,"enemies":"Chosen and Byrds","floor":28.0,"turns":4.0},{"damage":1.0,"enemies":"Centurion and Healer","floor":29.0,"turns":5.0},{"damage":0.0,"enemies":"Champ","floor":33.0,"turns":9.0},{"damage":0.0,"enemies":"3 Shapes","floor":35.0,"turns":2.0},{"damage":16.0,"enemies":"3 Darklings","floor":37.0,"turns":5.0},{"damage":7.0,"enemies":"Jaw Worm Horde","floor":39.0,"turns":3.0},{"damage":11.0,"enemies":"Reptomancer","floor":40.0,"turns":6.0},{"damage":1.0,"enemies":"Writhing Mass","floor":41.0,"turns":8.0},{"damage":1.0,"enemies":"Nemesis","floor":42.0,"turns":3.0},{"damage":1.0,"enemies":"3 Darklings","floor":45.0,"turns":6.0},{"damage":0,"enemies":"Maw","floor":46,"turns":8},{"damage":7,"enemies":"Transient","floor":48,"turns":5},{"damage":31,"enemies":"Awakened One","floor":50,"turns":15},{"damage":22,"enemies":"Shield and Spear","floor":54,"turns":7},{"damage":62,"enemies":"The Heart","floor":55,"turns":12}],"seed_played":"5086535293218854237","potions_obtained":[{"floor":6.0,"key":"Ancient Potion"},{"floor":8.0,"key":"FearPotion"},{"floor":13.0,"key":"Poison Potion"},{"floor":14.0,"key":"Strength Potion"},{"floor":16.0,"key":"SpeedPotion"},{"floor":22.0,"key":"LiquidBronze"},{"floor":25.0,"key":"Energy Potion"},{"floor":27.0,"key":"EssenceOfSteel"},{"floor":28.0,"key":"Strength Potion"},{"floor":39.0,"key":"PowerPotion"},{"floor":41.0,"key":"Swift Potion"},{"floor":42.0,"key":"Dexterity Potion"},{"floor":48,"key":"PowerPotion"}],"is_trial":false,"path_per_floor":["M","M","?","M","$","E","R","M","T","M","?","R","E","M","R","B",null,"M","M","?","$","M","E","R","E","T","E","M","M","?","?","R","B",null,"M","$","M","?","M","E","M","E","T","R","M","M","R","M","R","B",null,"R","$","E","B"],"character_chosen":"THE_SILENT","items_purchased":["Sling","Molten Egg 2","Torii","Footwork","Whetstone","AttackPotion"],"campfire_rested":1,"item_purchase_floors":[5,21,36,53,53,53],"current_hp_per_floor":[75,75,60,60,60,51,51,51,51,50,50,50,47,46,46,31,77,77,76,76,76,75,58,77,74,74,62,61,60,46,73,82,82,82,82,82,66,66,59,48,47,46,46,64,63,63,81,74,82,51,82,82,82,60,0],"gold":54,"neow_bonus":"TEN_PERCENT_HP_BONUS","is_prod":false,"is_daily":false,"chose_seed":false,"campfire_upgraded":7,"win_rate":0,"timestamp":1569531260,"path_taken":["M","M","?","M","$","E","R","M","T","M","?","R","E","?","R","BOSS","M","M","?","$","?","E","R","E","T","E","M","M","?","?","R","BOSS","M","$","M","?","M","E","M","E","T","R","M","M","R","M","R","BOSS","R","$","E","BOSS"],"build_version":"2019-09-26","purchased_purges":1,"victory":false,"max_hp_per_floor":[77,77,77,77,77,77,77,77,77,77,77,77,77,77,77,77,77,77,77,77,77,77,77,77,77,77,77,77,77,82,82,82,82,82,82,82,82,82,82,82,82,82,82,82,82,82,82,82,82,82,82,82,82,82,82],"card_choices":[{"not_picked":["Acrobatics","Blade Dance"],"picked":"Sucker Punch","floor":1.0},{"not_picked":["Reflex","Caltrops"],"picked":"Noxious Fumes","floor":2.0},{"not_picked":["Crippling Poison","Escape Plan"],"picked":"Bane","floor":4.0},{"not_picked":["Dodge and Roll","Calculated Gamble"],"picked":"PiercingWail","floor":6.0},{"not_picked":["Slice","Masterful Stab"],"picked":"Flechettes","floor":8.0},{"not_picked":["Blade Dance","Slice","Flying Knee"],"picked":"SKIP","floor":10.0},{"not_picked":["Choke","Glass Knife"],"picked":"Deadly Poison","floor":13.0},{"not_picked":["Bane","Poisoned Stab"],"picked":"Skewer","floor":14.0},{"not_picked":["A Thousand Cuts","Storm of Steel"],"picked":"Adrenaline","floor":16.0},{"not_picked":["Flying Knee","Prepared"],"picked":"Dash","floor":18.0},{"not_picked":["Setup","Blade Dance+1","Dagger Throw"],"picked":"SKIP","floor":19.0},{"not_picked":["Crippling Poison","Dagger Throw+1"],"picked":"Prepared","floor":22.0},{"not_picked":["Escape Plan","PiercingWail+1"],"picked":"Blur","floor":23.0},{"not_picked":["Outmaneuver+1","Cloak And Dagger+1"],"picked":"Adrenaline","floor":25.0},{"not_picked":["Dagger Throw+1","Escape Plan+1"],"picked":"Cloak And Dagger+1","floor":27.0},{"not_picked":["Cloak And Dagger+1","Crippling Poison"],"picked":"Deflect","floor":28.0},{"not_picked":["Infinite Blades+1","Tactician","Crippling Poison"],"picked":"SKIP","floor":29.0},{"not_picked":["Glass Knife+1","Bullet Time"],"picked":"Malaise","floor":33.0},{"not_picked":["Expertise+1","Sucker Punch+1"],"picked":"Terror+1","floor":35.0},{"not_picked":["Deflect+1","Caltrops+1","Dagger Spray+1"],"picked":"SKIP","floor":37.0},{"not_picked":["Terror+1","Deadly Poison","Deflect"],"picked":"SKIP","floor":39.0},{"not_picked":["Acrobatics+1","Sucker Punch+1"],"picked":"Prepared+1","floor":40.0},{"not_picked":["Sucker Punch+1","Flying Knee+1","Dagger Spray+1"],"picked":"SKIP","floor":41.0},{"not_picked":["Cloak And Dagger+1","Deflect+1","Bullet Time"],"picked":"SKIP","floor":42.0},{"not_picked":["Flying Knee+1","PiercingWail+1"],"picked":"Dodge and Roll","floor":45.0},{"not_picked":["Reflex+1","Flying Knee+1"],"picked":"Calculated Gamble","floor":46},{"not_picked":["Dash+1","Caltrops"],"picked":"Riddle With Holes+1","floor":48},{"not_picked":["Accuracy","Deadly Poison"],"picked":"Deflect+1","floor":54}],"player_experience":314896,"relics_obtained":[{"floor":6.0,"key":"Dodecahedron"},{"floor":9.0,"key":"Centennial Puzzle"},{"floor":13.0,"key":"Oddly Smooth Stone"},{"floor":23.0,"key":"Lantern"},{"floor":25.0,"key":"Snake Skull"},{"floor":26.0,"key":"Eternal Feather"},{"floor":27.0,"key":"Happy Flower"},{"floor":40.0,"key":"Smiling Mask"},{"floor":42.0,"key":"MawBank"},{"floor":54,"key":"Blue Candle"}],"event_choices":[{"damage_healed":0.0,"max_hp_gain":0.0,"max_hp_loss":0.0,"gold_gain":0.0,"event_name":"Shining Light","player_choice":"Entered Light","floor":3.0,"gold_loss":0.0,"damage_taken":15.0,"cards_upgraded":["Strike_G","Neutralize"]},{"damage_healed":0.0,"max_hp_gain":0.0,"max_hp_loss":0.0,"gold_gain":0.0,"event_name":"Match and Keep!","player_choice":"2 cards matched","floor":11.0,"gold_loss":0.0,"damage_taken":0.0,"cards_obtained":["Escape Plan","Neutralize"]},{"damage_healed":0.0,"max_hp_gain":0.0,"max_hp_loss":0.0,"gold_gain":0.0,"cards_transformed":["Strike_G"],"event_name":"Transmorgrifier","player_choice":"Transformed","floor":20.0,"gold_loss":0.0,"damage_taken":0.0,"cards_obtained":["Backstab"]},{"damage_healed":0.0,"max_hp_gain":5.0,"max_hp_loss":0.0,"gold_gain":0.0,"event_name":"Forgotten Altar","player_choice":"Shed Blood","floor":30.0,"gold_loss":0.0,"damage_taken":19.0},{"damage_healed":27.0,"max_hp_gain":0.0,"max_hp_loss":0.0,"gold_gain":0.0,"event_name":"The Library","player_choice":"Heal","floor":31.0,"gold_loss":0.0,"damage_taken":0.0},{"damage_healed":0.0,"max_hp_gain":0.0,"max_hp_loss":0.0,"gold_gain":0.0,"event_name":"Tomb of Lord Red Mask","player_choice":"Paid","floor":38.0,"gold_loss":32.0,"damage_taken":0.0,"relics_obtained":["Red Mask"]}],"is_beta":true,"boss_relics":[{"not_picked":["Ectoplasm","WristBlade"],"picked":"Runic Pyramid"},{"not_picked":["Pandora\u0027s Box","Coffee Dripper"],"picked":"Astrolabe"}],"items_purged_floors":[53],"is_endless":false,"potions_floor_spawned":[6,8,13,14,16,22,25,27,28,29,39,41,42,46,48],"killed_by":"The Heart","ascension_level":0}