{"gold_per_floor":[114,114,133,133,152,152,183,201,278,278,297,297,146,174,174,273,273,293,159,159,159,159,159,16,51,77,77,93,8,33,46,46,150,150,165,181,181,193,245,273,273,284,284,304,304,335,361,373,373,373],"floor_reached":50,"playtime":2415,"items_purged":[],"score":713,"play_id":"f1bf2816-a35c-46f7-9a60-6c7c451d1f89","local_time":"20190810104853","is_ascension_mode":true,"campfire_choices":[{"data":"Inflame","floor":6.0,"key":"SMITH"},{"data":"Perfected Strike","floor":10.0,"key":"SMITH"},{"floor":12.0,"key":"REST"},{"data":"Feel No Pain","floor":15.0,"key":"SMITH"},{"floor":23.0,"key":"REST"},{"floor":27.0,"key":"REST"},{"floor":32.0,"key":"REST"},{"floor":45.0,"key":"REST"},{"floor":49.0,"key":"REST"}],"neow_cost":"NONE","seed_source_timestamp":0,"circlet_count":0,"master_deck":["Strike_R","Strike_R","Defend_R","Defend_R+1","Defend_R+1","Defend_R","Bash","Reaper","Corruption","Cleave","Inflame+1","Dropkick","Perfected Strike+1","Fire Breathing","Feel No Pain+1","Juggernaut","Inflame","Shrug It Off","Metallicize","Metallicize","Evolve","Rage","True Grit+1","Fire Breathing+1","Armaments","Infernal Blade","Demon Form+1","Metallicize+1","Pommel Strike","Heavy Blade","Double Tap","Limit Break","Finesse","Apotheosis","Flame Barrier+1","Heavy Blade+1","Uppercut+1","Infernal Blade+1"],"special_seed":0,"relics":["Burning Blood","Nunchaku","Regal Pillow","Mummified Hand","PreservedInsect","Centennial Puzzle","Fusion Hammer","Bag of Marbles","War Paint","Frozen Egg 2","Vajra","Empty Cage","FossilizedHelix","Juzu Bracelet","Pen Nib","Ancient Tea Set","Boot"],"potions_floor_usage":[50,50,50],"damage_taken":[{"damage":8.0,"enemies":"Small Slimes","floor":1.0,"turns":5.0},{"damage":6.0,"enemies":"Cultist","floor":3.0,"turns":4.0},{"damage":3.0,"enemies":"2 Louse","floor":5.0,"turns":3.0},{"damage":25.0,"enemies":"Lagavulin","floor":7.0,"turns":6.0},{"damage":10.0,"enemies":"Large Slime","floor":8.0,"turns":4.0},{"damage":23.0,"enemies":"3 Louse","floor":11.0,"turns":3.0},{"damage":16.0,"enemies":"Gremlin Nob","floor":14.0,"turns":3.0},{"damage":58.0,"enemies":"Slime Boss","floor":16.0,"turns":11.0},{"damage":6.0,"enemies":"3 Byrds","floor":18.0,"turns":4.0},{"damage":19.0,"enemies":"Slavers","floor":25.0,"turns":3.0},{"damage":8.0,"enemies":"Shell Parasite","floor":28.0,"turns":4.0},{"damage":33.0,"enemies":"Book of Stabbing","floor":30.0,"turns":4.0},{"damage":20.0,"enemies":"Centurion and Healer","floor":31.0,"turns":6.0},{"damage":53.0,"enemies":"Collector","floor":33.0,"turns":10.0},{"damage":40.0,"enemies":"3 Darklings","floor":35.0,"turns":6.0},{"damage":1.0,"enemies":"3 Shapes","floor":36.0,"turns":6.0},{"damage":14.0,"enemies":"Maw","floor":38.0,"turns":6.0},{"damage":39.0,"enemies":"2 Orb Walkers","floor":39.0,"turns":5.0},{"damage":15.0,"enemies":"Giant Head","floor":40.0,"turns":7.0},{"damage":15.0,"enemies":"3 Darklings","floor":42.0,"turns":4.0},{"damage":31.0,"enemies":"Transient","floor":44.0,"turns":5.0},{"damage":46.0,"enemies":"Nemesis","floor":46.0,"turns":5.0},{"damage":22.0,"enemies":"Maw","floor":48.0,"turns":5.0},{"damage":93,"enemies":"Awakened One","floor":50,"turns":6}],"seed_played":"2892697420219854107","potions_obtained":[{"floor":3.0,"key":"Poison Potion"},{"floor":4.0,"key":"Swift Potion"},{"floor":4.0,"key":"EntropicBrew"},{"floor":5.0,"key":"Block Potion"},{"floor":18.0,"key":"EntropicBrew"},{"floor":28.0,"key":"AttackPotion"},{"floor":31.0,"key":"Dexterity Potion"},{"floor":36.0,"key":"SkillPotion"},{"floor":39.0,"key":"Explosive Potion"}],"is_trial":false,"path_per_floor":["M","?","M","?","M","R","E","M","T","R","M","R","$","E","R","B",null,"M","$","?","?","?","R","$","E","T","R","M","?","E","M","R","B",null,"M","M","?","M","?","E","?","M","T","M","R","E","T","M","R","B"],"character_chosen":"IRONCLAD","items_purchased":["PreservedInsect","Shrug It Off","Metallicize","Evolve","Rage"],"campfire_rested":6,"item_purchase_floors":[13,19,19,24,24],"current_hp_per_floor":[80,77,77,77,80,80,61,67,67,67,50,80,80,70,70,28,80,80,80,80,80,80,80,80,80,80,80,78,78,51,62,80,52,80,46,80,80,80,63,71,66,71,71,80,80,40,40,24,63,0],"gold":373,"neow_bonus":"ONE_RANDOM_RARE_CARD","is_prod":false,"is_daily":false,"chose_seed":false,"campfire_upgraded":3,"win_rate":0,"timestamp":1565459333,"path_taken":["M","?","M","?","M","R","E","M","T","R","M","R","$","E","R","BOSS","M","$","?","?","?","R","$","E","T","R","M","?","E","M","R","BOSS","M","M","?","M","?","E","?","M","T","M","R","E","?","M","R","BOSS"],"build_version":"2019-07-17","purchased_purges":0,"victory":false,"max_hp_per_floor":[80,80,80,80,80,80,80,80,80,80,80,80,80,80,80,80,80,80,80,80,80,80,80,80,80,80,80,80,80,80,80,80,80,80,80,80,80,80,80,80,80,80,80,80,80,80,80,80,80,80],"card_choices":[{"not_picked":["Clothesline","Sever Soul"],"picked":"Corruption","floor":1.0},{"not_picked":["Entrench","Combust"],"picked":"Cleave","floor":3.0},{"not_picked":["Clash","Body Slam"],"picked":"Inflame","floor":5.0},{"not_picked":["Second Wind","Headbutt"],"picked":"Dropkick","floor":7.0},{"not_picked":["Anger","Seeing Red"],"picked":"Perfected Strike","floor":8.0},{"not_picked":["Havoc","True Grit"],"picked":"Fire Breathing","floor":11.0},{"not_picked":["Sword Boomerang","Body Slam"],"picked":"Feel No Pain","floor":14.0},{"not_picked":["Dark Embrace","Brutality"],"picked":"Juggernaut","floor":16.0},{"not_picked":["Heavy Blade+1","Body Slam"],"picked":"Inflame","floor":18.0},{"not_picked":["Pommel Strike+1","Offering"],"picked":"True Grit+1","floor":25.0},{"not_picked":["Intimidate","Perfected Strike"],"picked":"Fire Breathing+1","floor":28.0},{"not_picked":["Combust+1","True Grit"],"picked":"Armaments","floor":30.0},{"not_picked":["Corruption+1","True Grit"],"picked":"Infernal Blade","floor":31.0},{"not_picked":["Dark Embrace+1","Immolate"],"picked":"Demon Form+1","floor":33.0},{"not_picked":["Carnage+1","Shockwave+1"],"picked":"Metallicize+1","floor":35.0},{"not_picked":["Carnage","Cleave"],"picked":"Pommel Strike","floor":36.0},{"not_picked":["Thunderclap","Sword Boomerang"],"picked":"Heavy Blade","floor":38.0},{"not_picked":["Anger+1","Clash"],"picked":"Double Tap","floor":39.0},{"not_picked":["Headbutt","Flex+1"],"picked":"Limit Break","floor":40.0},{"not_picked":["Bandage Up","Panacea"],"picked":"Finesse","floor":41.0},{"not_picked":["Flash of Steel","PanicButton"],"picked":"Apotheosis","floor":41.0},{"not_picked":["Dropkick","Headbutt+1"],"picked":"Flame Barrier+1","floor":42.0},{"not_picked":["Armaments","Shockwave+1"],"picked":"Heavy Blade+1","floor":44.0},{"not_picked":["Evolve+1","Heavy Blade"],"picked":"Uppercut+1","floor":46.0},{"not_picked":["Intimidate","Sever Soul+1"],"picked":"Infernal Blade+1","floor":48.0}],"player_experience":2807347,"relics_obtained":[{"floor":7.0,"key":"Regal Pillow"},{"floor":9.0,"key":"Mummified Hand"},{"floor":14.0,"key":"Centennial Puzzle"},{"floor":25.0,"key":"Bag of Marbles"},{"floor":26.0,"key":"War Paint"},{"floor":30.0,"key":"Vajra"},{"floor":39.0,"key":"FossilizedHelix"},{"floor":40.0,"key":"Juzu Bracelet"},{"floor":43.0,"key":"Pen Nib"},{"floor":46.0,"key":"Ancient Tea Set"},{"floor":47.0,"key":"Boot"}],"event_choices":[{"damage_healed":0.0,"max_hp_gain":0.0,"max_hp_loss":0.0,"gold_gain":0.0,"event_name":"Scrap Ooze","player_choice":"Success","floor":2.0,"gold_loss":0.0,"damage_taken":3.0,"relics_obtained":["Nunchaku"]},{"damage_healed":0.0,"max_hp_gain":0.0,"max_hp_loss":0.0,"gold_gain":0.0,"event_name":"Lab","player_choice":"Got Potions","floor":4.0,"gold_loss":0.0,"damage_taken":0.0},{"damage_healed":0.0,"max_hp_gain":0.0,"max_hp_loss":0.0,"gold_gain":0.0,"event_name":"Vampires","player_choice":"Ignored","floor":20.0,"gold_loss":0.0,"damage_taken":0.0},{"damage_healed":0.0,"max_hp_gain":0.0,"max_hp_loss":0.0,"gold_gain":0.0,"event_name":"Beggar","player_choice":"Ignored","floor":21.0,"gold_loss":0.0,"damage_taken":0.0},{"damage_healed":0.0,"max_hp_gain":0.0,"max_hp_loss":0.0,"gold_gain":0.0,"event_name":"The Library","player_choice":"Read","floor":22.0,"gold_loss":0.0,"damage_taken":0.0,"cards_obtained":["Metallicize"]},{"damage_healed":0.0,"max_hp_gain":0.0,"max_hp_loss":0.0,"gold_gain":0.0,"event_name":"Addict","player_choice":"Obtained Relic","floor":29.0,"gold_loss":85.0,"damage_taken":0.0,"relics_obtained":["Frozen Egg 2"]},{"cards_removed":["Strike_R"],"damage_healed":0.0,"max_hp_gain":0.0,"max_hp_loss":0.0,"gold_gain":0.0,"event_name":"Falling","player_choice":"Removed Attack","floor":37.0,"gold_loss":0.0,"damage_taken":0.0},{"damage_healed":0.0,"max_hp_gain":0.0,"max_hp_loss":0.0,"gold_gain":0.0,"event_name":"Mysterious Sphere","player_choice":"Fight","floor":39.0,"gold_loss":0.0,"damage_taken":0.0},{"damage_healed":0.0,"max_hp_gain":0.0,"max_hp_loss":0.0,"gold_gain":0.0,"event_name":"SensoryStone","player_choice":"Memory 2","floor":41.0,"gold_loss":0.0,"damage_taken":5.0}],"is_beta":false,"boss_relics":[{"not_picked":["Coffee Dripper","Runic Pyramid"],"picked":"Fusion Hammer"},{"not_picked":["Runic Dome","Eternal Feather"],"picked":"Empty Cage"}],"items_purged_floors":[],"is_endless":false,"potions_floor_spawned":[3,5,8,18,28,31,36,39,40,46],"killed_by":"Awakened One","ascension_level":4}