{"path_per_floor":["M","?","?","M","M","E","M","M","T","M","R","M","T","?","R","B",null,"M","?","M","M","M","R","?","R","T","?","R","?","E","$","R"],"character_chosen":"IRONCLAD","items_purchased":["Bottled Flame"],"gold_per_floor":[111,111,211,231,245,277,294,306,306,325,325,337,387,387,387,488,488,507,407,427,447,459,459,459,459,459,459,459,459,486,158,158],"floor_reached":33,"campfire_rested":3,"playtime":3505,"current_hp_per_floor":[80,80,80,74,73,55,48,38,38,38,38,31,31,31,55,42,80,57,57,52,30,15,39,46,46,46,38,38,38,9,9,35],"items_purged":["Defend_R"],"gold":158,"score":267,"play_id":"fe7a6b5f-9350-4592-953b-7d03fa2ee14e","local_time":"20180303143732","is_prod":false,"is_daily":false,"is_ascension_mode":false,"campfire_upgraded":0,"timestamp":1520105852,"path_taken":["M","?","?","M","M","E","M","M","T","?","R","?","?","?","R","BOSS","M","?","?","M","?","R","?","R","T","?","R","?","E","$","R","BOSS"],"build_version":"2018-03-01-PROD1","purchased_purges":1,"victory":false,"master_deck":["Strike_R","Strike_R","Strike_R","Strike_R","Strike_R","Defend_R","Defend_R","Defend_R","Bash","Clothesline+1","Iron Wave","Pommel Strike","Armaments","Clash","Fire Breathing","Inflame","Heavy Blade","Juggernaut","Writhe","Limit Break","Seeing Red+1","Perfected Strike","Pommel Strike+1","Headbutt","Writhe","Pommel Strike"],"max_hp_per_floor":[80,80,80,80,80,80,80,80,80,80,80,80,80,80,80,80,80,80,80,80,80,80,80,87,87,87,87,87,87,87,87,87],"relics":["Runic Dome","Toolbox","Girya","Pen Nib","Snecko Eye","Strawberry","Sundial","Centennial Puzzle","Happy Flower","Bottled Flame"],"card_choices":[{"not_picked":["Sword Boomerang","Rage"],"picked":"Clothesline"},{"not_picked":["Blood for Blood","Thunderclap"],"picked":"Iron Wave"},{"not_picked":["Uppercut","Intimidate"],"picked":"Pommel Strike"},{"not_picked":["Spot Weakness","Clash"],"picked":"Armaments"},{"not_picked":["Seeing Red","Thunderclap"],"picked":"Clash"},{"not_picked":["Flex","Clash"],"picked":"Fire Breathing"},{"not_picked":["Pommel Strike","Second Wind"],"picked":"Inflame"},{"not_picked":["Disarm","Reckless Charge"],"picked":"Heavy Blade"},{"not_picked":["Brutality","Demon Form"],"picked":"Limit Break"},{"not_picked":["Uppercut","Pommel Strike"],"picked":"Seeing Red"},{"not_picked":["Intimidate","Iron Wave"],"picked":"Perfected Strike"},{"not_picked":["Sword Boomerang","Clothesline"],"picked":"Pommel Strike"},{"not_picked":["Flex","Spot Weakness"],"picked":"Headbutt"},{"not_picked":["Thunderclap","Bloodletting"],"picked":"Pommel Strike"}],"player_experience":6287,"potions_floor_usage":[16,16],"damage_taken":[{"damage":0,"enemies":"2 Louse","floor":1,"turns":2},{"damage":6,"enemies":"Jaw Worm","floor":4,"turns":2},{"damage":1,"enemies":"Cultist","floor":5,"turns":3},{"damage":18,"enemies":"3 Sentries","floor":6,"turns":8},{"damage":7,"enemies":"Blue Slaver","floor":7,"turns":3},{"damage":10,"enemies":"Exordium Thugs","floor":8,"turns":3},{"damage":0,"enemies":"Red Slaver","floor":10,"turns":2},{"damage":7,"enemies":"Exordium Wildlife","floor":12,"turns":3},{"damage":13,"enemies":"Slime Boss","floor":16,"turns":8},{"damage":23,"enemies":"Chosen","floor":18,"turns":4},{"damage":5,"enemies":"Spheric Guardian","floor":20,"turns":3},{"damage":22,"enemies":"Chosen and Byrds","floor":21,"turns":5},{"damage":15,"enemies":"Snake Plant","floor":22,"turns":3},{"damage":29,"enemies":"Gremlin Leader","floor":30,"turns":5},{"damage":40,"enemies":"Automaton","floor":33,"turns":5}],"event_choices":[{"event_name":"Living Wall","player_choice":"Grow","floor":2,"damage_taken":0},{"event_name":"Wheel of Change","player_choice":"Gold","floor":3,"damage_taken":0},{"event_name":"Match and Keep!","player_choice":"2 cards matched","floor":14,"damage_taken":0},{"event_name":"Drug Dealer","player_choice":"Got JAXXED","floor":19,"damage_taken":0},{"event_name":"The Mausoleum","player_choice":"Yes","floor":24,"damage_taken":0},{"event_name":"Wheel of Change","player_choice":"Damage","floor":27,"damage_taken":0},{"event_name":"Addict","player_choice":"Gave JAX","floor":29,"damage_taken":0}],"boss_relics":[{"not_picked":["Orrery","Calling Bell"],"picked":"Snecko Eye"}],"potions_floor_spawned":[6,8,10,12,21,30],"seed_played":"1354757642829996526","killed_by":"Automaton","ascension_level":0,"is_trial":false}