{"path_per_floor":["M","M","$","M","?","R","M","R","T","M","E","M","R","M","R","B",null,"M","M","$","?","?","R","M"],"character_chosen":"THE_SILENT","items_purchased":["Boot","Tools of the Trade"],"gold_per_floor":[215,232,0,18,18,18,29,29,56,76,110,127,127,146,146,249,249,216,226,46,46,46,46,58,58],"floor_reached":25,"campfire_rested":2,"playtime":1514,"item_purchase_floors":[3,20],"current_hp_per_floor":[69,58,58,58,63,63,57,57,57,57,34,31,31,31,53,35,75,46,34,34,20,20,44,43,11],"items_purged":["Strike_G","Strike_G"],"gold":58,"score":246,"play_id":"75175e6a-e853-49ca-a547-c77aee68c129","local_time":"20180526114923","is_prod":false,"is_daily":false,"chose_seed":false,"is_ascension_mode":true,"campfire_upgraded":3,"win_rate":0,"timestamp":1527360563,"campfire_choices":[{"data":"Deadly Poison","floor":6,"key":"SMITH"},{"data":"Neutralize","floor":8,"key":"SMITH"},{"data":"Footwork","floor":13,"key":"SMITH"},{"floor":15,"key":"REST"},{"floor":23,"key":"REST"}],"path_taken":["M","M","$","M","?","R","M","R","T","?","E","M","R","M","R","BOSS","M","?","$","?","?","R","M","?"],"build_version":"2018-05-24","seed_source_timestamp":1917162888082,"purchased_purges":2,"victory":false,"master_deck":["Defend_G","Defend_G","Defend_G","Defend_G","Defend_G","Strike_G","Strike_G","Strike_G","Survivor","Neutralize+1","Deadly Poison+1","Backflip","Flying Knee","Outmaneuver","Footwork+1","Well Laid Plans","Tools of the Trade"],"max_hp_per_floor":[70,70,70,70,75,75,75,75,75,75,75,75,75,75,75,75,75,75,75,75,80,80,80,80,80],"relics":["Ring of the Snake","Boot","Ancient Tea Set","Orichalcum","Lizard Tail"],"card_choices":[{"not_picked":["Bouncing Flask","Bane"],"picked":"Deadly Poison","floor":1},{"not_picked":["Prepared","Masterful Stab"],"picked":"Backflip","floor":2},{"not_picked":["Dagger Spray","Bane"],"picked":"Flying Knee","floor":4},{"not_picked":["Bane","Finisher","Infinite Blades"],"picked":"SKIP","floor":7},{"not_picked":["Skewer","Endless Agony","Setup"],"picked":"SKIP","floor":10},{"not_picked":["Sucker Punch","Poisoned Stab"],"picked":"Outmaneuver","floor":11},{"not_picked":["Quick Slash","Acrobatics"],"picked":"Footwork","floor":12},{"not_picked":["Dagger Throw","Poisoned Stab"],"picked":"Well Laid Plans","floor":14},{"not_picked":["Dagger Spray","Heel Hook","Dagger Throw"],"picked":"SKIP","floor":18},{"not_picked":["Setup","Prepared","Bane"],"picked":"SKIP","floor":19},{"not_picked":["Eviscerate","Dagger Spray+1","Endless Agony"],"picked":"SKIP","floor":24}],"player_experience":373791,"potions_floor_usage":[10,11,16,24],"damage_taken":[{"damage":1,"enemies":"Small Slimes","floor":1,"turns":4},{"damage":11,"enemies":"Jaw Worm","floor":2,"turns":5},{"damage":0,"enemies":"Cultist","floor":4,"turns":4},{"damage":6,"enemies":"Exordium Thugs","floor":7,"turns":3},{"damage":0,"enemies":"Lots of Slimes","floor":10,"turns":4},{"damage":23,"enemies":"Gremlin Nob","floor":11,"turns":5},{"damage":3,"enemies":"Exordium Wildlife","floor":12,"turns":5},{"damage":0,"enemies":"2 Fungi Beasts","floor":14,"turns":3},{"damage":18,"enemies":"Hexaghost","floor":16,"turns":10},{"damage":29,"enemies":"2 Thieves","floor":18,"turns":5},{"damage":12,"enemies":"Spheric Guardian","floor":19,"turns":7},{"damage":1,"enemies":"Snecko","floor":24,"turns":9},{"damage":32,"enemies":"Slaver and Parasite","floor":25,"turns":5}],"relics_obtained":[{"floor":9,"key":"Ancient Tea Set"},{"floor":11,"key":"Orichalcum"}],"event_choices":[{"event_name":"Big Fish","player_choice":"Donut","floor":5,"damage_taken":0},{"event_name":"Forgotten Altar","player_choice":"Shed Blood","floor":21,"damage_taken":0},{"event_name":"Ghosts","player_choice":"Ignored","floor":22,"damage_taken":0}],"boss_relics":[{"not_picked":["Philosopher\u0027s Stone","Black Star"],"picked":"Lizard Tail"}],"items_purged_floors":[3,20],"potions_floor_spawned":[4,7,12,14,16],"seed_played":"3560970989012222910","killed_by":"Slaver and Parasite","ascension_level":4,"potions_obtained":[{"floor":4,"key":"Fire Potion"},{"floor":7,"key":"EssenceOfSteel"},{"floor":12,"key":"LiquidBronze"},{"floor":14,"key":"PowerPotion"},{"floor":16,"key":"GhostInAJar"}],"is_trial":false}