{"gold_per_floor":[116,116,41,62,77,77,113,113,113,113,113,128,28,71,71,194,194,217,230,33,49,65,100,100,124,124,148,148,148,148,189,189,317,317,333,351,32,365,365,392,402,416,468,496,511,421,19,44,44,44],"floor_reached":51,"playtime":4248,"items_purged":["Injury","Strike_R","Normality","Decay"],"score":949,"play_id":"d92f36b3-e631-4d91-b740-9bc1fe209d61","local_time":"20190812122332","is_ascension_mode":true,"campfire_choices":[{"data":"Bash","floor":6,"key":"SMITH"},{"data":"Disarm","floor":8,"key":"SMITH"},{"data":"Heavy Blade","floor":15,"key":"SMITH"},{"data":"Demon Form","floor":24,"key":"SMITH"},{"data":"Spot Weakness","floor":28,"key":"SMITH"},{"floor":32,"key":"REST"},{"floor":49,"key":"REST"}],"neow_cost":"NONE","seed_source_timestamp":78926354113300,"circlet_count":0,"master_deck":["Strike_R","Strike_R","Strike_R","Defend_R","Defend_R","Defend_R+1","Defend_R","Bash+1","Thunderclap","Flex","Dropkick","Disarm+1","Anger","Heavy Blade+1","Demon Form+1","Anger","Shrug It Off","Spot Weakness+1","Whirlwind+1","Writhe","Burning Pact","Double Tap","Shrug It Off+1","Limit Break+1","Armaments+1","Infernal Blade+1","Double Tap+1","True Grit+1"],"relics":["Burning Blood","Red Skull","Pantograph","Strawberry","Potion Belt","Darkstone Periapt","Mercury Hourglass","Black Star","Bottled Tornado","Sundial","Gremlin Horn","Pen Nib","FaceOfCleric","Bag of Marbles","Prayer Wheel","Calling Bell","Vajra","Toxic Egg 2","Champion Belt","Happy Flower","Anchor","Frozen Egg 2","PreservedInsect","Regal Pillow","Unceasing Top","Paper Frog","Bag of Preparation","Bottled Lightning"],"potions_floor_usage":[21,23,23,27,31,31,31,31,40,44,50],"damage_taken":[{"damage":7,"enemies":"Small Slimes","floor":1,"turns":4},{"damage":8,"enemies":"Jaw Worm","floor":4,"turns":4},{"damage":1,"enemies":"Cultist","floor":5,"turns":3},{"damage":31,"enemies":"Gremlin Nob","floor":7,"turns":4},{"damage":11,"enemies":"Lots of Slimes","floor":12,"turns":2},{"damage":26,"enemies":"3 Sentries","floor":14,"turns":7},{"damage":40,"enemies":"Slime Boss","floor":16,"turns":8},{"damage":25,"enemies":"Spheric Guardian","floor":18,"turns":4},{"damage":27,"enemies":"2 Thieves","floor":19,"turns":3},{"damage":19,"enemies":"Snake Plant","floor":21,"turns":3},{"damage":0,"enemies":"Snecko","floor":22,"turns":3},{"damage":13,"enemies":"Gremlin Leader","floor":23,"turns":3},{"damage":10,"enemies":"Cultist and Chosen","floor":25,"turns":3},{"damage":10,"enemies":"Shelled Parasite and Fungi","floor":27,"turns":2},{"damage":15,"enemies":"Book of Stabbing","floor":31,"turns":3},{"damage":34,"enemies":"Collector","floor":33,"turns":6},{"damage":26,"enemies":"3 Shapes","floor":35,"turns":4},{"damage":50,"enemies":"3 Darklings","floor":36,"turns":4},{"damage":51,"enemies":"Giant Head","floor":40,"turns":6},{"damage":0,"enemies":"Jaw Worm Horde","floor":41,"turns":2},{"damage":0,"enemies":"4 Shapes","floor":42,"turns":2},{"damage":31,"enemies":"Nemesis","floor":44,"turns":3},{"damage":3,"enemies":"Maw","floor":45,"turns":4},{"damage":0,"enemies":"Reptomancer","floor":48,"turns":2},{"damage":48,"enemies":"Time Eater","floor":50,"turns":5}],"seed_played":"8859669385038368898","potions_obtained":[{"floor":12,"key":"SpeedPotion"},{"floor":16,"key":"SteroidPotion"},{"floor":19,"key":"Strength Potion"},{"floor":22,"key":"FearPotion"},{"floor":23,"key":"Swift Potion"},{"floor":25,"key":"FearPotion"},{"floor":27,"key":"Weak Potion"},{"floor":36,"key":"Swift Potion"},{"floor":42,"key":"Swift Potion"},{"floor":44,"key":"EssenceOfSteel"},{"floor":45,"key":"BloodPotion"}],"is_trial":false,"path_per_floor":["M","?","$","M","M","R","E","R","T","?","?","M","$","E","R","B",null,"M","M","$","M","M","E","R","M","T","M","R","?","?","E","R","B",null,"M","M","$","?","?","E","M","M","T","E","M","?","$","E","R","B",null],"character_chosen":"IRONCLAD","items_purchased":["Anger","BloodPotion","Shrug It Off","Fire Potion","Armaments+1","Happy Flower","Paper Frog"],"campfire_rested":2,"item_purchase_floors":[13,13,20,20,37,37,47],"current_hp_per_floor":[79,79,79,77,80,80,55,55,62,62,50,45,45,25,25,16,87,68,47,47,34,40,33,33,29,29,25,25,31,31,23,51,49,113,94,51,51,51,51,35,42,49,49,25,29,29,29,36,87,71],"gold":44,"neow_bonus":"RANDOM_COMMON_RELIC","is_prod":false,"is_daily":false,"chose_seed":false,"campfire_upgraded":5,"win_rate":0,"timestamp":1565630612,"path_taken":["M","?","$","M","M","R","E","R","T","?","?","M","?","E","R","BOSS","M","M","$","?","?","E","R","M","T","M","R","?","?","E","R","BOSS","M","M","$","?","?","E","M","M","T","E","M","?","$","E","R","BOSS"],"build_version":"2019-07-17","purchased_purges":4,"victory":true,"max_hp_per_floor":[80,80,80,80,80,80,80,80,87,87,87,87,87,87,87,87,87,87,87,87,87,87,87,87,87,87,87,87,93,93,94,94,95,113,114,115,115,115,115,116,117,118,118,119,120,120,120,121,121,122],"card_choices":[{"not_picked":["Body Slam","Perfected Strike"],"picked":"Thunderclap","floor":1},{"not_picked":["Second Wind","Shrug It Off"],"picked":"Flex","floor":4},{"not_picked":["Power Through","Rage"],"picked":"Dropkick","floor":5},{"not_picked":["Flex","True Grit"],"picked":"Disarm","floor":7},{"not_picked":["Ghostly Armor","Twin Strike","Wild Strike"],"picked":"SKIP","floor":12},{"not_picked":["Headbutt","True Grit"],"picked":"Heavy Blade","floor":14},{"not_picked":["Impervious","Feed"],"picked":"Demon Form","floor":16},{"not_picked":["Hemokinesis","Combust"],"picked":"Anger","floor":18},{"not_picked":["Bloodletting","Rupture","Sword Boomerang"],"picked":"SKIP","floor":19},{"not_picked":["Bloodletting","Whirlwind"],"picked":"Spot Weakness","floor":21},{"not_picked":["Infernal Blade","Feel No Pain+1","Headbutt"],"picked":"SKIP","floor":22},{"not_picked":["Iron Wave","Seeing Red"],"picked":"Whirlwind+1","floor":23},{"not_picked":["Hemokinesis","Sword Boomerang","Pommel Strike"],"picked":"SKIP","floor":25},{"not_picked":["Heavy Blade","Headbutt","Sword Boomerang"],"picked":"SKIP","floor":27},{"not_picked":["Wild Strike+1","Twin Strike"],"picked":"Burning Pact","floor":31},{"not_picked":["Fiend Fire","Brutality"],"picked":"Double Tap","floor":33},{"not_picked":["Carnage","Pummel+1"],"picked":"Shrug It Off+1","floor":35},{"not_picked":["True Grit+1","Heavy Blade+1","Armaments+1"],"picked":"SKIP","floor":35},{"not_picked":["Pummel","Body Slam+1"],"picked":"Limit Break+1","floor":36},{"not_picked":["Clothesline+1","Shrug It Off+1","Anger"],"picked":"SKIP","floor":36},{"not_picked":["Fire Breathing","Second Wind+1"],"picked":"Infernal Blade+1","floor":40},{"not_picked":["Feel No Pain+1","Warcry+1","Inflame+1"],"picked":"SKIP","floor":41},{"not_picked":["Cleave+1","Warcry+1","Twin Strike+1"],"picked":"SKIP","floor":41},{"not_picked":["Armaments+1","Evolve+1"],"picked":"Double Tap+1","floor":42},{"not_picked":["Heavy Blade","Perfected Strike+1","Shockwave+1"],"picked":"SKIP","floor":42},{"not_picked":["Heavy Blade","Perfected Strike+1","Shockwave+1"],"picked":"SKIP","floor":42},{"not_picked":["Cleave","Wild Strike","Clash+1"],"picked":"SKIP","floor":44},{"not_picked":["Armaments+1","Twin Strike"],"picked":"True Grit+1","floor":45},{"not_picked":["Warcry+1","Infernal Blade+1","Burning Pact+1"],"picked":"SKIP","floor":45},{"not_picked":["Perfected Strike","Wild Strike","Cleave"],"picked":"SKIP","floor":48}],"player_experience":113554,"relics_obtained":[{"floor":7,"key":"Pantograph"},{"floor":9,"key":"Strawberry"},{"floor":14,"key":"Mercury Hourglass"},{"floor":23,"key":"Bottled Tornado"},{"floor":23,"key":"Sundial"},{"floor":26,"key":"Gremlin Horn"},{"floor":31,"key":"Bag of Marbles"},{"floor":31,"key":"Prayer Wheel"},{"floor":34,"key":"Vajra"},{"floor":34,"key":"Toxic Egg 2"},{"floor":34,"key":"Champion Belt"},{"floor":40,"key":"Anchor"},{"floor":40,"key":"Frozen Egg 2"},{"floor":43,"key":"PreservedInsect"},{"floor":44,"key":"Regal Pillow"},{"floor":44,"key":"Unceasing Top"},{"floor":48,"key":"Bag of Preparation"},{"floor":48,"key":"Bottled Lightning"}],"event_choices":[{"damage_healed":0,"gold_gain":0,"player_choice":"Take Wound","damage_taken":0,"relics_obtained":["Golden Idol"],"max_hp_gain":0,"max_hp_loss":0,"event_name":"Golden Idol","floor":2,"gold_loss":0,"cards_obtained":["Injury"]},{"damage_healed":0,"gold_gain":0,"player_choice":"Searched \u00271\u0027 times","damage_taken":0,"relics_obtained":["Potion Belt"],"max_hp_gain":0,"max_hp_loss":0,"event_name":"Dead Adventurer","floor":10,"gold_loss":0},{"damage_healed":0,"gold_gain":0,"player_choice":"Success","damage_taken":12,"relics_obtained":["Darkstone Periapt"],"max_hp_gain":0,"max_hp_loss":0,"event_name":"Scrap Ooze","floor":11,"gold_loss":0},{"damage_healed":0,"gold_gain":0,"player_choice":"Opened","damage_taken":0,"relics_obtained":["Pen Nib"],"max_hp_gain":0,"max_hp_loss":0,"event_name":"The Mausoleum","floor":29,"gold_loss":0,"cards_obtained":["Writhe"]},{"damage_healed":0,"gold_gain":0,"player_choice":"Trade","damage_taken":0,"relics_obtained":["FaceOfCleric"],"max_hp_gain":0,"max_hp_loss":0,"event_name":"FaceTrader","floor":30,"gold_loss":0},{"damage_healed":0,"gold_gain":333,"player_choice":"Gave Idol","damage_taken":0,"max_hp_gain":0,"max_hp_loss":0,"event_name":"The Moai Head","floor":38,"relics_lost":["Golden Idol"],"gold_loss":0},{"cards_removed":["Strike_R"],"damage_healed":0,"gold_gain":0,"player_choice":"Removed Attack","damage_taken":0,"max_hp_gain":0,"max_hp_loss":0,"event_name":"Falling","floor":39,"gold_loss":0},{"cards_removed":["Regret"],"damage_healed":0,"gold_gain":0,"player_choice":"Upgrade and Remove","damage_taken":0,"max_hp_gain":0,"max_hp_loss":0,"event_name":"Designer","floor":46,"gold_loss":90,"cards_upgraded":["Defend_R"]}],"is_beta":false,"boss_relics":[{"not_picked":["Runic Cube","Eternal Feather"],"picked":"Black Star"},{"not_picked":["Snecko Eye","Runic Pyramid"],"picked":"Calling Bell"}],"items_purged_floors":[3,20,37,47],"is_endless":false,"potions_floor_spawned":[12,16,19,22,23,25,27,36,42,44,45],"ascension_level":1}