{"path_per_floor":["M","?","?","M","?","R","E","M","T","E","M","M","M","M","R","B",null,"M","M","M","$","?","E","$"],"character_chosen":"THE_SILENT","items_purchased":["Gremlin Horn","Juzu Bracelet"],"gold_per_floor":[116,116,116,128,228,228,257,276,276,310,320,338,358,377,377,473,473,485,504,524,211,261,290,33],"floor_reached":25,"campfire_rested":1,"playtime":3327,"current_hp_per_floor":[70,70,56,56,56,56,56,55,55,37,30,26,24,23,44,17,70,59,57,50,50,50,20,20],"items_purged":["Regret","Strike_G"],"gold":33,"score":260,"play_id":"c761b1d9-757c-4820-bd2b-2ae083e7843b","local_time":"20180308163841","is_prod":false,"is_daily":false,"is_ascension_mode":false,"campfire_upgraded":1,"timestamp":1520545121,"path_taken":["M","?","?","M","?","R","E","M","T","E","M","M","?","M","R","BOSS","M","M","M","$","?","E","$","M"],"build_version":"2018-03-01-PROD1","purchased_purges":2,"victory":false,"master_deck":["Defend_G+1","Defend_G","Defend_G+1","Defend_G","Defend_G","Strike_G","Strike_G","Strike_G","Strike_G","Survivor","Neutralize","Prepared+1","Noxious Fumes","Escape Plan","Acrobatics","Cloak And Dagger","After Image","Backflip","Acrobatics","Escape Plan","Footwork","Wraith Form"],"max_hp_per_floor":[70,70,70,70,70,70,70,70,70,70,70,70,70,70,70,70,70,70,70,70,70,70,70,70],"relics":["Ring of the Snake","NeowsBlessing","Molten Egg 2","Shuriken","Orichalcum","Darkstone Periapt","Orrery","Gremlin Horn","Omamori","Juzu Bracelet"],"card_choices":[{"not_picked":["Outmaneuver","Bouncing Flask"],"picked":"Prepared"},{"not_picked":["Prepared","Dagger Throw"],"picked":"Noxious Fumes"},{"not_picked":["Acrobatics","Dagger Spray"],"picked":"Escape Plan"},{"not_picked":["Poisoned Stab","Well Laid Plans"],"picked":"Acrobatics"},{"not_picked":["Underhanded Strike","Bane"],"picked":"Cloak And Dagger"},{"not_picked":["Glass Knife","Corpse Explosion"],"picked":"After Image"},{"not_picked":["Cloak And Dagger","Underhanded Strike"],"picked":"Backflip"},{"not_picked":["Riddle With Holes","Blade Dance"],"picked":"Acrobatics"},{"not_picked":["PiercingWail","Acrobatics"],"picked":"Escape Plan"},{"not_picked":["Dodge and Roll","Dagger Spray"],"picked":"Footwork"},{"not_picked":["Leg Sweep","Outmaneuver"],"picked":"Wraith Form"}],"player_experience":52271,"potions_floor_usage":[23,23,25,25],"damage_taken":[{"damage":0.0,"enemies":"Small Slimes","floor":1.0,"turns":1.0},{"damage":0.0,"enemies":"2 Louse","floor":4.0,"turns":1.0},{"damage":0.0,"enemies":"3 Sentries","floor":7.0,"turns":1.0},{"damage":1.0,"enemies":"Jaw Worm","floor":8.0,"turns":5.0},{"damage":18.0,"enemies":"Gremlin Nob","floor":10.0,"turns":6.0},{"damage":7.0,"enemies":"Red Slaver","floor":11.0,"turns":6.0},{"damage":4.0,"enemies":"3 Louse","floor":12.0,"turns":5.0},{"damage":2.0,"enemies":"Exordium Wildlife","floor":13.0,"turns":4.0},{"damage":1.0,"enemies":"Red Slaver","floor":14.0,"turns":5.0},{"damage":27.0,"enemies":"The Guardian","floor":16.0,"turns":11.0},{"damage":11.0,"enemies":"Chosen","floor":18.0,"turns":12.0},{"damage":2.0,"enemies":"3 Byrds","floor":19.0,"turns":6.0},{"damage":7.0,"enemies":"Centurion and Healer","floor":20.0,"turns":15.0},{"damage":30,"enemies":"Gremlin Leader","floor":23,"turns":12},{"damage":28,"enemies":"3 Cultists","floor":25,"turns":8}],"event_choices":[{"event_name":"Big Fish","player_choice":"Box","floor":2.0,"damage_taken":0.0},{"event_name":"Shining Light","player_choice":"Entered Light","floor":3.0,"damage_taken":0.0},{"event_name":"Golden Shrine","player_choice":"Pray","floor":5.0,"damage_taken":0.0},{"event_name":"The Joust","player_choice":"Bet on Murderer","floor":22,"damage_taken":0}],"boss_relics":[],"potions_floor_spawned":[7,8,12,13,16,18,19,23],"seed_played":"3354214127053076041","killed_by":"3 Cultists","ascension_level":0,"is_trial":false}