{"gold_per_floor":[117,15,15,29,44,74,90,90,166,201,18,34,34,34,34,129,129,143,143,162,162,174,202,202,212,212,212],"floor_reached":27,"playtime":2192,"items_purged":["Strike_G"],"score":292,"play_id":"861b81c9-e5c1-47aa-9afa-b7972e7fae6d","local_time":"20190929113022","is_ascension_mode":true,"campfire_choices":[{"floor":8,"key":"REST"},{"data":"Night Terror","floor":13,"key":"SMITH"},{"data":"Well Laid Plans","floor":15,"key":"SMITH"},{"floor":24,"key":"REST"}],"neow_cost":"NONE","seed_source_timestamp":648799345100,"circlet_count":0,"master_deck":["Strike_G","Strike_G","Strike_G","Strike_G","Defend_G","Defend_G","Defend_G","Defend_G","Survivor","Neutralize","Cloak And Dagger","Dash","Noxious Fumes","Dagger Spray","Escape Plan","Slice","Dodge and Roll","Poisoned Stab","Blur","Well Laid Plans+1","Night Terror+1","Corpse Explosion","Bane+1","Deadly Poison+1","Necronomicurse","Prepared+1"],"relics":["Ring of the Snake","NeowsBlessing","Thread and Needle","Pen Nib","Eternal Feather","Matryoshka","SacredBark","Necronomicon","Bronze Scales","Gremlin Horn","Molten Egg 2"],"potions_floor_usage":[20],"damage_taken":[{"damage":0,"enemies":"Small Slimes","floor":1,"turns":1},{"damage":0,"enemies":"Cultist","floor":4,"turns":1},{"damage":0,"enemies":"2 Louse","floor":5,"turns":1},{"damage":33,"enemies":"Lagavulin","floor":6,"turns":10},{"damage":17,"enemies":"Large Slime","floor":7,"turns":7},{"damage":9,"enemies":"3 Sentries","floor":10,"turns":7},{"damage":0,"enemies":"Lots of Slimes","floor":12,"turns":1},{"damage":22,"enemies":"Slime Boss","floor":16,"turns":11},{"damage":23,"enemies":"Shell Parasite","floor":18,"turns":12},{"damage":4,"enemies":"Spheric Guardian","floor":20,"turns":5},{"damage":10,"enemies":"Cultist and Chosen","floor":22,"turns":6},{"damage":18,"enemies":"Gremlin Leader","floor":23,"turns":9},{"damage":7,"enemies":"Centurion and Healer","floor":25,"turns":6},{"damage":34,"enemies":"Book of Stabbing","floor":27,"turns":5}],"seed_played":"3381866260152424085","potions_obtained":[{"floor":5,"key":"Poison Potion"},{"floor":16,"key":"Poison Potion"},{"floor":23,"key":"SteroidPotion"}],"is_trial":false,"path_per_floor":["M","$","?","M","M","E","M","R","T","E","$","M","R","?","R","B",null,"M","?","M","?","M","E","R","M","T","E"],"character_chosen":"THE_SILENT","items_purchased":["Dash","Noxious Fumes","Blur","Well Laid Plans"],"campfire_rested":2,"item_purchase_floors":[2,2,11,11],"current_hp_per_floor":[70,70,70,70,70,37,20,41,41,32,32,32,44,49,61,39,75,52,52,48,32,22,4,41,34,34,0],"gold":212,"neow_bonus":"THREE_ENEMY_KILL","is_prod":false,"is_daily":false,"chose_seed":false,"campfire_upgraded":2,"win_rate":0,"timestamp":1569774622,"path_taken":["M","$","?","M","?","E","M","R","T","E","$","M","R","?","R","BOSS","M","?","?","?","M","E","R","M","T","E"],"build_version":"2019-09-27","purchased_purges":1,"victory":false,"max_hp_per_floor":[70,70,70,70,70,70,70,70,70,70,70,70,70,75,75,75,75,75,75,75,75,75,75,75,75,75,75],"card_choices":[{"not_picked":["Slice","Blade Dance"],"picked":"Cloak And Dagger","floor":1},{"not_picked":["Catalyst","Prepared"],"picked":"Dagger Spray","floor":4},{"not_picked":["Predator","Deadly Poison"],"picked":"Escape Plan","floor":5},{"not_picked":["Crippling Poison","Tactician"],"picked":"Slice","floor":6},{"not_picked":["Quick Slash","Flying Knee"],"picked":"Dodge and Roll","floor":7},{"not_picked":["Accuracy","Underhanded Strike"],"picked":"Poisoned Stab","floor":10},{"not_picked":["Underhanded Strike","Riddle With Holes"],"picked":"Night Terror","floor":12},{"not_picked":["Unload","Die Die Die"],"picked":"Corpse Explosion","floor":16},{"not_picked":["All Out Attack","Deadly Poison"],"picked":"Bane+1","floor":18},{"not_picked":["Heel Hook","Blur"],"picked":"Deadly Poison+1","floor":20},{"not_picked":["Sucker Punch","Crippling Poison","Accuracy"],"picked":"SKIP","floor":22},{"not_picked":["Setup","Sucker Punch+1","Blade Dance"],"picked":"SKIP","floor":23},{"not_picked":["Deflect","Cloak And Dagger"],"picked":"Prepared+1","floor":25}],"player_experience":337849,"relics_obtained":[{"floor":3,"key":"Thread and Needle"},{"floor":6,"key":"Pen Nib"},{"floor":9,"key":"Eternal Feather"},{"floor":10,"key":"Matryoshka"},{"floor":21,"key":"Necronomicon"},{"floor":23,"key":"Bronze Scales"},{"floor":26,"key":"Gremlin Horn"},{"floor":26,"key":"Molten Egg 2"}],"event_choices":[{"damage_healed":0,"gold_gain":0,"player_choice":"Relic","damage_taken":0,"max_hp_gain":0,"max_hp_loss":0,"event_name":"Wheel of Change","floor":3,"gold_loss":0},{"damage_healed":0,"gold_gain":0,"player_choice":"Donut","damage_taken":0,"max_hp_gain":5,"max_hp_loss":0,"event_name":"Big Fish","floor":14,"gold_loss":0},{"cards_removed":["Defend_G"],"damage_healed":0,"gold_gain":0,"player_choice":"Purged","damage_taken":0,"max_hp_gain":0,"max_hp_loss":0,"event_name":"Purifier","floor":19,"gold_loss":0},{"damage_healed":0,"gold_gain":0,"player_choice":"Obtained Book","damage_taken":16,"max_hp_gain":0,"max_hp_loss":0,"event_name":"Cursed Tome","floor":21,"gold_loss":0}],"is_beta":true,"boss_relics":[{"not_picked":["Snecko Eye","Runic Pyramid"],"picked":"SacredBark"}],"items_purged_floors":[11],"is_endless":false,"potions_floor_spawned":[5,16,23],"killed_by":"Book of Stabbing","ascension_level":4}