{"gold_per_floor":[110,123,143,0,10,10,39,39,65,77,105,146,158,200,212,320,332,354,366,393,73,73,73,108,108,131,60,92,111,131,131,131,131],"floor_reached":33,"playtime":1996,"items_purged":["Strike_B"],"score":443,"play_id":"42ac0fb2-45cf-4bfb-938d-4fbb4063f2ff","local_time":"20190913152103","is_ascension_mode":true,"campfire_choices":[{"data":"Reinforced Body","floor":6,"key":"SMITH"},{"floor":8,"key":"REST"},{"floor":10,"key":"REST"},{"data":"Hyperbeam","floor":15,"key":"SMITH"},{"data":"Storm","floor":23,"key":"SMITH"},{"floor":25,"key":"REST"},{"floor":32,"key":"REST"}],"neow_cost":"NONE","seed_source_timestamp":851086752056700,"circlet_count":0,"master_deck":["Strike_B+1","Defend_B","Defend_B","Defend_B","Zap+1","Dualcast+1","Redo","Reinforced Body+1","Ball Lightning","Defragment","Ball Lightning","Steam","Hyperbeam+1","Amplify","Lockon+1","Rip and Tear+1","Creative AI+1","Leap","Storm+1","Conserve Battery","Self Repair","Biased Cognition","BootSequence","Thunder Strike+1"],"relics":["Cracked Core","Blood Vial","MawBank","Toy Ornithopter","Blue Candle","Astrolabe","Ice Cream","MutagenicStrength","Orichalcum","Boot","PreservedInsect"],"potions_floor_usage":[12,16,20,28,29],"damage_taken":[{"damage":6,"enemies":"Cultist","floor":1,"turns":3},{"damage":3,"enemies":"2 Louse","floor":2,"turns":2},{"damage":0,"enemies":"Jaw Worm","floor":3,"turns":4},{"damage":12,"enemies":"Lots of Slimes","floor":5,"turns":4},{"damage":30,"enemies":"3 Sentries","floor":7,"turns":6},{"damage":1,"enemies":"2 Fungi Beasts","floor":11,"turns":3},{"damage":0,"enemies":"Gremlin Nob","floor":12,"turns":3},{"damage":11,"enemies":"Lagavulin","floor":14,"turns":5},{"damage":31,"enemies":"The Guardian","floor":16,"turns":9},{"damage":12,"enemies":"Chosen","floor":18,"turns":4},{"damage":11,"enemies":"Shell Parasite","floor":20,"turns":4},{"damage":38,"enemies":"Slavers","floor":24,"turns":3},{"damage":13,"enemies":"Book of Stabbing","floor":28,"turns":4},{"damage":12,"enemies":"3 Cultists","floor":29,"turns":4},{"damage":15,"enemies":"Snake Plant","floor":30,"turns":3},{"damage":91,"enemies":"Automaton","floor":33,"turns":6}],"seed_played":"-6072465335233857652","potions_obtained":[{"floor":7,"key":"Fire Potion"},{"floor":11,"key":"FearPotion"},{"floor":12,"key":"GamblersBrew"},{"floor":16,"key":"GamblersBrew"},{"floor":28,"key":"Energy Potion"},{"floor":29,"key":"SmokeBomb"}],"is_trial":false,"path_per_floor":["M","M","M","$","M","R","E","R","T","R","M","E","?","E","R","B",null,"M","?","M","$","?","R","E","R","T","$","E","M","M","?","R","B"],"character_chosen":"DEFECT","items_purchased":["Defragment","Ice Cream","Self Repair","BootSequence"],"campfire_rested":4,"item_purchase_floors":[4,21,21,27],"current_hp_per_floor":[62,59,59,59,47,47,17,39,39,61,62,64,49,40,40,16,60,50,50,46,46,46,46,10,32,32,32,26,28,22,22,44,0],"gold":131,"neow_bonus":"UPGRADE_CARD","is_prod":false,"is_daily":false,"chose_seed":false,"campfire_upgraded":3,"win_rate":0,"timestamp":1568406063,"path_taken":["M","M","M","$","M","R","E","R","T","R","M","E","?","E","R","BOSS","M","?","M","$","?","R","E","R","T","?","E","M","?","?","R","BOSS"],"build_version":"2019-09-12","purchased_purges":1,"victory":false,"max_hp_per_floor":[75,75,75,75,75,75,75,75,75,75,75,75,75,75,75,75,75,75,75,75,75,75,75,75,75,75,75,75,75,75,75,75,75],"card_choices":[{"not_picked":["Compile Driver","Streamline"],"picked":"Redo","floor":1},{"not_picked":["Barrage","Fusion"],"picked":"Reinforced Body","floor":2},{"not_picked":["Rip and Tear","Turbo"],"picked":"Ball Lightning","floor":3},{"not_picked":["Multi-Cast","Cold Snap"],"picked":"Ball Lightning","floor":5},{"not_picked":["Beam Cell","Coolheaded"],"picked":"Steam","floor":7},{"not_picked":["Genetic Algorithm","Go for the Eyes"],"picked":"Hyperbeam","floor":11},{"not_picked":["Leap","Skim","Beam Cell"],"picked":"SKIP","floor":12},{"not_picked":["Beam Cell","Hologram","Gash"],"picked":"SKIP","floor":14},{"not_picked":["All For One","Hyperbeam"],"picked":"Amplify","floor":16},{"not_picked":["Ball Lightning","Redo"],"picked":"Leap","floor":18},{"not_picked":["Sweeping Beam","Turbo"],"picked":"Conserve Battery","floor":20},{"not_picked":["Cold Snap+1","Redo"],"picked":"Biased Cognition","floor":24},{"not_picked":["Barrage","Ball Lightning","Chill"],"picked":"SKIP","floor":28},{"not_picked":["Steam","Cold Snap","Hologram"],"picked":"SKIP","floor":29},{"not_picked":["Consume","Go for the Eyes"],"picked":"Thunder Strike","floor":30}],"player_experience":262384,"relics_obtained":[{"floor":7,"key":"Blood Vial"},{"floor":9,"key":"MawBank"},{"floor":12,"key":"Toy Ornithopter"},{"floor":14,"key":"Blue Candle"},{"floor":24,"key":"Orichalcum"},{"floor":26,"key":"Boot"},{"floor":28,"key":"PreservedInsect"}],"event_choices":[{"damage_healed":0,"gold_gain":0,"player_choice":"Entered Light","damage_taken":15,"max_hp_gain":0,"max_hp_loss":0,"event_name":"Shining Light","floor":13,"gold_loss":0,"cards_upgraded":["Strike_B","Zap"]},{"damage_healed":0,"gold_gain":0,"player_choice":"Read","damage_taken":0,"max_hp_gain":0,"max_hp_loss":0,"event_name":"The Library","floor":19,"gold_loss":0,"cards_obtained":["Storm"]},{"damage_healed":0,"gold_gain":0,"player_choice":"Inject Mutagens","damage_taken":0,"relics_obtained":["MutagenicStrength"],"max_hp_gain":0,"max_hp_loss":0,"event_name":"Drug Dealer","floor":22,"gold_loss":0},{"damage_healed":0,"gold_gain":0,"player_choice":"Forge","damage_taken":0,"max_hp_gain":0,"max_hp_loss":0,"event_name":"Accursed Blacksmith","floor":31,"gold_loss":0,"cards_upgraded":["Thunder Strike"]}],"is_beta":true,"boss_relics":[{"not_picked":["Runic Pyramid","Pandora\u0027s Box"],"picked":"Astrolabe"}],"items_purged_floors":[4],"is_endless":false,"potions_floor_spawned":[7,11,12,16,28,29],"killed_by":"Automaton","ascension_level":7}