{"gold_per_floor":[109,122,139,150,71,105,105,105,105,105,105,133,151,151],"floor_reached":14,"playtime":502,"items_purged":[],"score":110,"play_id":"20d550fc-00a1-4eb0-bf4e-96c978ba0fbb","local_time":"20190628222655","is_ascension_mode":true,"campfire_choices":[{"floor":7,"key":"REST"},{"floor":11,"key":"REST"}],"neow_cost":"NONE","seed_source_timestamp":1368381229873413,"circlet_count":0,"master_deck":["Strike_B","Strike_B","Strike_B","Defend_B","Defend_B","Defend_B","Defend_B","Zap","Dualcast","All For One","Rebound","Coolheaded","Hello World","Cold Snap","Storm","Doom and Gloom","Force Field"],"relics":["Cracked Core","Dodecahedron","Frozen Egg 2","Cables"],"potions_floor_usage":[],"damage_taken":[{"damage":0,"enemies":"2 Louse","floor":1,"turns":1},{"damage":0,"enemies":"Small Slimes","floor":2,"turns":2},{"damage":1,"enemies":"Cultist","floor":3,"turns":3},{"damage":31,"enemies":"Exordium Thugs","floor":4,"turns":4},{"damage":16,"enemies":"Gremlin Nob","floor":6,"turns":4},{"damage":26,"enemies":"3 Sentries","floor":12,"turns":5},{"damage":22,"enemies":"3 Louse","floor":13,"turns":3},{"damage":24,"enemies":"Large Slime","floor":14,"turns":2}],"seed_played":"-7370906399839380253","potions_obtained":[{"floor":1,"key":"Fire Potion"},{"floor":6,"key":"FearPotion"},{"floor":13,"key":"EssenceOfSteel"}],"is_trial":false,"path_per_floor":["M","M","M","M","$","E","R","?","T","?","R","E","M","M"],"character_chosen":"DEFECT","items_purchased":["Storm"],"campfire_rested":2,"item_purchase_floors":[5],"current_hp_per_floor":[75,75,74,43,43,27,49,49,49,49,71,45,23,0],"gold":151,"neow_bonus":"ONE_RANDOM_RARE_CARD","is_prod":false,"is_daily":false,"chose_seed":false,"campfire_upgraded":0,"win_rate":0,"timestamp":1561775215,"path_taken":["M","M","M","M","$","E","R","?","T","?","R","E","?","M"],"build_version":"2019-01-23","purchased_purges":0,"victory":false,"max_hp_per_floor":[75,75,75,75,75,75,75,75,75,75,75,75,75,75],"card_choices":[{"not_picked":["Recycle","Barrage"],"picked":"Rebound","floor":1},{"not_picked":["Go for the Eyes","Hologram"],"picked":"Coolheaded","floor":2},{"not_picked":["Reinforced Body","Go for the Eyes"],"picked":"Hello World","floor":3},{"not_picked":["Skim","Steam"],"picked":"Cold Snap","floor":4},{"not_picked":["Reinforced Body","Coolheaded"],"picked":"Doom and Gloom","floor":6},{"not_picked":["Leap","Lockon","Skim"],"picked":"SKIP","floor":12},{"not_picked":["Gash","Beam Cell"],"picked":"Force Field","floor":13}],"player_experience":262321,"relics_obtained":[{"floor":6,"key":"Dodecahedron"},{"floor":9,"key":"Frozen Egg 2"},{"floor":12,"key":"Cables"}],"event_choices":[{"cards_removed":["Strike_B"],"damage_healed":0,"gold_gain":0,"player_choice":"Forget","damage_taken":0,"max_hp_gain":0,"max_hp_loss":0,"event_name":"Living Wall","floor":8,"gold_loss":0},{"damage_healed":0,"gold_gain":0,"player_choice":"Bought 0 Potions","damage_taken":0,"max_hp_gain":0,"max_hp_loss":0,"event_name":"The Woman in Blue","floor":10,"gold_loss":0}],"is_beta":false,"boss_relics":[],"items_purged_floors":[],"is_endless":false,"potions_floor_spawned":[1,6,13],"killed_by":"Large Slime","ascension_level":2}