{"gold_per_floor":[114,114,289,8,27,54,54,114,114,114,145,159,3,18,18,121,121,159,159,194,41,101,134,178,178,178,0,35,35,35,70,70,174,174,209,189,189,411,411,438,509,2,47,103,103,103,157,170,170,195],"floor_reached":51,"playtime":3876,"items_purged":["Doubt","Strike_B","Strike_B"],"score":1279,"play_id":"0fa9aba5-13fb-4757-8d78-d2a385255c75","local_time":"20191014224110","is_ascension_mode":true,"campfire_choices":[{"data":"HandOfGreed","floor":7,"key":"SMITH"},{"floor":15,"key":"REST"},{"data":"Amplify","floor":25,"key":"SMITH"},{"data":"Double Energy","floor":32,"key":"SMITH"},{"data":"Apotheosis","floor":46,"key":"SMITH"},{"data":"Coolheaded","floor":49,"key":"SMITH"}],"neow_cost":"NONE","seed_source_timestamp":287288150118800,"circlet_count":0,"master_deck":["Defend_B","Defend_B","Defend_B","Zap","Dualcast","Glacier","Creative AI","HandOfGreed+1","Gash","Ball Lightning","Cold Snap","Electrodynamics","Sweeping Beam","Coolheaded+1","Hologram","Self Repair","Biased Cognition","Melter","Amplify+1","Capacitor+1","Turbo","Barrage","Double Energy+1","Turbo","Defragment+1","Scrape","Reboot","Static Discharge","Core Surge","Sunder+1","Madness","Madness","Apotheosis+1","Gash+1","Heatsinks","Capacitor","Loop","Fusion","Pain","Coolheaded+1","Compile Driver+1"],"relics":["Cracked Core","NeowsBlessing","Membership Card","The Courier","TungstenRod","InkBottle","Akabeko","Anchor","Runic Pyramid","Torii","Matryoshka","Red Mask","Juzu Bracelet","Blue Candle","Calipers","Letter Opener","Cursed Key","Ginger","Thread and Needle","Lee\u0027s Waffle","HornCleat","Bird Faced Urn","Vajra","Strawberry","Toxic Egg 2","Bronze Scales","Centennial Puzzle","Nunchaku"],"potions_floor_usage":[16,31,35,40,41,50,50],"damage_taken":[{"damage":0,"enemies":"Small Slimes","floor":1,"turns":1},{"damage":0,"enemies":"2 Louse","floor":5,"turns":1},{"damage":0,"enemies":"Lagavulin","floor":6,"turns":1},{"damage":23,"enemies":"Gremlin Nob","floor":8,"turns":4},{"damage":19,"enemies":"Lagavulin","floor":11,"turns":5},{"damage":0,"enemies":"Cultist","floor":12,"turns":3},{"damage":0,"enemies":"Exordium Wildlife","floor":14,"turns":2},{"damage":22,"enemies":"Hexaghost","floor":16,"turns":10},{"damage":1,"enemies":"3 Byrds","floor":18,"turns":4},{"damage":0,"enemies":"Chosen","floor":20,"turns":6},{"damage":0,"enemies":"Masked Bandits","floor":22,"turns":2},{"damage":0,"enemies":"Gremlin Leader","floor":23,"turns":5},{"damage":21,"enemies":"3 Cultists","floor":24,"turns":5},{"damage":6,"enemies":"Sentry and Sphere","floor":28,"turns":6},{"damage":0,"enemies":"Snecko","floor":31,"turns":6},{"damage":0,"enemies":"Collector","floor":33,"turns":8},{"damage":0,"enemies":"3 Darklings","floor":35,"turns":5},{"damage":34,"enemies":"Nemesis","floor":40,"turns":3},{"damage":10,"enemies":"2 Orb Walkers","floor":41,"turns":5},{"damage":57,"enemies":"Giant Head","floor":44,"turns":9},{"damage":0,"enemies":"Nemesis","floor":47,"turns":5},{"damage":0,"enemies":"3 Shapes","floor":48,"turns":3},{"damage":17,"enemies":"Time Eater","floor":50,"turns":9}],"seed_played":"4297241204096343249","potions_obtained":[{"floor":1,"key":"Strength Potion"},{"floor":8,"key":"SteroidPotion"},{"floor":14,"key":"FocusPotion"},{"floor":16,"key":"Ancient Potion"},{"floor":23,"key":"Swift Potion"},{"floor":33,"key":"SteroidPotion"},{"floor":36,"key":"FocusPotion"},{"floor":44,"key":"FearPotion"},{"floor":48,"key":"Block Potion"}],"is_trial":false,"path_per_floor":["M","?","?","$","M","E","R","E","T","?","E","M","$","M","R","B",null,"M","T","M","$","?","E","M","R","T","$","M","?","?","M","R","B",null,"M","?","?","?","?","E","?","$","T","E","?","R","E","M","R","B",null],"character_chosen":"DEFECT","items_purchased":["Membership Card","HandOfGreed","Self Repair","Biased Cognition","Anchor","Matryoshka","Letter Opener","Turbo","Lee\u0027s Waffle","HornCleat","Bird Faced Urn","Heatsinks","Vajra","Strawberry","Capacitor","Loop","Fusion"],"campfire_rested":1,"item_purchase_floors":[4,4,13,13,13,21,27,27,42,42,42,42,42,42,42,42,42],"current_hp_per_floor":[68,68,68,68,68,68,68,45,45,45,26,26,26,26,48,33,65,71,71,71,71,71,75,61,61,61,61,69,69,69,75,75,75,75,75,75,67,67,67,33,33,89,89,78,78,78,89,89,89,89],"gold":195,"neow_bonus":"THREE_ENEMY_KILL","is_prod":false,"is_daily":false,"chose_seed":false,"campfire_upgraded":5,"win_rate":0,"timestamp":1571110870,"path_taken":["M","?","?","$","M","E","R","E","T","?","E","M","$","M","R","BOSS","M","?","M","$","?","E","M","R","T","$","M","?","?","M","R","BOSS","M","?","?","?","?","E","?","$","T","E","?","R","E","M","R","BOSS"],"build_version":"2019-10-14","purchased_purges":3,"victory":true,"max_hp_per_floor":[75,75,75,75,75,75,75,75,75,75,75,75,75,75,75,75,75,75,75,75,75,75,75,75,75,75,75,75,75,75,75,75,75,75,75,75,75,75,75,75,75,89,89,89,89,89,89,89,89,89],"card_choices":[{"not_picked":["Storm","Ball Lightning"],"picked":"Glacier","floor":1},{"not_picked":["Coolheaded","Leap"],"picked":"Gash","floor":5},{"not_picked":["Defragment","Skim"],"picked":"Ball Lightning","floor":6},{"not_picked":["Tempest","Conserve Battery"],"picked":"Cold Snap","floor":8},{"not_picked":["Stack","Barrage"],"picked":"Coolheaded","floor":11},{"not_picked":["Beam Cell","Sweeping Beam"],"picked":"Hologram","floor":12},{"not_picked":["Beam Cell","Self Repair"],"picked":"Melter","floor":14},{"not_picked":["Thunder Strike","Reboot"],"picked":"Amplify","floor":16},{"not_picked":["Sweeping Beam","Undo"],"picked":"Capacitor+1","floor":18},{"not_picked":["Steam","Go for the Eyes","Rip and Tear"],"picked":"SKIP","floor":20},{"not_picked":["Gash","Aggregate"],"picked":"Turbo","floor":22},{"not_picked":["Beam Cell","Hologram"],"picked":"Barrage","floor":23},{"not_picked":["Loop","Lockon"],"picked":"Double Energy","floor":24},{"not_picked":["Chaos","Hello World"],"picked":"Defragment+1","floor":28},{"not_picked":["Self Repair","Barrage"],"picked":"Static Discharge","floor":31},{"not_picked":["Rainbow","Reboot"],"picked":"Core Surge","floor":33},{"not_picked":["Doom and Gloom","Barrage+1"],"picked":"Sunder+1","floor":35},{"not_picked":["Finesse","Trip"],"picked":"Apotheosis","floor":39},{"not_picked":["Hello World","Chaos+1"],"picked":"White Noise","floor":40},{"not_picked":["Ball Lightning+1","Leap"],"picked":"Gash+1","floor":41},{"not_picked":["Go for the Eyes","Gash"],"picked":"Coolheaded+1","floor":44},{"not_picked":["Blizzard+1","Cold Snap","Sweeping Beam"],"picked":"SKIP","floor":47},{"not_picked":["Gash+1","Steam+1"],"picked":"Compile Driver+1","floor":48}],"player_experience":493043,"relics_obtained":[{"floor":6,"key":"The Courier"},{"floor":8,"key":"TungstenRod"},{"floor":9,"key":"InkBottle"},{"floor":11,"key":"Akabeko"},{"floor":19,"key":"Torii"},{"floor":22,"key":"Red Mask"},{"floor":23,"key":"Juzu Bracelet"},{"floor":26,"key":"Blue Candle"},{"floor":26,"key":"Calipers"},{"floor":40,"key":"Ginger"},{"floor":41,"key":"Thread and Needle"},{"floor":43,"key":"Toxic Egg 2"},{"floor":43,"key":"Bronze Scales"},{"floor":44,"key":"Centennial Puzzle"},{"floor":47,"key":"Nunchaku"}],"event_choices":[{"damage_healed":0,"gold_gain":0,"cards_transformed":["Strike_B"],"player_choice":"Change","damage_taken":0,"max_hp_gain":0,"max_hp_loss":0,"event_name":"Living Wall","floor":2,"gold_loss":0,"cards_obtained":["Creative AI"]},{"damage_healed":0,"gold_gain":175,"player_choice":"AGREE","damage_taken":0,"max_hp_gain":0,"max_hp_loss":0,"event_name":"Liars Game","floor":3,"gold_loss":0,"cards_obtained":["Doubt"]},{"damage_healed":0,"gold_gain":0,"player_choice":"2 cards matched","damage_taken":0,"max_hp_gain":0,"max_hp_loss":0,"event_name":"Match and Keep!","floor":10,"gold_loss":0,"cards_obtained":["Electrodynamics","Sweeping Beam"]},{"damage_healed":0,"gold_gain":0,"player_choice":"2 cards matched","damage_taken":0,"max_hp_gain":0,"max_hp_loss":0,"event_name":"Match and Keep!","floor":10,"gold_loss":0,"cards_obtained":["Electrodynamics","Sweeping Beam"]},{"damage_healed":0,"gold_gain":0,"player_choice":"Fought Bandits","damage_taken":0,"max_hp_gain":0,"max_hp_loss":0,"event_name":"Masked Bandits","floor":22,"gold_loss":0},{"damage_healed":0,"gold_gain":0,"cards_transformed":["Strike_B","Defend_B"],"player_choice":"Became Test Subject","damage_taken":0,"max_hp_gain":0,"max_hp_loss":0,"event_name":"Drug Dealer","floor":29,"gold_loss":0,"cards_obtained":["Scrape","Reboot"]},{"damage_healed":0,"gold_gain":0,"player_choice":"Bought 1 Potion","damage_taken":0,"max_hp_gain":0,"max_hp_loss":0,"event_name":"The Woman in Blue","floor":36,"gold_loss":0},{"damage_healed":0,"gold_gain":0,"player_choice":"Embrace Madness","damage_taken":9,"max_hp_gain":0,"max_hp_loss":0,"event_name":"Winding Halls","floor":37,"gold_loss":0,"cards_obtained":["Madness","Madness"]},{"damage_healed":0,"gold_gain":222,"player_choice":"Wore Mask","damage_taken":0,"max_hp_gain":0,"max_hp_loss":0,"event_name":"Tomb of Lord Red Mask","floor":38,"gold_loss":0},{"damage_healed":0,"gold_gain":0,"player_choice":"Memory 1","damage_taken":0,"max_hp_gain":0,"max_hp_loss":0,"event_name":"SensoryStone","floor":39,"gold_loss":0},{"damage_healed":0,"gold_gain":0,"player_choice":"Fight","damage_taken":0,"max_hp_gain":0,"max_hp_loss":0,"event_name":"Mysterious Sphere","floor":41,"gold_loss":0},{"cards_removed":["White Noise"],"damage_healed":0,"gold_gain":0,"player_choice":"Removed Skill","damage_taken":0,"max_hp_gain":0,"max_hp_loss":0,"event_name":"Falling","floor":45,"gold_loss":0}],"is_beta":true,"boss_relics":[{"not_picked":["Black Star","Astrolabe"],"picked":"Runic Pyramid"},{"not_picked":["Snecko Eye","FrozenCore"],"picked":"Cursed Key"}],"items_purged_floors":[4,21,27],"is_endless":false,"potions_floor_spawned":[1,8,14,16,18,23,28,33,44,48],"ascension_level":8}