{"path_per_floor":["M","M","$","?","M","R","$","?","T","?","E","M","R","M","R","B",null,"M","M","?","M","?","M","R","M","T","R","$","?","M","M","R","B",null,"M","M","M","M","?","R","?","M","T","M","R","M","?","M","R","B"],"character_chosen":"IRONCLAD","items_purchased":["Shrug It Off","Body Slam","Vajra","Evolve"],"gold_per_floor":[119,132,57,57,77,77,9,9,9,74,107,121,121,135,135,239,239,256,268,268,286,336,349,349,361,361,361,39,39,59,75,75,174,174,185,195,214,227,227,227,227,239,239,253,253,266,0,14,14,14],"floor_reached":51,"campfire_rested":2,"playtime":28914,"current_hp_per_floor":[80,80,80,64,70,70,70,75,75,67,52,45,45,51,51,27,85,83,68,68,58,58,55,55,42,42,42,42,42,60,52,77,21,85,85,74,60,50,50,50,50,32,32,39,39,52,52,53,78,42],"items_purged":["Strike_R","Defend_R"],"gold":14,"score":630,"play_id":"12ad5b3a-3425-450c-ac0a-0909496f9d03","local_time":"20180513185457","is_prod":false,"is_daily":false,"chose_seed":false,"is_ascension_mode":false,"campfire_upgraded":7,"timestamp":1526262897,"path_taken":["M","M","$","?","M","R","?","?","T","?","E","M","R","?","R","BOSS","M","M","?","M","?","M","R","M","T","R","$","?","?","M","R","BOSS","M","M","M","M","?","R","?","M","T","M","R","?","?","?","R","BOSS"],"build_version":"2018-05-10","seed_source_timestamp":0,"purchased_purges":2,"victory":true,"master_deck":["Defend_R","Defend_R","Bash","Shrug It Off+1","Pommel Strike+1","Shrug It Off+1","Body Slam+1","Body Slam+1","Inflame+1","Demon Form","Pummel+1","Entrench+1","Entrench+1","Spot Weakness","Thunderclap+1","Shrug It Off","Evolve","Flame Barrier","Ghostly Armor","Limit Break+1","Shrug It Off+1"],"max_hp_per_floor":[80,80,80,80,80,80,80,85,85,85,85,85,85,85,85,85,85,85,85,85,85,85,85,85,85,85,85,85,85,85,85,85,85,85,85,85,85,85,85,85,85,85,85,85,85,85,85,85,85,85],"relics":["Burning Blood","Oddly Smooth Stone","Bag of Marbles","Lantern","Astrolabe","Meat on the Bone","Vajra","White Beast Statue","Pen Nib","Red Mask"],"card_choices":[{"not_picked":["Anger","Dropkick"],"picked":"Armaments","floor":0.0},{"not_picked":["Clash","Warcry"],"picked":"Shrug It Off","floor":1},{"not_picked":["Havoc","Iron Wave"],"picked":"Pommel Strike","floor":2},{"not_picked":["Sever Soul","Perfected Strike"],"picked":"Body Slam","floor":10},{"not_picked":["Burning Pact","Corruption"],"picked":"Iron Wave","floor":11},{"not_picked":["Sever Soul","Ghostly Armor"],"picked":"Inflame","floor":14},{"not_picked":["Juggernaut","Feed"],"picked":"Demon Form","floor":16},{"not_picked":["Sentinel","Shrug It Off"],"picked":"Spot Weakness","floor":18},{"not_picked":["Anger","Sword Boomerang"],"picked":"Thunderclap","floor":19},{"not_picked":["Intimidate","Heavy Blade"],"picked":"Shrug It Off","floor":25},{"not_picked":["Infernal Blade","True Grit"],"picked":"Flame Barrier","floor":30},{"not_picked":["Wild Strike","Anger"],"picked":"Ghostly Armor","floor":31},{"not_picked":["Exhume","Barricade"],"picked":"Limit Break","floor":33},{"not_picked":["Hemokinesis","Sword Boomerang"],"picked":"Shrug It Off","floor":35}],"player_experience":115052,"potions_floor_usage":[10,16,23,33,33,33,37,42,42,44,50,50,50],"damage_taken":[{"damage":6,"enemies":"Jaw Worm","floor":1,"turns":4},{"damage":5,"enemies":"2 Louse","floor":2,"turns":3},{"damage":0,"enemies":"Cultist","floor":5,"turns":3},{"damage":14,"enemies":"Gremlin Nob","floor":10,"turns":3},{"damage":21,"enemies":"Gremlin Nob","floor":11,"turns":4},{"damage":13,"enemies":"Exordium Thugs","floor":12,"turns":3},{"damage":0,"enemies":"2 Fungi Beasts","floor":14,"turns":2},{"damage":30,"enemies":"Slime Boss","floor":16,"turns":11},{"damage":8,"enemies":"Spheric Guardian","floor":18,"turns":4},{"damage":21,"enemies":"Chosen","floor":19,"turns":5},{"damage":16,"enemies":"Sentry and Sphere","floor":21,"turns":4},{"damage":9,"enemies":"Snake Plant","floor":23,"turns":4},{"damage":19,"enemies":"Snecko","floor":25,"turns":8},{"damage":0,"enemies":"3 Cultists","floor":30,"turns":6},{"damage":14,"enemies":"Cultist and Chosen","floor":31,"turns":5},{"damage":74,"enemies":"Collector","floor":33,"turns":11},{"damage":5,"enemies":"3 Shapes","floor":35,"turns":4},{"damage":17,"enemies":"Orb Walker","floor":36,"turns":5},{"damage":20,"enemies":"Maw","floor":37,"turns":9},{"damage":28,"enemies":"4 Shapes","floor":38,"turns":7},{"damage":51,"enemies":"Sphere and 2 Shapes","floor":42,"turns":10},{"damage":11,"enemies":"Maw","floor":44,"turns":7},{"damage":5,"enemies":"3 Darklings","floor":46,"turns":6},{"damage":17,"enemies":"4 Shapes","floor":48,"turns":3},{"damage":54,"enemies":"Time Eater","floor":50,"turns":8}],"event_choices":[{"event_name":"Shining Light","player_choice":"Entered Light","floor":4,"damage_taken":0},{"event_name":"Big Fish","player_choice":"Donut","floor":8,"damage_taken":0},{"event_name":"Dead Adventurer","player_choice":"Searched \u00272\u0027 times","floor":10,"damage_taken":0},{"event_name":"Back to Basics","player_choice":"Elegance","floor":20,"damage_taken":0},{"event_name":"The Joust","player_choice":"Bet on Murderer","floor":22,"damage_taken":0},{"event_name":"Purifier","player_choice":"One Purge","floor":29,"damage_taken":0},{"event_name":"SensoryStone","player_choice":"Memory 1","floor":39,"damage_taken":0},{"event_name":"Tomb of Lord Red Mask","player_choice":"Paid","floor":47,"damage_taken":0}],"boss_relics":[{"not_picked":["Orrery","Ectoplasm"],"picked":"Astrolabe"},{"not_picked":["Philosopher\u0027s Stone","Black Star"],"picked":"White Beast Statue"}],"potions_floor_spawned":[2,11,16,19,21,30,35,36,37,38,42,44,46,48],"seed_played":"4047656569882943517","ascension_level":0,"is_trial":false}