{"gold_per_floor":[111,123,135,148,148,148,175,175,220,250,250,250,266,266],"floor_reached":14,"playtime":697,"items_purged":[],"score":115,"play_id":"944e5990-2826-4bdf-b956-b0fdd4f602df","local_time":"20190630053326","is_ascension_mode":true,"campfire_choices":[{"floor":6,"key":"REST"},{"floor":8,"key":"REST"}],"neow_cost":"NONE","seed_source_timestamp":1480175047392515,"circlet_count":0,"master_deck":["Strike_B","Strike_B","Strike_B","Defend_B","Defend_B","Defend_B","Defend_B","Zap","Dualcast+1","Gash","Static Discharge","Storm","Skim","Genetic Algorithm","Hologram"],"relics":["Cracked Core","Mercury Hourglass","Strawberry","Omamori","The Courier","Golden Idol"],"potions_floor_usage":[7,10,10,14],"damage_taken":[{"damage":0,"enemies":"2 Louse","floor":1,"turns":2},{"damage":7,"enemies":"Small Slimes","floor":2,"turns":4},{"damage":7,"enemies":"Jaw Worm","floor":3,"turns":4},{"damage":25,"enemies":"Large Slime","floor":4,"turns":6},{"damage":37,"enemies":"Gremlin Nob","floor":7,"turns":5},{"damage":8,"enemies":"3 Sentries","floor":10,"turns":4},{"damage":20,"enemies":"Gremlin Gang","floor":13,"turns":3},{"damage":20,"enemies":"Lagavulin","floor":14,"turns":3}],"seed_played":"4347435093351017734","potions_obtained":[{"floor":2,"key":"Block Potion"},{"floor":4,"key":"EssenceOfSteel"},{"floor":7,"key":"AttackPotion"},{"floor":10,"key":"PowerPotion"}],"is_trial":false,"path_per_floor":["M","M","M","M","?","R","E","R","T","E","?","?","M","E"],"character_chosen":"DEFECT","items_purchased":[],"campfire_rested":2,"item_purchase_floors":[],"current_hp_per_floor":[75,68,61,36,33,55,25,49,49,41,34,34,14,0],"gold":266,"neow_bonus":"UPGRADE_CARD","is_prod":false,"is_daily":false,"chose_seed":false,"campfire_upgraded":0,"win_rate":0,"timestamp":1561887206,"path_taken":["M","M","M","M","?","R","E","R","T","E","?","?","M","E"],"build_version":"2019-01-23","purchased_purges":0,"victory":false,"max_hp_per_floor":[75,75,75,75,75,75,82,82,82,82,82,82,82,82],"card_choices":[{"not_picked":["Beam Cell","Sweeping Beam"],"picked":"Gash","floor":1},{"not_picked":["Cold Snap","Echo Form"],"picked":"Static Discharge","floor":2},{"not_picked":["Streamline","Force Field"],"picked":"Storm","floor":3},{"not_picked":["Sweeping Beam","Static Discharge"],"picked":"Skim","floor":4},{"not_picked":["Blizzard","Amplify"],"picked":"Genetic Algorithm","floor":7},{"not_picked":["Undo","Compile Driver","Sweeping Beam"],"picked":"SKIP","floor":10},{"not_picked":["White Noise","Scrape"],"picked":"Hologram","floor":13}],"player_experience":302226,"relics_obtained":[{"floor":7,"key":"Strawberry"},{"floor":9,"key":"Omamori"},{"floor":10,"key":"The Courier"}],"event_choices":[{"damage_healed":0,"gold_gain":0,"player_choice":"Success","damage_taken":3,"relics_obtained":["Mercury Hourglass"],"max_hp_gain":0,"max_hp_loss":0,"event_name":"Scrap Ooze","floor":5,"gold_loss":0},{"cards_removed":["Strike_B"],"damage_healed":0,"gold_gain":0,"player_choice":"Card Removal","damage_taken":7,"max_hp_gain":0,"max_hp_loss":0,"event_name":"Golden Wing","floor":11,"gold_loss":0},{"damage_healed":0,"gold_gain":0,"player_choice":"Take Wound","damage_taken":0,"relics_obtained":["Golden Idol"],"max_hp_gain":0,"max_hp_loss":0,"event_name":"Golden Idol","floor":12,"gold_loss":0,"cards_obtained":["Injury"]}],"is_beta":false,"boss_relics":[],"items_purged_floors":[],"is_endless":false,"potions_floor_spawned":[2,4,7,10],"killed_by":"Lagavulin","ascension_level":3}