{"gold_per_floor":[365,42,54,64,74,103,103,103,127,137,37,37,67,86,86,181,181,193,207,157,176,176],"floor_reached":22,"playtime":5047,"items_purged":["Doubt","Regret"],"score":248,"play_id":"36d252a1-8216-4a58-ad71-3082fe021359","local_time":"20191008081737","is_ascension_mode":true,"campfire_choices":[{"floor":12.0,"key":"REST"},{"data":"Seeing Red","floor":15.0,"key":"SMITH"}],"neow_cost":"CURSE","seed_source_timestamp":0,"circlet_count":0,"master_deck":["Strike_R","Strike_R","Strike_R","Strike_R","Strike_R","Defend_R","Defend_R","Defend_R","Defend_R","Bash","Rampage+1","Carnage+1","Impervious","Feel No Pain","Seeing Red+1","Fiend Fire+1","Feel No Pain","Heavy Blade+1","Metallicize"],"special_seed":0,"relics":["Black Blood","Molten Egg 2","Ancient Tea Set","Strawberry","Juzu Bracelet","Art of War"],"potions_floor_usage":[],"damage_taken":[{"damage":20.0,"enemies":"Small Slimes","floor":1.0,"turns":4.0},{"damage":18.0,"enemies":"Jaw Worm","floor":3.0,"turns":4.0},{"damage":0.0,"enemies":"Cultist","floor":4.0,"turns":2.0},{"damage":27.0,"enemies":"Lots of Slimes","floor":5.0,"turns":5.0},{"damage":16.0,"enemies":"Gremlin Nob","floor":6.0,"turns":3.0},{"damage":21.0,"enemies":"Exordium Thugs","floor":10.0,"turns":3.0},{"damage":25.0,"enemies":"3 Sentries","floor":13.0,"turns":7.0},{"damage":7.0,"enemies":"2 Fungi Beasts","floor":14.0,"turns":4.0},{"damage":23.0,"enemies":"Slime Boss","floor":16.0,"turns":11.0},{"damage":39,"enemies":"2 Thieves","floor":18,"turns":5},{"damage":21,"enemies":"Spheric Guardian","floor":19,"turns":4},{"damage":24,"enemies":"Snake Plant","floor":21,"turns":2},{"damage":13,"enemies":"Shelled Parasite and Fungi","floor":22,"turns":2}],"seed_played":"6028736422945413357","potions_obtained":[{"floor":1.0,"key":"FearPotion"},{"floor":6.0,"key":"Weak Potion"},{"floor":14.0,"key":"Explosive Potion"},{"floor":16.0,"key":"Fire Potion"},{"floor":18,"key":"Explosive Potion"}],"is_trial":false,"path_per_floor":["M","$","M","M","M","E","?","?","T","M","$","R","E","M","R","B",null,"M","M","?","M","M"],"character_chosen":"IRONCLAD","items_purchased":["Molten Egg 2"],"campfire_rested":1,"item_purchase_floors":[2],"current_hp_per_floor":[66,66,54,60,39,29,36,36,36,21,21,47,28,27,27,10,68,39,28,28,14,1],"gold":176,"neow_bonus":"TWO_FIFTY_GOLD","is_prod":false,"is_daily":false,"chose_seed":false,"campfire_upgraded":1,"win_rate":0,"timestamp":1570537057,"path_taken":["M","$","M","M","M","E","?","?","T","M","$","R","E","M","R","BOSS","M","M","?","M","M"],"build_version":"2019-07-17","purchased_purges":2,"victory":false,"max_hp_per_floor":[80,80,80,80,80,80,87,87,87,87,87,87,87,87,87,87,87,87,87,87,87,87],"card_choices":[{"not_picked":["Havoc","Body Slam"],"picked":"Rampage","floor":1.0},{"not_picked":["Intimidate","True Grit"],"picked":"Carnage+1","floor":3.0},{"not_picked":["Clash+1","Intimidate","Ghostly Armor"],"picked":"SKIP","floor":4.0},{"not_picked":["Perfected Strike+1","Anger+1","Sentinel"],"picked":"SKIP","floor":5.0},{"not_picked":["Sword Boomerang+1","Wild Strike+1"],"picked":"Impervious","floor":6.0},{"not_picked":["Heavy Blade+1","Clash+1","Shrug It Off"],"picked":"SKIP","floor":10.0},{"not_picked":["Demon Form","Infernal Blade"],"picked":"Feel No Pain","floor":13.0},{"not_picked":["Heavy Blade+1","Warcry"],"picked":"Seeing Red","floor":14.0},{"not_picked":["Exhume","Demon Form"],"picked":"Fiend Fire+1","floor":16.0},{"not_picked":["Burning Pact+1","Rage"],"picked":"Feel No Pain","floor":18},{"not_picked":["Sever Soul+1","True Grit"],"picked":"Heavy Blade+1","floor":19},{"not_picked":["Flame Barrier","Combust"],"picked":"Metallicize","floor":21}],"player_experience":374565,"relics_obtained":[{"floor":6.0,"key":"Ancient Tea Set"},{"floor":9.0,"key":"Juzu Bracelet"},{"floor":13.0,"key":"Art of War"}],"event_choices":[{"damage_healed":0.0,"max_hp_gain":0.0,"max_hp_loss":0.0,"gold_gain":0.0,"event_name":"Big Fish","player_choice":"Box","floor":7.0,"gold_loss":0.0,"damage_taken":0.0,"relics_obtained":["Strawberry"],"cards_obtained":["Regret"]},{"damage_healed":0.0,"max_hp_gain":0.0,"max_hp_loss":0.0,"gold_gain":0.0,"event_name":"Upgrade Shrine","player_choice":"Upgraded","floor":8.0,"gold_loss":0.0,"damage_taken":0.0,"cards_upgraded":["Rampage"]},{"damage_healed":0,"gold_gain":0,"player_choice":"Bet on Owner","damage_taken":0,"max_hp_gain":0,"max_hp_loss":0,"event_name":"The Joust","floor":20,"gold_loss":50}],"is_beta":false,"boss_relics":[{"not_picked":["Orrery","Black Star"],"picked":"Black Blood"}],"items_purged_floors":[2,11],"is_endless":false,"potions_floor_spawned":[1,6,14,16,18],"killed_by":"Shelled Parasite and Fungi","ascension_level":5}