{"gold_per_floor":[118,118,66,77,92,92,127,127,127,139,26,44,44],"floor_reached":13,"playtime":5809,"items_purged":[],"score":106,"play_id":"a32eea18-ec5e-4090-9b70-a0be410f1c2b","local_time":"20190907000237","is_ascension_mode":true,"campfire_choices":[{"data":"Outmaneuver","floor":6,"key":"SMITH"},{"floor":8,"key":"REST"}],"neow_cost":"NONE","seed_source_timestamp":380330597838286,"circlet_count":0,"master_deck":["Strike_G","Strike_G","Strike_G","Strike_G","Strike_G","Defend_G","Defend_G","Defend_G","Defend_G","Defend_G","Survivor","Neutralize","Adrenaline","Outmaneuver+1","Adrenaline","Backflip","Expertise","Acrobatics","Cloak And Dagger","Well Laid Plans","Concentrate","Caltrops","Blur","Quick Slash","Skewer"],"relics":["Ring of the Snake","Prayer Wheel","Sundial"],"potions_floor_usage":[12,13],"damage_taken":[{"damage":0,"enemies":"2 Louse","floor":1,"turns":2},{"damage":0,"enemies":"Cultist","floor":4,"turns":4},{"damage":1,"enemies":"Small Slimes","floor":5,"turns":5},{"damage":52,"enemies":"Lagavulin","floor":7,"turns":12},{"damage":0,"enemies":"Looter","floor":10,"turns":4},{"damage":0,"enemies":"Gremlin Gang","floor":12,"turns":5},{"damage":52,"enemies":"Gremlin Nob","floor":13,"turns":5}],"seed_played":"7050378790372738694","potions_obtained":[{"floor":1,"key":"SpeedPotion"},{"floor":5,"key":"Energy Potion"}],"is_trial":false,"path_per_floor":["M","?","$","M","M","R","E","R","T","M","$","M","E"],"character_chosen":"THE_SILENT","items_purchased":["Backflip","Caltrops","Blur"],"campfire_rested":1,"item_purchase_floors":[3,11,11],"current_hp_per_floor":[70,70,70,70,69,69,17,38,38,38,38,38,0],"gold":44,"neow_bonus":"ONE_RANDOM_RARE_CARD","is_prod":false,"is_daily":false,"chose_seed":false,"campfire_upgraded":1,"win_rate":0,"timestamp":1567839757,"path_taken":["M","?","$","?","M","R","E","R","T","M","$","M","E"],"build_version":"2019-07-17","purchased_purges":0,"victory":false,"max_hp_per_floor":[70,70,70,70,70,70,70,70,70,70,70,70,70],"card_choices":[{"not_picked":["Calculated Gamble","Dodge and Roll"],"picked":"Outmaneuver","floor":1},{"not_picked":["Poisoned Stab","Deflect"],"picked":"Expertise","floor":4},{"not_picked":["Outmaneuver","Infinite Blades"],"picked":"Acrobatics","floor":5},{"not_picked":["Calculated Gamble","Predator"],"picked":"Cloak And Dagger","floor":7},{"not_picked":["Acrobatics","Backstab"],"picked":"Well Laid Plans","floor":10},{"not_picked":["Distraction","Eviscerate"],"picked":"Concentrate","floor":10},{"not_picked":["Bane","Dodge and Roll"],"picked":"Quick Slash","floor":12},{"not_picked":["Heel Hook","Dagger Throw"],"picked":"Skewer","floor":12}],"player_experience":3134682,"relics_obtained":[{"floor":7,"key":"Prayer Wheel"},{"floor":9,"key":"Sundial"}],"event_choices":[{"damage_healed":0,"gold_gain":0,"player_choice":"1 cards matched","damage_taken":0,"max_hp_gain":0,"max_hp_loss":0,"event_name":"Match and Keep!","floor":2,"gold_loss":0,"cards_obtained":["Adrenaline"]}],"is_beta":false,"boss_relics":[],"items_purged_floors":[],"is_endless":false,"potions_floor_spawned":[1,5],"killed_by":"Gremlin Nob","ascension_level":5}