{"gold_per_floor":[112,37,37,51,70,105,121,121,176,191,191,218,231,265,265,370,370,390,290,306,306],"floor_reached":21,"playtime":884,"items_purged":["Defend_R","Defend_R"],"score":201,"play_id":"5226e886-8a05-42d9-b6e2-1117bc35202c","local_time":"20190625072858","is_ascension_mode":true,"campfire_choices":[{"floor":8.0,"key":"RECALL"},{"floor":11,"key":"REST"},{"data":"Demon Form","floor":15,"key":"SMITH"}],"neow_cost":"NONE","seed_source_timestamp":0,"circlet_count":0,"master_deck":["Strike_R","Strike_R","Strike_R","Strike_R","Strike_R","Defend_R","Defend_R","Bash","Flex","Demon Form+1","Limit Break"],"special_seed":0,"relics":["Burning Blood","NeowsBlessing","Matryoshka","Bag of Marbles","Question Card","Boot","Gremlin Horn","Philosopher\u0027s Stone"],"potions_floor_usage":[14,16,16],"damage_taken":[{"damage":0.0,"enemies":"Small Slimes","floor":1.0,"turns":1.0},{"damage":0.0,"enemies":"Cultist","floor":4.0,"turns":1.0},{"damage":0.0,"enemies":"Jaw Worm","floor":5.0,"turns":1.0},{"damage":48.0,"enemies":"Gremlin Nob","floor":6.0,"turns":5.0},{"damage":23.0,"enemies":"Large Slime","floor":7.0,"turns":6.0},{"damage":13.0,"enemies":"2 Fungi Beasts","floor":10.0,"turns":3.0},{"damage":12,"enemies":"Gremlin Gang","floor":13,"turns":4},{"damage":18,"enemies":"Lagavulin","floor":14,"turns":5},{"damage":34,"enemies":"Hexaghost","floor":16,"turns":6},{"damage":12,"enemies":"Chosen","floor":18,"turns":4},{"damage":44,"enemies":"3 Byrds","floor":20,"turns":4},{"damage":37,"enemies":"Cultist and Chosen","floor":21,"turns":4}],"seed_played":"8699439560658283971","potions_obtained":[{"floor":1.0,"key":"FearPotion"},{"floor":3.0,"key":"Weak Potion"},{"floor":3.0,"key":"Strength Potion"},{"floor":3.0,"key":"BloodPotion"},{"floor":7.0,"key":"Regen Potion"},{"floor":10.0,"key":"PowerPotion"},{"floor":18,"key":"SneckoOil"},{"floor":20,"key":"Block Potion"}],"is_trial":false,"path_per_floor":["M","$","?","M","M","E","M","R","T","M","R","T","M","E","R","B",null,"M","$","M","M"],"character_chosen":"IRONCLAD","items_purchased":[],"campfire_rested":1,"item_purchase_floors":[],"current_hp_per_floor":[80,80,80,80,80,38,29,29,29,22,46,46,40,42,42,14,80,74,74,36,0],"gold":306,"neow_bonus":"THREE_ENEMY_KILL","is_prod":false,"is_daily":false,"chose_seed":false,"campfire_upgraded":1,"win_rate":0,"timestamp":1561462138,"path_taken":["M","$","?","M","M","E","?","R","T","M","R","?","M","E","R","BOSS","M","$","M","M"],"build_version":"2019-01-23","purchased_purges":2,"victory":false,"max_hp_per_floor":[80,80,80,80,80,80,80,80,80,80,80,80,80,80,80,80,80,80,80,80,80],"card_choices":[{"not_picked":["Evolve","Pommel Strike","Twin Strike"],"picked":"SKIP","floor":1.0},{"not_picked":["Clash","Cleave"],"picked":"Flex","floor":4.0},{"not_picked":["True Grit","Iron Wave"],"picked":"Demon Form","floor":5.0},{"not_picked":["Warcry","Armaments","Sentinel"],"picked":"SKIP","floor":6.0},{"not_picked":["Warcry","Intimidate","Heavy Blade"],"picked":"SKIP","floor":7.0},{"not_picked":["Hemokinesis","Disarm","Ghostly Armor"],"picked":"SKIP","floor":10.0},{"not_picked":["Twin Strike","Pommel Strike","Fire Breathing","Sword Boomerang"],"picked":"SKIP","floor":13},{"not_picked":["Clothesline","Armaments","Headbutt","Exhume"],"picked":"SKIP","floor":14},{"not_picked":["Berserk","Exhume","Reaper"],"picked":"Limit Break","floor":16},{"not_picked":["Iron Wave","Warcry","Flex","Anger"],"picked":"SKIP","floor":18},{"not_picked":["Sword Boomerang","Heavy Blade","Wild Strike","Armaments"],"picked":"SKIP","floor":20}],"player_experience":214768,"relics_obtained":[{"floor":6.0,"key":"Matryoshka"},{"floor":9.0,"key":"Bag of Marbles"},{"floor":12,"key":"Question Card"},{"floor":12,"key":"Boot"},{"floor":14,"key":"Gremlin Horn"}],"event_choices":[{"damage_healed":0.0,"max_hp_gain":0.0,"max_hp_loss":0.0,"gold_gain":0.0,"event_name":"Lab","player_choice":"Got Potions","floor":3.0,"gold_loss":0.0,"damage_taken":0.0}],"is_beta":false,"boss_relics":[{"not_picked":["Calling Bell","Cursed Key"],"picked":"Philosopher\u0027s Stone"}],"items_purged_floors":[2,19],"is_endless":false,"potions_floor_spawned":[1,4,7,10,13,18,20],"killed_by":"Cultist and Chosen","ascension_level":1}