{"path_per_floor":["M","M","?","?","M","R","M","R","T","E","R","M","E","?","R","B",null,"M","M","$","?","T","E","M","R","T","R","$","R","M","?","R"],"character_chosen":"IRONCLAD","items_purchased":[],"gold_per_floor":[116,127,127,77,97,97,108,108,108,133,133,151,181,211,211,316,316,336,348,273,198,222,251,270,270,270,270,170,170,184,184,184,184],"floor_reached":33,"campfire_rested":1,"playtime":2664,"current_hp_per_floor":[80,80,80,80,80,80,80,80,80,36,36,34,35,33,33,42,80,80,80,80,80,80,23,22,22,22,22,22,22,31,31,55,0],"items_purged":["Strike_R","Strike_R"],"gold":184,"score":323,"play_id":"250c1517-1d44-42e3-86de-1c9612a3909c","local_time":"20180424184509","is_prod":false,"is_daily":false,"chose_seed":false,"is_ascension_mode":false,"campfire_upgraded":7,"timestamp":1524620709,"path_taken":["M","M","?","?","M","R","M","R","T","E","R","M","E","?","R","BOSS","M","M","$","?","?","E","M","R","T","R","$","R","?","?","R","BOSS"],"build_version":"2018-04-19","seed_source_timestamp":5520821337703,"purchased_purges":2,"victory":false,"master_deck":["Strike_R","Defend_R","Defend_R","Defend_R","Defend_R","Bash","Flame Barrier+1","Iron Wave+1","Flex+1","Infernal Blade","Shrug It Off+1","Limit Break+1","Iron Wave+1","Barricade","Whirlwind+1","Body Slam+1","Flame Barrier+1","True Grit+1","Battle Trance","Metallicize+1","Cleave+1","Rampage+1"],"max_hp_per_floor":[80,80,80,80,80,80,80,80,80,80,80,80,80,80,80,80,80,80,80,80,80,80,80,80,80,80,80,80,80,80,80,80,80],"relics":["Burning Blood","Magic Flower","Champion Belt","Molten Egg 2","Odd Mushroom","Orrery","Bag of Preparation","Vajra","Centennial Puzzle"],"card_choices":[{"not_picked":["Corruption","Sword Boomerang"],"picked":"Flame Barrier","floor":1},{"not_picked":["Hemokinesis","Armaments"],"picked":"Iron Wave","floor":2},{"not_picked":["Warcry","Anger"],"picked":"Flex","floor":5},{"not_picked":["Rage","Perfected Strike"],"picked":"Infernal Blade","floor":7},{"not_picked":["Hemokinesis","Flame Barrier"],"picked":"Shrug It Off","floor":10},{"not_picked":["Bludgeon","Uppercut"],"picked":"Limit Break","floor":13},{"not_picked":["Power Through","Flex"],"picked":"Iron Wave","floor":14},{"not_picked":["Offering","Berserk"],"picked":"Barricade","floor":16},{"not_picked":["Body Slam","Intimidate"],"picked":"Whirlwind","floor":17},{"not_picked":["Sword Boomerang","Shrug It Off"],"picked":"Body Slam","floor":17},{"not_picked":["Clothesline","Body Slam"],"picked":"Flame Barrier","floor":17},{"not_picked":["Clothesline","Fire Breathing"],"picked":"True Grit","floor":17},{"not_picked":["Armaments","Dropkick"],"picked":"Battle Trance","floor":17},{"not_picked":["Headbutt","Intimidate"],"picked":"Metallicize","floor":19},{"not_picked":["Rage","Bloodletting"],"picked":"Cleave","floor":23},{"not_picked":["Sword Boomerang","Blood for Blood"],"picked":"Rampage","floor":30}],"player_experience":20588,"potions_floor_usage":[10,13,16,18,23,33],"damage_taken":[{"damage":2,"enemies":"Small Slimes","floor":1,"turns":4},{"damage":2,"enemies":"2 Louse","floor":2,"turns":3},{"damage":2,"enemies":"Jaw Worm","floor":5,"turns":5},{"damage":1,"enemies":"2 Fungi Beasts","floor":7,"turns":4},{"damage":53,"enemies":"Gremlin Nob","floor":10,"turns":6},{"damage":11,"enemies":"Large Slime","floor":12,"turns":8},{"damage":8,"enemies":"3 Sentries","floor":13,"turns":6},{"damage":11,"enemies":"The Mushroom Lair","floor":14,"turns":7},{"damage":0,"enemies":"Slime Boss","floor":16,"turns":7},{"damage":0,"enemies":"Chosen","floor":18,"turns":5},{"damage":0,"enemies":"3 Byrds","floor":19,"turns":1},{"damage":66,"enemies":"Slavers","floor":23,"turns":15},{"damage":10,"enemies":"Centurion and Healer","floor":24,"turns":7},{"damage":0,"enemies":"Snecko","floor":30,"turns":7},{"damage":59,"enemies":"Automaton","floor":33,"turns":6}],"event_choices":[{"event_name":"Living Wall","player_choice":"Grow","floor":3,"damage_taken":0},{"event_name":"The Cleric","player_choice":"Card Removal","floor":4,"damage_taken":0},{"event_name":"Mushrooms","player_choice":"Fought Mushrooms","floor":14,"damage_taken":0},{"event_name":"Beggar","player_choice":"Gave Gold","floor":21,"damage_taken":0},{"event_name":"Drug Dealer","player_choice":"Ignored","floor":31,"damage_taken":0}],"boss_relics":[{"not_picked":["Runic Pyramid","Cursed Key"],"picked":"Orrery"}],"potions_floor_spawned":[1,2,12,13,16,30],"seed_played":"-6147513477267246006","killed_by":"Automaton","ascension_level":0,"is_trial":false}