{"gold_per_floor":[110,57,67,97,54,54,88,99,145,145,165,185,185,29,29,130,130,143,16,16,34,48,48,75,87,87,87,112,137,149,2,2,101,101,114,127,127,127,127,127,161,53,53,53,77,93,93],"floor_reached":47,"playtime":2913,"items_purged":["Strike_P","Strike_P"],"score":831,"play_id":"af7b3497-eacf-44cd-a44e-eb77e513069d","local_time":"20191010110802","is_ascension_mode":true,"campfire_choices":[{"floor":6,"key":"REST"},{"floor":13,"key":"REST"},{"data":"Worship","floor":15,"key":"SMITH"},{"floor":23,"key":"REST"},{"floor":27,"key":"REST"},{"floor":32,"key":"REST"},{"floor":40,"key":"REST"},{"floor":44,"key":"REST"}],"neow_cost":"NONE","seed_source_timestamp":40854017487800,"circlet_count":0,"master_deck":["AscendersBane","Defend_P+1","Defend_P+1","Defend_P+1","Eruption","Vigilance+1","ClearTheMind+1","Devotion+1","Worship+1","FlurryOfBlows","SashWhip+1","FlyingSleeves+1","Wireheading","Worship+1","CrushJoints","LessonLearned+1","Devotion+1","CurseOfTheBell","FlyingSleeves","BowlingBash+1","WheelKick","MentalFortress","FearNoEvil","Consecrate+1","Establishment","Protect","Dark Shackles","EmptyBody","Sanctity","Impatience","LikeWater+1"],"relics":["Astrolabe","Tiny Chest","Orichalcum","Toy Ornithopter","Mercury Hourglass","Calling Bell","Anchor","Gremlin Horn","GoldenEye","WingedGreaves","Oddly Smooth Stone","Meat on the Bone","Blood Vial","Fusion Hammer","Girya","Question Card","Incense Burner","Vajra"],"potions_floor_usage":[11,16,22,24,29,29,30,41,47],"damage_taken":[{"damage":19,"enemies":"Small Slimes","floor":1,"turns":6},{"damage":7,"enemies":"Jaw Worm","floor":3,"turns":4},{"damage":12,"enemies":"Lagavulin","floor":7,"turns":6},{"damage":2,"enemies":"Cultist","floor":8,"turns":4},{"damage":3,"enemies":"Looter","floor":11,"turns":3},{"damage":5,"enemies":"Red Slaver","floor":12,"turns":4},{"damage":31,"enemies":"Hexaghost","floor":16,"turns":8},{"damage":0,"enemies":"Chosen","floor":18,"turns":3},{"damage":14,"enemies":"2 Thieves","floor":21,"turns":4},{"damage":10,"enemies":"3 Cultists","floor":22,"turns":4},{"damage":18,"enemies":"Book of Stabbing","floor":24,"turns":4},{"damage":15,"enemies":"Sentry and Sphere","floor":25,"turns":3},{"damage":0,"enemies":"Gremlin Leader","floor":28,"turns":3},{"damage":47,"enemies":"Slavers","floor":29,"turns":4},{"damage":15,"enemies":"Cultist and Chosen","floor":30,"turns":8},{"damage":39,"enemies":"Collector","floor":33,"turns":7},{"damage":13,"enemies":"3 Shapes","floor":35,"turns":7},{"damage":21,"enemies":"3 Darklings","floor":36,"turns":5},{"damage":48,"enemies":"Nemesis","floor":41,"turns":9},{"damage":20,"enemies":"Jaw Worm Horde","floor":46,"turns":4},{"damage":55,"enemies":"Transient","floor":47,"turns":5}],"seed_played":"-2820705903763761557","potions_obtained":[{"floor":7,"key":"DuplicationPotion"},{"floor":8,"key":"SteroidPotion"},{"floor":12,"key":"PowerPotion"},{"floor":16,"key":"Dexterity Potion"},{"floor":18,"key":"PowerPotion"},{"floor":25,"key":"LiquidBronze"},{"floor":28,"key":"SteroidPotion"},{"floor":29,"key":"Weak Potion"},{"floor":35,"key":"EssenceOfSteel"},{"floor":36,"key":"StancePotion"},{"floor":46,"key":"Block Potion"}],"is_trial":false,"path_per_floor":["M","$","M","?","?","R","E","M","T","T","M","M","R","$","R","B",null,"M","$","?","M","M","R","E","M","T","R","E","E","M","$","R","B",null,"M","M","T","?","?","R","E","$","T","R","T","M","M"],"character_chosen":"WATCHER","items_purchased":["SashWhip","LessonLearned","BowlingBash","Consecrate","Sanctity","Impatience"],"campfire_rested":7,"item_purchase_floors":[2,14,19,31,42,42],"current_hp_per_floor":[46,46,39,21,21,42,30,28,28,28,30,25,46,46,46,20,59,59,59,59,45,40,61,48,33,33,54,54,29,33,33,54,29,61,50,43,43,43,43,63,32,32,32,52,52,46,0],"gold":93,"neow_bonus":"BOSS_RELIC","is_prod":false,"is_daily":false,"chose_seed":false,"campfire_upgraded":1,"win_rate":0,"timestamp":1570723682,"path_taken":["M","$","M","?","?","R","E","M","T","?","M","?","R","?","R","BOSS","M","$","?","?","M","R","E","M","T","R","E","E","?","?","R","BOSS","M","M","?","?","?","R","E","$","T","R","?","M","M"],"build_version":"2019-10-09","purchased_purges":2,"victory":false,"max_hp_per_floor":[72,72,72,72,72,72,72,72,72,72,72,72,72,72,72,72,72,72,72,72,72,72,72,72,72,72,72,72,72,72,72,72,72,72,72,72,72,68,68,68,68,68,68,68,68,68,68],"card_choices":[{"not_picked":["Halt","ThirdEye"],"picked":"FlurryOfBlows","floor":1},{"not_picked":["Protect","Prostrate"],"picked":"FlyingSleeves","floor":3},{"not_picked":["Vengeance","ClearTheMind","Tantrum"],"picked":"SKIP","floor":7},{"not_picked":["ClearTheMind","PathToVictory"],"picked":"Wireheading","floor":8},{"not_picked":["Meditate","SashWhip"],"picked":"Worship","floor":11},{"not_picked":["Omniscience","FollowUp"],"picked":"CrushJoints","floor":12},{"not_picked":["DevaForm","LessonLearned"],"picked":"Devotion","floor":16},{"not_picked":["FollowUp","Pray"],"picked":"FlyingSleeves","floor":18},{"not_picked":["PathToVictory","BowlingBash"],"picked":"WheelKick","floor":21},{"not_picked":["SashWhip","CutThroughFate","WaveOfTheHand"],"picked":"SKIP","floor":22},{"not_picked":["Blasphemy","CrushJoints+1","SashWhip"],"picked":"SKIP","floor":24},{"not_picked":["ReachHeaven","PathToVictory","CutThroughFate"],"picked":"SKIP","floor":25},{"not_picked":["SashWhip","ConjureBlade","Alpha"],"picked":"SKIP","floor":28},{"not_picked":["ThirdEye","CrushJoints+1"],"picked":"MentalFortress","floor":29},{"not_picked":["Sanctity","FollowUp"],"picked":"FearNoEvil","floor":30},{"not_picked":["ConjureBlade","Judgement"],"picked":"Establishment","floor":33},{"not_picked":["Halt+1","FlyingSleeves"],"picked":"Protect","floor":35},{"not_picked":["EmptyFist","Prostrate+1","Indignation+1"],"picked":"SKIP","floor":36},{"not_picked":["Master of Strategy","PanicButton"],"picked":"Dark Shackles","floor":39},{"not_picked":["Flick","ClearTheMind+1"],"picked":"EmptyBody","floor":41},{"not_picked":["FlyingSleeves","EmptyFist+1","Sanctity"],"picked":"LikeWater+1","floor":46}],"player_experience":443259,"relics_obtained":[{"floor":7,"key":"Orichalcum"},{"floor":9,"key":"Toy Ornithopter"},{"floor":10,"key":"Mercury Hourglass"},{"floor":17,"key":"Anchor"},{"floor":17,"key":"Gremlin Horn"},{"floor":17,"key":"GoldenEye"},{"floor":24,"key":"WingedGreaves"},{"floor":26,"key":"Oddly Smooth Stone"},{"floor":28,"key":"Meat on the Bone"},{"floor":29,"key":"Blood Vial"},{"floor":37,"key":"Girya"},{"floor":41,"key":"Question Card"},{"floor":43,"key":"Incense Burner"},{"floor":45,"key":"Vajra"}],"event_choices":[{"damage_healed":0,"gold_gain":0,"player_choice":"Success","damage_taken":18,"relics_obtained":["Tiny Chest"],"max_hp_gain":0,"max_hp_loss":0,"event_name":"Scrap Ooze","floor":4,"gold_loss":0},{"damage_healed":0,"gold_gain":0,"player_choice":"Left Gold","damage_taken":0,"max_hp_gain":0,"max_hp_loss":0,"event_name":"World of Goop","floor":5,"gold_loss":43},{"damage_healed":0,"gold_gain":0,"player_choice":"Upgraded","damage_taken":0,"max_hp_gain":0,"max_hp_loss":0,"event_name":"Upgrade Shrine","floor":20,"gold_loss":0,"cards_upgraded":["Devotion"]},{"damage_healed":0,"gold_gain":0,"player_choice":"Max HP","damage_taken":0,"max_hp_gain":0,"max_hp_loss":4,"event_name":"Winding Halls","floor":38,"gold_loss":0},{"damage_healed":0,"gold_gain":0,"player_choice":"Memory 1","damage_taken":0,"max_hp_gain":0,"max_hp_loss":0,"event_name":"SensoryStone","floor":39,"gold_loss":0}],"is_beta":true,"boss_relics":[{"not_picked":["Sozu","Busted Crown"],"picked":"Calling Bell"},{"not_picked":["Pandora\u0027s Box","Black Star"],"picked":"Fusion Hammer"}],"items_purged_floors":[19,31],"is_endless":false,"potions_floor_spawned":[7,8,12,16,18,25,28,29,35,36,46],"killed_by":"Transient","ascension_level":11}