{"gold_per_floor":[115,131,131,151,138,164,164,196,196,196,37,70,46,46,46,150,150,161,177,177,187,205,205,232,244,282,294],"floor_reached":27,"playtime":1188,"items_purged":["Pain"],"score":346,"play_id":"c2609713-f3a1-4929-9897-959db3eb81d7","local_time":"20190929215243","is_ascension_mode":true,"campfire_choices":[{"floor":7,"key":"REST"},{"floor":10,"key":"REST"},{"floor":15,"key":"REST"},{"floor":23,"key":"REST"}],"neow_cost":"NONE","seed_source_timestamp":695392041999033,"circlet_count":0,"master_deck":["Strike_P","Strike_P","Strike_P","Defend_P","Defend_P","Defend_P","Defend_P","Eruption+1","Vigilance","ReachHeaven","FearNoEvil","EmptyMind+1","Consecrate","Devotion","LessonLearned","Enlightenment","WheelKick","EmptyBody+1","Vault","DeceiveReality+1","Perseverance+1","Brilliance+1"],"relics":["PureWater","WarpedTongs","Lantern","White Beast Statue","Bottled Lightning","Toxic Egg 2","Black Star","MawBank","Shuriken","Boot"],"potions_floor_usage":[5,6,8,21,22,22,24],"damage_taken":[{"damage":0,"enemies":"Small Slimes","floor":1,"turns":3},{"damage":0,"enemies":"Cultist","floor":2,"turns":2},{"damage":3,"enemies":"2 Louse","floor":4,"turns":2},{"damage":8,"enemies":"Exordium Thugs","floor":5,"turns":4},{"damage":20,"enemies":"Gremlin Nob","floor":6,"turns":3},{"damage":9,"enemies":"3 Sentries","floor":8,"turns":3},{"damage":48,"enemies":"Gremlin Nob","floor":12,"turns":4},{"damage":0,"enemies":"Slime Boss","floor":16,"turns":4},{"damage":16,"enemies":"Spheric Guardian","floor":18,"turns":4},{"damage":0,"enemies":"Chosen","floor":19,"turns":4},{"damage":17,"enemies":"Snake Plant","floor":21,"turns":5},{"damage":0,"enemies":"Centurion and Healer","floor":22,"turns":6},{"damage":15,"enemies":"Book of Stabbing","floor":24,"turns":5},{"damage":0,"enemies":"3 Cultists","floor":27,"turns":1}],"seed_played":"-2532550042978197020","potions_obtained":[{"floor":1,"key":"Energy Potion"},{"floor":2,"key":"FearPotion"},{"floor":5,"key":"Explosive Potion"},{"floor":12,"key":"EssenceOfSteel"},{"floor":16,"key":"BottledMiracle"},{"floor":18,"key":"Ambrosia"},{"floor":19,"key":"DuplicationPotion"},{"floor":21,"key":"Block Potion"},{"floor":22,"key":"Strength Potion"},{"floor":24,"key":"Ancient Potion"}],"is_trial":false,"path_per_floor":["M","M","?","M","M","E","R","E","T","R","$","E","$","?","R","B",null,"M","M","?","M","M","R","E","$","T","M"],"character_chosen":"WATCHER","items_purchased":["Enlightenment","EmptyBody+1"],"campfire_rested":4,"item_purchase_floors":[11,13],"current_hp_per_floor":[72,72,72,69,61,41,62,53,53,72,72,24,24,24,45,45,72,56,56,56,39,39,60,45,45,45,45],"gold":294,"neow_bonus":"TRANSFORM_CARD","is_prod":false,"is_daily":false,"chose_seed":false,"campfire_upgraded":0,"win_rate":0,"timestamp":1569819163,"path_taken":["M","M","?","?","M","E","R","E","T","R","$","E","?","?","R","BOSS","M","M","?","M","M","R","E","$","T","?"],"build_version":"2019-09-27","purchased_purges":1,"victory":false,"max_hp_per_floor":[72,72,72,72,72,72,72,72,72,72,72,72,72,72,72,72,72,72,72,72,72,72,72,72,72,72,72],"card_choices":[{"not_picked":["Weave","SandsOfTime"],"picked":"FearNoEvil","floor":1},{"not_picked":["Halt","SashWhip"],"picked":"EmptyMind","floor":2},{"not_picked":["SandsOfTime","PathToVictory","FollowUp"],"picked":"SKIP","floor":4},{"not_picked":["CrushJoints","ThirdEye"],"picked":"Consecrate","floor":5},{"not_picked":["EmptyFist","Worship"],"picked":"Devotion","floor":6},{"not_picked":["Halt","EmptyFist"],"picked":"LessonLearned","floor":8},{"not_picked":["SpiritShield","WaveOfTheHand"],"picked":"WheelKick","floor":12},{"not_picked":["LessonLearned","ReachHeaven"],"picked":"Vault","floor":16},{"not_picked":["CrushJoints","EmptyBody+1","FollowUp"],"picked":"SKIP","floor":18},{"not_picked":["Weave+1","EmptyMind+1"],"picked":"DeceiveReality+1","floor":19},{"not_picked":["FlyingSleeves+1","Vengeance+1","Evaluate+1"],"picked":"SKIP","floor":21},{"not_picked":["Swivel+1","WreathOfFlame+1"],"picked":"Perseverance+1","floor":22},{"not_picked":["Devotion","WaveOfTheHand+1"],"picked":"Brilliance+1","floor":24}],"player_experience":64173,"relics_obtained":[{"floor":6,"key":"Lantern"},{"floor":8,"key":"White Beast Statue"},{"floor":9,"key":"Bottled Lightning"},{"floor":12,"key":"Toxic Egg 2"},{"floor":24,"key":"MawBank"},{"floor":24,"key":"Shuriken"},{"floor":26,"key":"Boot"}],"event_choices":[{"damage_healed":0,"gold_gain":0,"player_choice":"Rummage","damage_taken":0,"relics_obtained":["WarpedTongs"],"max_hp_gain":0,"max_hp_loss":0,"event_name":"Accursed Blacksmith","floor":3,"gold_loss":0,"cards_obtained":["Pain"]},{"damage_healed":0,"gold_gain":0,"player_choice":"Grow","damage_taken":0,"max_hp_gain":0,"max_hp_loss":0,"event_name":"Living Wall","floor":14,"gold_loss":0,"cards_upgraded":["Eruption"]},{"damage_healed":0,"gold_gain":0,"player_choice":"Got Potions","damage_taken":0,"max_hp_gain":0,"max_hp_loss":0,"event_name":"Lab","floor":20,"gold_loss":0}],"is_beta":true,"boss_relics":[{"not_picked":["Busted Crown","Empty Cage"],"picked":"Black Star"}],"items_purged_floors":[11],"is_endless":false,"potions_floor_spawned":[1,2,5,12,16,18,19,21,22,24],"killed_by":"3 Cultists","ascension_level":3}