{"path_per_floor":["M","M","$","M","M","R","?","R","T","M","M","M","R","M","R","B",null,"M"],"character_chosen":"THE_SILENT","items_purchased":["Acrobatics"],"gold_per_floor":[110,127,25,45,57,57,57,57,107,122,132,152,152,167,167,264,264,284,284],"floor_reached":19,"campfire_rested":1,"playtime":1623,"current_hp_per_floor":[70,69,69,69,64,64,50,50,50,45,45,43,43,43,64,24,70,47,0],"items_purged":["Strike_G"],"gold":284,"score":163,"play_id":"39026fe0-98ef-40da-81f6-a7b508dd99db","local_time":"20180520034040","is_prod":false,"is_daily":false,"chose_seed":false,"is_ascension_mode":false,"campfire_upgraded":3,"timestamp":1526812840,"campfire_choices":[{"data":"Phantasmal Killer","floor":6,"key":"SMITH"},{"data":"Survivor","floor":8,"key":"SMITH"},{"data":"Backflip","floor":13,"key":"SMITH"},{"floor":15,"key":"REST"}],"path_taken":["M","M","$","M","M","R","?","R","T","M","M","M","R","M","R","BOSS","M","M"],"build_version":"2018-05-17","seed_source_timestamp":11254470499183,"purchased_purges":1,"victory":false,"master_deck":["Defend_G","Defend_G+1","Defend_G","Defend_G","Defend_G","Strike_G+1","Strike_G","Strike_G","Strike_G","Survivor+1","Neutralize","Phantasmal Killer+1","Deadly Poison","Dodge and Roll","Acrobatics","Well Laid Plans","Die Die Die","Dodge and Roll","Backflip+1","Bullet Time","Cloak And Dagger"],"max_hp_per_floor":[70,70,70,70,70,70,70,70,70,70,70,70,70,70,70,70,70,70,70],"relics":["Ring of the Snake","Art of War","Eternal Feather"],"card_choices":[{"not_picked":["Acrobatics","Cloak And Dagger"],"picked":"Deadly Poison","floor":1},{"not_picked":["Dagger Throw","Caltrops"],"picked":"Dodge and Roll","floor":2},{"not_picked":["Prepared","Setup"],"picked":"Well Laid Plans","floor":4},{"not_picked":["Underhanded Strike","Calculated Gamble"],"picked":"Die Die Die","floor":5},{"not_picked":["Crippling Poison","Acrobatics"],"picked":"Dodge and Roll","floor":10},{"not_picked":["Reflex","Accuracy","Dagger Spray"],"picked":"SKIP","floor":11},{"not_picked":["Flying Knee","Quick Slash"],"picked":"Backflip","floor":12},{"not_picked":["Underhanded Strike","Acrobatics","Phantasmal Killer"],"picked":"SKIP","floor":14},{"not_picked":["Die Die Die","Phantasmal Killer"],"picked":"Bullet Time","floor":16},{"not_picked":["Quick Slash+1","Distraction"],"picked":"Cloak And Dagger","floor":18}],"player_experience":214728,"potions_floor_usage":[5,18,19],"damage_taken":[{"damage":0,"enemies":"2 Louse","floor":1,"turns":4},{"damage":1,"enemies":"Cultist","floor":2,"turns":4},{"damage":0,"enemies":"Small Slimes","floor":4,"turns":4},{"damage":5,"enemies":"Blue Slaver","floor":5,"turns":5},{"damage":5,"enemies":"Looter","floor":10,"turns":3},{"damage":0,"enemies":"Gremlin Gang","floor":11,"turns":3},{"damage":2,"enemies":"2 Fungi Beasts","floor":12,"turns":3},{"damage":0,"enemies":"Blue Slaver","floor":14,"turns":4},{"damage":40,"enemies":"Hexaghost","floor":16,"turns":16},{"damage":23,"enemies":"Spheric Guardian","floor":18,"turns":11},{"damage":53,"enemies":"Chosen","floor":19,"turns":9}],"relics_obtained":[{"floor":9,"key":"Art of War"}],"event_choices":[{"event_name":"Shining Light","player_choice":"Entered Light","floor":7,"damage_taken":0}],"boss_relics":[{"not_picked":["White Beast Statue","Runic Dome"],"picked":"Eternal Feather"}],"potions_floor_spawned":[4,5,10,12,16],"seed_played":"2113200560518116336","killed_by":"Chosen","ascension_level":0,"potions_obtained":[{"floor":4,"key":"Weak Potion"},{"floor":5,"key":"Block Potion"},{"floor":10,"key":"Regen Potion"},{"floor":12,"key":"SkillPotion"}],"is_trial":false}