{"gold_per_floor":[111,124,139,139,159,187,187,216,216,216,236,213,213,238,238,337,337,353,32,32,42,42,42],"floor_reached":23,"playtime":864,"items_purged":[],"score":230,"play_id":"fe1b4d3b-65cb-4578-a65c-a6a62728004a","local_time":"20190627181635","is_ascension_mode":true,"campfire_choices":[{"floor":7,"key":"REST"},{"floor":10,"key":"REST"},{"floor":15,"key":"RECALL"}],"neow_cost":"NONE","seed_source_timestamp":1266602311552584,"circlet_count":0,"master_deck":["Strike_B","Strike_B","Strike_B","Strike_B","Defend_B","Defend_B","Defend_B","Defend_B","Zap","Dualcast","Sweeping Beam","Loop","Ball Lightning","Cold Snap","Loop+1","Glacier","Gash","White Noise","Electrodynamics+1","White Noise","Creative AI+1"],"relics":["Cracked Core","Frozen Egg 2","The Courier","Torii","Potion Belt","Black Star","Cables"],"potions_floor_usage":[14,16,21,23],"damage_taken":[{"damage":4,"enemies":"Jaw Worm","floor":1,"turns":3},{"damage":7,"enemies":"2 Louse","floor":2,"turns":2},{"damage":6,"enemies":"Cultist","floor":3,"turns":3},{"damage":13,"enemies":"Exordium Thugs","floor":5,"turns":3},{"damage":41,"enemies":"3 Sentries","floor":6,"turns":5},{"damage":21,"enemies":"Gremlin Nob","floor":8,"turns":4},{"damage":0,"enemies":"Large Slime","floor":11,"turns":4},{"damage":10,"enemies":"Lagavulin","floor":14,"turns":5},{"damage":11,"enemies":"Hexaghost","floor":16,"turns":11},{"damage":19,"enemies":"Chosen","floor":18,"turns":4},{"damage":0,"enemies":"3 Byrds","floor":21,"turns":1},{"damage":70,"enemies":"Gremlin Leader","floor":23,"turns":4}],"seed_played":"1721279629857954879","potions_obtained":[{"floor":5,"key":"GamblersBrew"},{"floor":8,"key":"SpeedPotion"},{"floor":13,"key":"Explosive Potion"},{"floor":13,"key":"EssenceOfSteel"},{"floor":14,"key":"Regen Potion"},{"floor":16,"key":"LiquidBronze"},{"floor":18,"key":"Strength Potion"}],"is_trial":false,"path_per_floor":["M","M","M","?","M","E","R","E","T","R","M","?","?","E","R","B",null,"M","$","$","M","$","E"],"character_chosen":"DEFECT","items_purchased":["Creative AI+1","Cables"],"campfire_rested":2,"item_purchase_floors":[19,19],"current_hp_per_floor":[78,71,65,58,45,4,28,7,7,31,31,31,31,21,21,25,82,63,63,63,63,63,0],"gold":42,"neow_bonus":"TEN_PERCENT_HP_BONUS","is_prod":false,"is_daily":false,"chose_seed":false,"campfire_upgraded":0,"win_rate":0,"timestamp":1561673795,"path_taken":["M","M","M","?","M","E","R","E","T","R","M","?","?","E","R","BOSS","M","?","$","M","?","E"],"build_version":"2019-01-23","purchased_purges":0,"victory":false,"max_hp_per_floor":[82,82,82,82,82,82,82,82,82,82,82,82,82,82,82,82,82,82,82,82,82,82,82],"card_choices":[{"not_picked":["Steam","Rebound"],"picked":"Sweeping Beam","floor":1},{"not_picked":["Gash","Conserve Battery"],"picked":"Loop","floor":2},{"not_picked":["Streamline","Steam Power"],"picked":"Ball Lightning","floor":3},{"not_picked":["Compile Driver","Streamline"],"picked":"Cold Snap","floor":5},{"not_picked":["Hologram","Machine Learning+1"],"picked":"Loop+1","floor":6},{"not_picked":["Rebound","Chill"],"picked":"Glacier","floor":8},{"not_picked":["Streamline","BootSequence"],"picked":"Gash","floor":11},{"not_picked":["Leap","Sunder"],"picked":"White Noise","floor":14},{"not_picked":["Biased Cognition+1","Reboot"],"picked":"Electrodynamics+1","floor":16},{"not_picked":["Coolheaded+1","Genetic Algorithm"],"picked":"White Noise","floor":18},{"not_picked":["Doom and Gloom","Turbo","Beam Cell"],"picked":"SKIP","floor":21}],"player_experience":248044,"relics_obtained":[{"floor":6,"key":"The Courier"},{"floor":8,"key":"Torii"},{"floor":14,"key":"Potion Belt"}],"event_choices":[{"damage_healed":0,"gold_gain":0,"player_choice":"Success","damage_taken":7,"relics_obtained":["Frozen Egg 2"],"max_hp_gain":0,"max_hp_loss":0,"event_name":"Scrap Ooze","floor":4,"gold_loss":0},{"damage_healed":0,"gold_gain":0,"player_choice":"Left Gold","damage_taken":0,"max_hp_gain":0,"max_hp_loss":0,"event_name":"World of Goop","floor":12,"gold_loss":23},{"damage_healed":0,"gold_gain":0,"player_choice":"Got Potions","damage_taken":0,"max_hp_gain":0,"max_hp_loss":0,"event_name":"Lab","floor":13,"gold_loss":0}],"is_beta":false,"boss_relics":[{"not_picked":["Busted Crown","Inserter"],"picked":"Black Star"}],"items_purged_floors":[],"is_endless":false,"potions_floor_spawned":[5,8,14,16,18],"killed_by":"Gremlin Leader","ascension_level":2}