{"gold_per_floor":[116,128,28,28,42,73,73,108,131,142,176,176,20,20,20,123,123,142,142,157,72,83,83],"floor_reached":23,"playtime":2420,"items_purged":[],"score":286,"play_id":"d7805aa1-63e3-4649-bcd4-5d2bb7ddfd0e","local_time":"20190907131143","is_ascension_mode":true,"campfire_choices":[{"floor":7,"key":"REST"},{"floor":12,"key":"REST"},{"data":"Blade Dance","floor":15,"key":"SMITH"}],"neow_cost":"NONE","seed_source_timestamp":431065005379848,"circlet_count":0,"master_deck":["Defend_G","Defend_G","Defend_G","Defend_G","Defend_G","Survivor","Neutralize","Die Die Die","Dagger Throw","Leg Sweep","Well Laid Plans","Cloak And Dagger","Glass Knife","Choke","Choke","Deflect","Blade Dance+1","Infinite Blades","Flying Knee","Escape Plan","Malaise","Endless Agony+1","Bite","Bite","Bite","Bite","Bite","Reflex+1","Outmaneuver+1"],"relics":["Ring of the Snake","Boot","Juzu Bracelet","Oddly Smooth Stone","Pantograph","Black Star","Molten Egg 2"],"potions_floor_usage":[6,18,22],"damage_taken":[{"damage":0,"enemies":"Jaw Worm","floor":1,"turns":4},{"damage":0,"enemies":"Small Slimes","floor":2,"turns":2},{"damage":0,"enemies":"2 Louse","floor":5,"turns":1},{"damage":22,"enemies":"Gremlin Nob","floor":6,"turns":4},{"damage":21,"enemies":"Lagavulin","floor":8,"turns":6},{"damage":0,"enemies":"Large Slime","floor":10,"turns":4},{"damage":25,"enemies":"Gremlin Nob","floor":11,"turns":4},{"damage":12,"enemies":"Hexaghost","floor":16,"turns":9},{"damage":10,"enemies":"3 Byrds","floor":18,"turns":5},{"damage":12,"enemies":"Shell Parasite","floor":20,"turns":8},{"damage":6,"enemies":"Centurion and Healer","floor":22,"turns":7},{"damage":58,"enemies":"Gremlin Leader","floor":23,"turns":7}],"seed_played":"-5555302801820290923","potions_obtained":[{"floor":1,"key":"Swift Potion"},{"floor":11,"key":"Weak Potion"},{"floor":16,"key":"SpeedPotion"},{"floor":22,"key":"Block Potion"}],"is_trial":false,"path_per_floor":["M","M","$","?","M","E","R","E","T","M","E","R","$","?","R","B",null,"M","?","M","?","M","E"],"character_chosen":"THE_SILENT","items_purchased":["Well Laid Plans","Cloak And Dagger","Infinite Blades","Flying Knee","Escape Plan"],"campfire_rested":2,"item_purchase_floors":[3,3,13,13,13],"current_hp_per_floor":[70,70,70,70,70,48,69,48,48,48,23,44,44,37,37,50,65,55,49,45,45,49,0],"gold":83,"neow_bonus":"ONE_RANDOM_RARE_CARD","is_prod":false,"is_daily":false,"chose_seed":false,"campfire_upgraded":1,"win_rate":0,"timestamp":1567887103,"path_taken":["M","M","$","?","M","E","R","E","T","M","E","R","$","?","R","BOSS","M","?","M","?","M","E"],"build_version":"2019-07-17","purchased_purges":0,"victory":false,"max_hp_per_floor":[70,70,70,70,70,70,70,70,70,70,70,70,70,70,70,70,70,70,49,49,49,49,49],"card_choices":[{"not_picked":["Bouncing Flask","Prepared"],"picked":"Dagger Throw","floor":1},{"not_picked":["Poisoned Stab","Dash"],"picked":"Leg Sweep","floor":2},{"not_picked":["Terror","Caltrops"],"picked":"Glass Knife","floor":5},{"not_picked":["Setup","Blade Dance"],"picked":"Choke","floor":6},{"not_picked":["Bouncing Flask","Dodge and Roll"],"picked":"Choke","floor":8},{"not_picked":["Backflip","Calculated Gamble"],"picked":"Deflect","floor":10},{"not_picked":["Predator","Quick Slash"],"picked":"Blade Dance","floor":11},{"not_picked":["Glass Knife","Grand Finale"],"picked":"Malaise","floor":16},{"not_picked":["Dagger Throw+1","All Out Attack+1"],"picked":"Endless Agony+1","floor":18},{"not_picked":["PiercingWail","Poisoned Stab"],"picked":"Reflex+1","floor":20},{"not_picked":["Acrobatics","Leg Sweep+1"],"picked":"Outmaneuver+1","floor":22}],"player_experience":3184348,"relics_obtained":[{"floor":6,"key":"Boot"},{"floor":8,"key":"Juzu Bracelet"},{"floor":9,"key":"Oddly Smooth Stone"},{"floor":11,"key":"Pantograph"}],"event_choices":[{"damage_healed":0,"gold_gain":0,"player_choice":"Ignored","damage_taken":0,"max_hp_gain":0,"max_hp_loss":0,"event_name":"Liars Game","floor":4,"gold_loss":0},{"cards_removed":["Strike_G"],"damage_healed":0,"gold_gain":0,"player_choice":"Card Removal","damage_taken":7,"max_hp_gain":0,"max_hp_loss":0,"event_name":"Golden Wing","floor":14,"gold_loss":0},{"damage_healed":0,"gold_gain":0,"player_choice":"Became a vampire","damage_taken":0,"max_hp_gain":0,"max_hp_loss":21,"event_name":"Vampires","floor":19,"gold_loss":0,"cards_obtained":["Bite","Bite","Bite","Bite","Bite"]},{"damage_healed":0,"gold_gain":0,"player_choice":"Obtained Relic","damage_taken":0,"relics_obtained":["Molten Egg 2"],"max_hp_gain":0,"max_hp_loss":0,"event_name":"Addict","floor":21,"gold_loss":85}],"is_beta":false,"boss_relics":[{"not_picked":["Lizard Tail","Eternal Feather"],"picked":"Black Star"}],"items_purged_floors":[],"is_endless":false,"potions_floor_spawned":[1,11,16,22],"killed_by":"Gremlin Leader","ascension_level":5}