{"gold_per_floor":[214,314,331,346,67,67,98,98,151,161,190,260,260,260,260,363,363,373,391,291,216,216,246,3,3,29,29,45,64,14,34,34,132,132,152,6,19,19,19],"floor_reached":39,"playtime":3625,"items_purged":["Strike_B","Strike_B","Defend_B","Defend_B","Scrape+1"],"score":472,"play_id":"2c5d0100-e9d1-4bc7-b3d7-cfa210fc3162","local_time":"20190117181857","is_ascension_mode":false,"campfire_choices":[{"data":"Zap","floor":6.0,"key":"SMITH"},{"data":"Dualcast","floor":8.0,"key":"SMITH"},{"data":"Redo","floor":13.0,"key":"SMITH"},{"data":"Scrape","floor":15.0,"key":"SMITH"},{"data":"Defragment","floor":27,"key":"SMITH"},{"data":"Capacitor","floor":32,"key":"SMITH"}],"neow_cost":"NONE","seed_source_timestamp":0,"circlet_count":0,"master_deck":["Zap+1","Dualcast+1","Coolheaded","Redo+1","Reboot","Defragment+1","Capacitor+1","Gash+1","Deep Breath"],"special_seed":0,"relics":["Cracked Core","Runic Capacitor","Blood Vial","Ancient Tea Set","Odd Mushroom","Bottled Lightning","Empty Cage","Lantern","Tiny Chest","Smiling Mask","Black Star","Incense Burner"],"potions_floor_usage":[29,33,33,33,37],"damage_taken":[{"damage":0.0,"enemies":"Cultist","floor":1.0,"turns":4.0},{"damage":1.0,"enemies":"Jaw Worm","floor":3.0,"turns":3.0},{"damage":5.0,"enemies":"Small Slimes","floor":4.0,"turns":3.0},{"damage":15.0,"enemies":"Lagavulin","floor":7.0,"turns":7.0},{"damage":0.0,"enemies":"Blue Slaver","floor":10.0,"turns":4.0},{"damage":6.0,"enemies":"The Mushroom Lair","floor":11.0,"turns":4.0},{"damage":8.0,"enemies":"Hexaghost","floor":16.0,"turns":10.0},{"damage":3,"enemies":"Chosen","floor":18,"turns":3},{"damage":0,"enemies":"Spheric Guardian","floor":19,"turns":3},{"damage":15,"enemies":"Gremlin Leader","floor":23,"turns":5},{"damage":0,"enemies":"Cultist and Chosen","floor":28,"turns":3},{"damage":0,"enemies":"Shelled Parasite and Fungi","floor":29,"turns":3},{"damage":0,"enemies":"Snecko","floor":31,"turns":3},{"damage":0,"enemies":"Champ","floor":33,"turns":5},{"damage":4,"enemies":"3 Darklings","floor":35,"turns":3},{"damage":0,"enemies":"3 Shapes","floor":37,"turns":3},{"damage":78,"enemies":"2 Orb Walkers","floor":39,"turns":3}],"seed_played":"-4429520882592370738","potions_obtained":[{"floor":4.0,"key":"EssenceOfSteel"},{"floor":7.0,"key":"SkillPotion"},{"floor":11.0,"key":"Weak Potion"},{"floor":16.0,"key":"Swift Potion"},{"floor":18,"key":"Block Potion"},{"floor":19,"key":"PowerPotion"},{"floor":29,"key":"PowerPotion"},{"floor":35,"key":"Block Potion"}],"is_trial":false,"path_per_floor":["M","?","M","M","$","R","E","R","T","M","?","T","R","?","R","B",null,"M","M","$","?","?","E","$","?","T","R","M","M","$","M","R","B",null,"M","$","M","T","?"],"character_chosen":"DEFECT","items_purchased":["Runic Capacitor","Tiny Chest","Deep Breath"],"campfire_rested":0,"item_purchase_floors":[5,24,36],"current_hp_per_floor":[75,75,74,69,69,69,54,54,54,56,52,52,52,45,45,39,75,72,74,74,74,74,60,60,60,60,60,62,64,64,66,66,68,75,71,71,73,73,0],"gold":19,"neow_bonus":"HUNDRED_GOLD","is_prod":false,"is_daily":false,"chose_seed":false,"campfire_upgraded":6,"win_rate":0,"timestamp":1547767137,"path_taken":["M","?","?","M","$","R","E","R","T","M","?","?","R","?","R","BOSS","M","M","$","?","?","E","$","?","T","R","M","?","?","M","R","BOSS","M","$","M","?","?"],"build_version":"2019-01-10","purchased_purges":5,"victory":false,"max_hp_per_floor":[75,75,75,75,75,75,75,75,75,75,75,75,75,75,75,75,75,75,75,75,75,75,75,75,75,75,75,75,75,75,75,75,75,75,75,75,75,75,75],"card_choices":[{"not_picked":["Leap","Conserve Battery"],"picked":"Coolheaded","floor":1.0},{"not_picked":["Darkness","Auto Shields"],"picked":"Scrape","floor":3.0},{"not_picked":["Sweeping Beam","Ball Lightning","Steam"],"picked":"SKIP","floor":4.0},{"not_picked":["Turbo","Consume","Streamline"],"picked":"SKIP","floor":7.0},{"not_picked":["Fusion","Reinforced Body","Stack"],"picked":"SKIP","floor":10.0},{"not_picked":["Tempest","Steam Power"],"picked":"Redo","floor":11.0},{"not_picked":["Echo Form","Hyperbeam"],"picked":"Reboot","floor":16.0},{"not_picked":["Auto Shields","Rebound","Streamline+1"],"picked":"SKIP","floor":18},{"not_picked":["Ball Lightning+1","Skim","Hologram"],"picked":"SKIP","floor":19},{"not_picked":["Beam Cell","BootSequence","Hologram"],"picked":"SKIP","floor":23},{"not_picked":["Turbo","Sweeping Beam"],"picked":"Capacitor","floor":28},{"not_picked":["Reinforced Body","Force Field","Hello World"],"picked":"SKIP","floor":29},{"not_picked":["Storm+1","Streamline","Scrape"],"picked":"SKIP","floor":31},{"not_picked":["Beam Cell","Streamline+1"],"picked":"Gash+1","floor":35},{"not_picked":["Leap","Chaos+1","Ball Lightning+1"],"picked":"SKIP","floor":37}],"player_experience":166116,"relics_obtained":[{"floor":7.0,"key":"Blood Vial"},{"floor":9.0,"key":"Ancient Tea Set"},{"floor":11.0,"key":"Odd Mushroom"},{"floor":12.0,"key":"Bottled Lightning"},{"floor":23,"key":"Lantern"},{"floor":26,"key":"Smiling Mask"},{"floor":38,"key":"Incense Burner"}],"event_choices":[{"damage_healed":0.0,"max_hp_gain":0.0,"max_hp_loss":0.0,"gold_gain":100.0,"event_name":"Golden Shrine","player_choice":"Pray","floor":2.0,"gold_loss":0.0,"damage_taken":0.0},{"damage_healed":0.0,"max_hp_gain":0.0,"max_hp_loss":0.0,"gold_gain":0.0,"event_name":"Mushrooms","player_choice":"Fought Mushrooms","floor":11.0,"gold_loss":0.0,"damage_taken":0.0},{"cards_removed":["Strike_B"],"damage_healed":0.0,"max_hp_gain":0.0,"max_hp_loss":0.0,"gold_gain":0.0,"event_name":"Golden Wing","player_choice":"Card Removal","floor":14.0,"gold_loss":0.0,"damage_taken":7.0},{"cards_removed":["Defend_B"],"damage_healed":0,"gold_gain":0,"player_choice":"Gave Gold","damage_taken":0,"max_hp_gain":0,"max_hp_loss":0,"event_name":"Beggar","floor":21,"gold_loss":75},{"damage_healed":0,"gold_gain":0,"player_choice":"Read","damage_taken":0,"max_hp_gain":0,"max_hp_loss":0,"event_name":"The Library","floor":22,"gold_loss":0,"cards_obtained":["Defragment"]},{"damage_healed":0,"gold_gain":0,"player_choice":"Ignored","damage_taken":0,"max_hp_gain":0,"max_hp_loss":0,"event_name":"Vampires","floor":25,"gold_loss":0},{"damage_healed":0,"gold_gain":0,"player_choice":"Fight","damage_taken":0,"max_hp_gain":0,"max_hp_loss":0,"event_name":"Mysterious Sphere","floor":39,"gold_loss":0}],"is_beta":false,"boss_relics":[{"not_picked":["Fusion Hammer","Orrery"],"picked":"Empty Cage"},{"not_picked":["Calling Bell","Eternal Feather"],"picked":"Black Star"}],"items_purged_floors":[5,20,24,30,36],"is_endless":false,"potions_floor_spawned":[4,7,11,16,18,19,23,29,35],"killed_by":"2 Orb Walkers","ascension_level":0}