{"gold_per_floor":[110,110,126,144,144,185,77,77,77,101,141,141,160,200,200,325,325],"floor_reached":17,"playtime":1014,"items_purged":["Injury"],"score":201,"play_id":"1cacf9cd-64c3-4b96-8e76-5b398b862cab","local_time":"20190630070029","is_ascension_mode":true,"campfire_choices":[{"data":"Poisoned Stab","floor":8,"key":"SMITH"},{"floor":12,"key":"REST"},{"data":"Deadly Poison","floor":15,"key":"SMITH"}],"neow_cost":"NONE","seed_source_timestamp":1485082371496974,"circlet_count":0,"master_deck":["Defend_G","Defend_G","Defend_G+1","Defend_G","Defend_G","Strike_G","Strike_G","Strike_G","Strike_G","Strike_G","Survivor","Neutralize","Masterful Stab","PiercingWail","Backstab","Poisoned Stab+1","Backstab","Backflip+1","Blur","Crippling Poison","Dodge and Roll","Deadly Poison+1","Adrenaline"],"relics":["Orrery","Golden Idol","Dodecahedron","Matryoshka","War Paint","Mercury Hourglass","Fusion Hammer"],"potions_floor_usage":[6,6,6,16,16,16],"damage_taken":[{"damage":0,"enemies":"Cultist","floor":1,"turns":3},{"damage":5,"enemies":"Small Slimes","floor":3,"turns":3},{"damage":0,"enemies":"2 Louse","floor":4,"turns":2},{"damage":9,"enemies":"Lagavulin","floor":6,"turns":3},{"damage":0,"enemies":"Lots of Slimes","floor":10,"turns":3},{"damage":24,"enemies":"Gremlin Nob","floor":11,"turns":4},{"damage":8,"enemies":"Large Slime","floor":13,"turns":5},{"damage":18,"enemies":"3 Sentries","floor":14,"turns":11},{"damage":13,"enemies":"Slime Boss","floor":16,"turns":12}],"seed_played":"-1390612272232678279","potions_obtained":[{"floor":3,"key":"FearPotion"},{"floor":4,"key":"GhostInAJar"},{"floor":5,"key":"EntropicBrew"},{"floor":5,"key":"SteroidPotion"}],"is_trial":false,"path_per_floor":["M","?","M","M","?","E","$","R","T","M","E","R","M","E","R","B",null],"character_chosen":"THE_SILENT","items_purchased":["Crippling Poison"],"campfire_rested":1,"item_purchase_floors":[7],"current_hp_per_floor":[70,70,65,65,65,56,56,56,56,56,32,53,45,27,27,14,70],"gold":325,"neow_bonus":"BOSS_RELIC","is_prod":false,"is_daily":false,"chose_seed":false,"campfire_upgraded":2,"win_rate":0,"timestamp":1561892429,"path_taken":["M","?","M","M","?","E","$","R","T","M","E","R","M","E","R","BOSS"],"build_version":"2019-01-23","purchased_purges":1,"victory":false,"max_hp_per_floor":[70,70,70,70,70,70,70,70,70,70,70,70,70,70,70,70,70],"card_choices":[{"not_picked":["Blade Dance","Deadly Poison"],"picked":"Masterful Stab","floor":0},{"not_picked":["Acrobatics","Deflect"],"picked":"PiercingWail","floor":0},{"not_picked":["Underhanded Strike","Leg Sweep"],"picked":"Backstab","floor":0},{"not_picked":["Underhanded Strike","Infinite Blades"],"picked":"Poisoned Stab","floor":0},{"not_picked":["Quick Slash","Flechettes"],"picked":"Backstab","floor":1},{"not_picked":["Phantasmal Killer","Bane"],"picked":"Backflip","floor":3},{"not_picked":["Outmaneuver","Deadly Poison"],"picked":"Blur","floor":4},{"not_picked":["Prepared","Bane","Blade Dance"],"picked":"SKIP","floor":6},{"not_picked":["Blur","Accuracy"],"picked":"Dodge and Roll","floor":10},{"not_picked":["Dagger Throw","Accuracy","Outmaneuver"],"picked":"SKIP","floor":11},{"not_picked":["Calculated Gamble","Dodge and Roll","Grand Finale"],"picked":"SKIP","floor":13},{"not_picked":["Masterful Stab","Choke"],"picked":"Deadly Poison","floor":14},{"not_picked":["Glass Knife","Night Terror"],"picked":"Adrenaline","floor":16}],"player_experience":307080,"relics_obtained":[{"floor":6,"key":"Dodecahedron"},{"floor":9,"key":"Matryoshka"},{"floor":11,"key":"War Paint"},{"floor":14,"key":"Mercury Hourglass"}],"event_choices":[{"damage_healed":0,"gold_gain":0,"player_choice":"Take Wound","damage_taken":0,"relics_obtained":["Golden Idol"],"max_hp_gain":0,"max_hp_loss":0,"event_name":"Golden Idol","floor":2,"gold_loss":0,"cards_obtained":["Injury"]},{"damage_healed":0,"gold_gain":0,"player_choice":"Got Potions","damage_taken":0,"max_hp_gain":0,"max_hp_loss":0,"event_name":"Lab","floor":5,"gold_loss":0}],"is_beta":false,"boss_relics":[{"not_picked":["Coffee Dripper","Empty Cage"],"picked":"Fusion Hammer"}],"items_purged_floors":[7],"is_endless":false,"potions_floor_spawned":[3,4,11,13,16],"ascension_level":3}