{"path_per_floor":["M","?","$","?","M","R","E","$","T","M","R","E","$","M","R","B",null,"M","$","?","M","?","R","M","R","T","?","M","$","R","M","R"],"character_chosen":"IRONCLAD","items_purchased":["Inflame","Iron Wave","True Grit","Flex","Evolve"],"gold_per_floor":[116,116,48,148,165,165,191,15,15,27,27,58,12,26,26,130,130,140,40,220,239,239,239,250,250,275,200,211,17,17,36,36,36],"floor_reached":33,"campfire_rested":3,"playtime":2209,"current_hp_per_floor":[80,80,80,80,80,80,48,48,58,64,64,48,48,52,52,15,87,72,72,48,31,31,31,27,53,53,53,32,32,58,35,61,0],"items_purged":["Parasite","Strike_R","Strike_R"],"gold":36,"score":253,"play_id":"b85562e3-8b22-41ec-9112-1257a88cc3c0","local_time":"20180426204215","is_prod":false,"is_daily":false,"chose_seed":false,"is_ascension_mode":false,"campfire_upgraded":4,"timestamp":1524800535,"path_taken":["M","?","$","?","M","R","E","$","T","M","R","E","?","M","R","BOSS","M","$","?","?","?","R","M","R","T","?","?","?","R","M","R","BOSS"],"build_version":"2018-04-26","seed_source_timestamp":10006737523342,"purchased_purges":3,"victory":false,"master_deck":["Strike_R","Defend_R","Defend_R","Defend_R","Defend_R","Bash","Impervious","Shrug It Off","Bash","Inflame","Flame Barrier+1","Shockwave","Iron Wave","True Grit+1","Headbutt","Flex+1","Cleave","Barricade","Pommel Strike","True Grit+1","Flex","Flex+1","Evolve"],"max_hp_per_floor":[80,80,80,80,80,80,80,77,87,87,87,87,87,87,87,87,87,87,87,87,87,87,87,87,87,87,87,87,87,87,87,87,87],"relics":["Black Blood","Calipers","Pear","Dream Catcher","Bronze Scales"],"card_choices":[{"not_picked":["Heavy Blade","Sword Boomerang"],"picked":"Shrug It Off","floor":1},{"not_picked":["Blood for Blood","Pommel Strike"],"picked":"Flame Barrier","floor":5},{"not_picked":["Uppercut","Reckless Charge"],"picked":"Shockwave","floor":7},{"not_picked":["Warcry","Rupture"],"picked":"Headbutt","floor":12},{"not_picked":["Perfected Strike","Headbutt"],"picked":"Cleave","floor":14},{"not_picked":["Brutality","Feed"],"picked":"Barricade","floor":16},{"not_picked":["True Grit","Havoc"],"picked":"Pommel Strike","floor":18},{"not_picked":["Sentinel","Armaments"],"picked":"True Grit","floor":21},{"not_picked":["Warcry","Thunderclap"],"picked":"Flex","floor":24},{"not_picked":["Inflame","Rupture"],"picked":"Flex","floor":28}],"player_experience":44112,"potions_floor_usage":[12,16,21,33,33],"damage_taken":[{"damage":1,"enemies":"Cultist","floor":1,"turns":3},{"damage":0,"enemies":"Jaw Worm","floor":5,"turns":4},{"damage":38,"enemies":"Lagavulin","floor":7,"turns":10},{"damage":0,"enemies":"Small Slimes","floor":10,"turns":4},{"damage":22,"enemies":"Gremlin Nob","floor":12,"turns":7},{"damage":2,"enemies":"Looter","floor":14,"turns":4},{"damage":43,"enemies":"Slime Boss","floor":16,"turns":13},{"damage":25,"enemies":"3 Byrds","floor":18,"turns":8},{"damage":27,"enemies":"Shell Parasite","floor":21,"turns":10},{"damage":14,"enemies":"Centurion and Healer","floor":24,"turns":10},{"damage":31,"enemies":"Sentry and Sphere","floor":28,"turns":11},{"damage":33,"enemies":"Snake Plant","floor":31,"turns":6},{"damage":68,"enemies":"Collector","floor":33,"turns":7}],"event_choices":[{"event_name":"Match and Keep!","player_choice":"2 cards matched","floor":2,"damage_taken":0},{"event_name":"Match and Keep!","player_choice":"2 cards matched","floor":2,"damage_taken":0},{"event_name":"Wheel of Change","player_choice":"Gold","floor":4,"damage_taken":0},{"event_name":"Knowing Skull","player_choice":"GOLD GOLD ","floor":20,"damage_taken":0},{"event_name":"Ghosts","player_choice":"Ignored","floor":22,"damage_taken":0},{"event_name":"Beggar","player_choice":"Gave Gold","floor":27,"damage_taken":0}],"boss_relics":[{"not_picked":["Runic Dome","White Beast Statue"],"picked":"Black Blood"}],"potions_floor_spawned":[10,12,18,28,31],"seed_played":"8093809865271987504","killed_by":"Collector","ascension_level":0,"is_trial":false}