{"gold_per_floor":[116,128,144,162,179,179,209,225,225,225,236,236,249,305,305,409,409,425,425,437,437,192,222,235,235],"floor_reached":25,"playtime":2328,"items_purged":["Expertise+1"],"score":284,"play_id":"f56199a6-6ef2-4f20-b481-55df73ae88e7","local_time":"20190703163705","is_ascension_mode":true,"campfire_choices":[{"data":"Dagger Throw","floor":6,"key":"SMITH"},{"floor":10,"key":"REST"},{"floor":15,"key":"REST"}],"neow_cost":"NONE","seed_source_timestamp":1777563939833060,"circlet_count":0,"master_deck":["Strike_G","Strike_G","Strike_G","Defend_G","Defend_G","Defend_G","Defend_G","Survivor","Neutralize","Tools of the Trade+1","Die Die Die+1","Underhanded Strike","Dagger Throw+1","Tactician","Dash","PiercingWail","After Image","After Image","Leg Sweep","Dash","RitualDagger","Deflect+1"],"relics":["Astrolabe","Blue Candle","Question Card","Tiny Chest","Runic Pyramid","Membership Card","Mummified Hand"],"potions_floor_usage":[14,23,23,25,25],"damage_taken":[{"damage":0,"enemies":"2 Louse","floor":1,"turns":1},{"damage":0,"enemies":"Small Slimes","floor":2,"turns":2},{"damage":1,"enemies":"Jaw Worm","floor":3,"turns":2},{"damage":0,"enemies":"Exordium Wildlife","floor":4,"turns":2},{"damage":10,"enemies":"Exordium Thugs","floor":5,"turns":3},{"damage":14,"enemies":"3 Sentries","floor":7,"turns":8},{"damage":9,"enemies":"2 Fungi Beasts","floor":8,"turns":3},{"damage":8,"enemies":"Large Slime","floor":11,"turns":7},{"damage":0,"enemies":"Looter","floor":13,"turns":3},{"damage":27,"enemies":"Lagavulin","floor":14,"turns":6},{"damage":14,"enemies":"The Guardian","floor":16,"turns":11},{"damage":8,"enemies":"3 Byrds","floor":18,"turns":6},{"damage":6,"enemies":"Shell Parasite","floor":20,"turns":7},{"damage":12,"enemies":"Book of Stabbing","floor":23,"turns":9},{"damage":23,"enemies":"Cultist and Chosen","floor":24,"turns":10},{"damage":26,"enemies":"Gremlin Leader","floor":25,"turns":8}],"seed_played":"-2103515205875118738","potions_obtained":[{"floor":7,"key":"Dexterity Potion"},{"floor":8,"key":"Regen Potion"},{"floor":11,"key":"Block Potion"},{"floor":13,"key":"Swift Potion"},{"floor":16,"key":"Dexterity Potion"},{"floor":24,"key":"Poison Potion"}],"is_trial":false,"path_per_floor":["M","M","M","M","M","R","E","M","T","R","M","?","M","E","R","B",null,"M","?","M","?","$","E","M","E"],"character_chosen":"THE_SILENT","items_purchased":["Membership Card"],"campfire_rested":2,"item_purchase_floors":[22],"current_hp_per_floor":[70,70,69,69,59,59,45,36,36,57,49,49,49,22,43,29,70,62,62,56,50,50,38,15,0],"gold":235,"neow_bonus":"BOSS_RELIC","is_prod":false,"is_daily":false,"chose_seed":false,"campfire_upgraded":1,"win_rate":0,"timestamp":1562186225,"path_taken":["M","M","M","M","M","R","E","M","T","R","M","?","M","E","R","BOSS","M","?","M","?","$","E","M","E"],"build_version":"2019-07-01","purchased_purges":1,"victory":false,"max_hp_per_floor":[70,70,70,70,70,70,70,70,70,70,70,70,70,70,70,70,70,70,70,70,70,70,70,70,70],"card_choices":[{"not_picked":["PiercingWail","Dodge and Roll"],"picked":"Underhanded Strike","floor":1},{"not_picked":["Underhanded Strike","Dagger Spray","Choke"],"picked":"SKIP","floor":2},{"not_picked":["Eviscerate","Skewer"],"picked":"Dagger Throw","floor":3},{"not_picked":["Infinite Blades","Cloak And Dagger"],"picked":"Tactician","floor":4},{"not_picked":["Bane","Poisoned Stab"],"picked":"Dash","floor":5},{"not_picked":["Flechettes","Blade Dance"],"picked":"Well Laid Plans","floor":7},{"not_picked":["Heel Hook","Underhanded Strike"],"picked":"PiercingWail","floor":8},{"not_picked":["Dagger Throw","PiercingWail","Infinite Blades","Blade Dance"],"picked":"SKIP","floor":11},{"not_picked":["Slice","Well Laid Plans","Backflip"],"picked":"Grand Finale","floor":13},{"not_picked":["Crippling Poison","Prepared","Acrobatics"],"picked":"After Image","floor":14},{"not_picked":["Glass Knife","Unload","Grand Finale"],"picked":"After Image","floor":16},{"not_picked":["PiercingWail","All Out Attack+1","Masterful Stab","Bane+1"],"picked":"SKIP","floor":18},{"not_picked":["Prepared","Flying Knee+1","Backflip","Dagger Throw"],"picked":"SKIP","floor":20},{"not_picked":["Corpse Explosion","Setup+1","Predator","Tactician+1"],"picked":"SKIP","floor":23},{"not_picked":["Deadly Poison","Cloak And Dagger","Poisoned Stab"],"picked":"Deflect+1","floor":24}],"player_experience":347524,"relics_obtained":[{"floor":7,"key":"Blue Candle"},{"floor":9,"key":"Question Card"},{"floor":14,"key":"Tiny Chest"},{"floor":23,"key":"Mummified Hand"}],"event_choices":[{"damage_healed":0,"gold_gain":0,"player_choice":"Ignored","damage_taken":0,"max_hp_gain":0,"max_hp_loss":0,"event_name":"Liars Game","floor":12,"gold_loss":0},{"damage_healed":0,"gold_gain":0,"cards_transformed":["Well Laid Plans","Grand Finale"],"player_choice":"Became Test Subject","damage_taken":0,"max_hp_gain":0,"max_hp_loss":0,"event_name":"Drug Dealer","floor":19,"gold_loss":0,"cards_obtained":["Leg Sweep","Dash"]},{"damage_healed":0,"gold_gain":0,"player_choice":"Joined the Cult","damage_taken":6,"max_hp_gain":0,"max_hp_loss":0,"event_name":"Nest","floor":21,"gold_loss":0,"cards_obtained":["RitualDagger"]}],"is_beta":false,"boss_relics":[{"not_picked":["Eternal Feather","Cursed Key"],"picked":"Runic Pyramid"}],"items_purged_floors":[22],"is_endless":false,"potions_floor_spawned":[7,8,11,13,16,20,24],"killed_by":"Gremlin Leader","ascension_level":4}