{"gold_per_floor":[115,130,149,5,17,17,51,61,85,85,111,130,130,160,160,256,256,267,267,193,209,225,258,4,31,31,31,31,65,65,85,85,187,187,204,204,204,204,59,94,111,145,145,171,16,36,36,48,48,48],"floor_reached":51,"playtime":3364,"items_purged":["Strike_P"],"score":1251,"play_id":"f2eebe6f-72ce-40d6-b5cf-784ee88aba3f","local_time":"20191009132948","is_ascension_mode":true,"campfire_choices":[{"data":"Eruption","floor":6,"key":"SMITH"},{"data":"WreathOfFlame","floor":10,"key":"SMITH"},{"data":"Ragnarok","floor":13,"key":"SMITH"},{"floor":15,"key":"REST"},{"data":"Wallop","floor":28,"key":"SMITH"},{"data":"Devotion","floor":30,"key":"SMITH"},{"data":"BowlingBash","floor":32,"key":"SMITH"},{"data":"TalkToTheHand","floor":47,"key":"SMITH"},{"data":"Secret Weapon","floor":49,"key":"SMITH"}],"neow_cost":"NONE","seed_source_timestamp":185235026633300,"circlet_count":0,"master_deck":["Strike_P+1","Strike_P+1","Strike_P+1","Defend_P+1","Defend_P+1","Defend_P+1","Defend_P+1","Eruption+1","Vigilance","WreathOfFlame+1","MentalFortress","EmptyFist","BowlingBash+1","BattleHymn","Crescendo","Ragnarok+1","Protect","Devotion+1","InnerPeace+1","Wallop+1","FlyingSleeves+1","FearNoEvil+1","Halt","FlurryOfBlows+1","Omniscience","Sanctity+1","Secret Weapon+1","TalkToTheHand+1","Crescendo+1","EmptyBody"],"relics":["VioletLotus","Vajra","Bronze Scales","Art of War","MealTicket","Strawberry","Coffee Dripper","Anchor","MawBank","PreservedInsect","Regal Pillow","Happy Flower","Omamori","Cursed Key","Potion Belt","Blood Vial","Pear","Bag of Marbles","TeardropLocket","Dream Catcher","Akabeko"],"potions_floor_usage":[5,7,11,16,16,25,33,33,40,42,50,50,50],"damage_taken":[{"damage":0,"enemies":"Cultist","floor":1,"turns":3},{"damage":3,"enemies":"2 Louse","floor":2,"turns":4},{"damage":0,"enemies":"Small Slimes","floor":3,"turns":3},{"damage":17,"enemies":"3 Louse","floor":5,"turns":5},{"damage":11,"enemies":"Gremlin Nob","floor":7,"turns":4},{"damage":3,"enemies":"Exordium Wildlife","floor":8,"turns":3},{"damage":0,"enemies":"Lagavulin","floor":11,"turns":3},{"damage":0,"enemies":"Blue Slaver","floor":12,"turns":3},{"damage":19,"enemies":"Hexaghost","floor":16,"turns":4},{"damage":11,"enemies":"Spheric Guardian","floor":18,"turns":3},{"damage":0,"enemies":"2 Thieves","floor":21,"turns":2},{"damage":2,"enemies":"Chosen and Byrds","floor":22,"turns":4},{"damage":19,"enemies":"Slavers","floor":23,"turns":3},{"damage":0,"enemies":"Gremlin Leader","floor":25,"turns":4},{"damage":13,"enemies":"Slavers","floor":29,"turns":3},{"damage":0,"enemies":"Snecko","floor":31,"turns":2},{"damage":36,"enemies":"Collector","floor":33,"turns":4},{"damage":0,"enemies":"3 Darklings","floor":35,"turns":4},{"damage":0,"enemies":"Nemesis","floor":40,"turns":1},{"damage":0,"enemies":"3 Shapes","floor":41,"turns":4},{"damage":13,"enemies":"Reptomancer","floor":42,"turns":5},{"damage":11,"enemies":"Giant Head","floor":44,"turns":6},{"damage":0,"enemies":"3 Darklings","floor":46,"turns":1},{"damage":0,"enemies":"Jaw Worm Horde","floor":48,"turns":1},{"damage":53,"enemies":"Donu and Deca","floor":50,"turns":7}],"seed_played":"-3254195790780180212","potions_obtained":[{"floor":1,"key":"PowerPotion"},{"floor":3,"key":"SkillPotion"},{"floor":5,"key":"AttackPotion"},{"floor":7,"key":"AttackPotion"},{"floor":8,"key":"Swift Potion"},{"floor":12,"key":"Block Potion"},{"floor":21,"key":"Weak Potion"},{"floor":25,"key":"Block Potion"},{"floor":29,"key":"Strength Potion"},{"floor":33,"key":"SteroidPotion"},{"floor":40,"key":"Weak Potion"},{"floor":42,"key":"Dexterity Potion"},{"floor":44,"key":"Block Potion"},{"floor":46,"key":"Dexterity Potion"}],"is_trial":false,"path_per_floor":["M","M","M","$","M","R","E","M","T","R","E","M","R","?","R","B",null,"M","?","$","M","M","E","$","E","T","?","R","E","R","M","R","B",null,"M","?","?","T","$","E","M","E","T","E","$","M","R","M","R","B",null],"character_chosen":"WATCHER","items_purchased":["Vajra","Wallop","PreservedInsect","Halt","Blood Vial","Akabeko"],"campfire_rested":1,"item_purchase_floors":[4,20,24,24,39,45],"current_hp_per_floor":[65,62,62,62,45,45,34,31,31,31,31,31,31,38,61,42,70,59,59,74,74,72,53,68,68,68,68,68,55,55,55,55,19,64,64,64,64,64,79,89,89,76,76,67,82,84,84,86,86,35],"gold":48,"neow_bonus":"BOSS_RELIC","is_prod":false,"is_daily":false,"chose_seed":false,"campfire_upgraded":8,"win_rate":0,"timestamp":1570645788,"path_taken":["M","M","M","$","?","R","E","M","T","R","E","M","R","?","R","BOSS","M","?","$","M","?","E","$","E","T","?","R","E","R","M","R","BOSS","M","?","?","?","$","E","?","E","T","E","?","?","R","M","R","BOSS"],"build_version":"2019-10-08","purchased_purges":1,"victory":true,"max_hp_per_floor":[72,72,72,72,72,72,72,72,72,72,72,72,72,79,79,79,79,79,79,79,79,79,79,79,79,79,79,79,79,79,79,79,79,79,79,79,79,79,79,89,89,89,89,89,89,89,89,89,89,89],"card_choices":[{"not_picked":["ThirdEye","Sanctity"],"picked":"WreathOfFlame","floor":1},{"not_picked":["Halt","ForeignInfluence"],"picked":"MentalFortress","floor":2},{"not_picked":["Wireheading","ThirdEye"],"picked":"EmptyFist","floor":3},{"not_picked":["ReachHeaven","CutThroughFate"],"picked":"BowlingBash","floor":5},{"not_picked":["ConjureBlade","FollowUp"],"picked":"BattleHymn","floor":7},{"not_picked":["Flick","WaveOfTheHand"],"picked":"Crescendo","floor":8},{"not_picked":["Flick","BowlingBash"],"picked":"Ragnarok","floor":11},{"not_picked":["Flick","WreathOfFlame"],"picked":"Protect","floor":12},{"not_picked":["Brilliance","Discipline"],"picked":"Devotion","floor":16},{"not_picked":["Meditate+1","PathToVictory"],"picked":"InnerPeace+1","floor":18},{"not_picked":["WheelKick","PathToVictory+1","FollowUp+1"],"picked":"SKIP","floor":21},{"not_picked":["Vengeance","Crescendo"],"picked":"FlyingSleeves+1","floor":22},{"not_picked":["BowlingBash","Prostrate"],"picked":"FearNoEvil+1","floor":23},{"not_picked":["PathToVictory","ThirdEye"],"picked":"FlurryOfBlows+1","floor":25},{"not_picked":["Prostrate","Consecrate","PathToVictory"],"picked":"SKIP","floor":29},{"not_picked":["ReachHeaven","Nirvana","SignatureMove"],"picked":"SKIP","floor":31},{"not_picked":["Vault","Brilliance"],"picked":"Omniscience","floor":33},{"not_picked":["Crescendo+1","WindmillStrike"],"picked":"Sanctity+1","floor":35},{"not_picked":["Mind Blast","The Bomb"],"picked":"Secret Weapon","floor":37},{"not_picked":["Swivel+1","FearNoEvil+1","ThirdEye+1"],"picked":"SKIP","floor":40},{"not_picked":["JustLucky+1","ThirdEye","Crescendo+1"],"picked":"SKIP","floor":41},{"not_picked":["FlurryOfBlows","Prostrate"],"picked":"TalkToTheHand","floor":42},{"not_picked":["MasterReality","Halt+1"],"picked":"Crescendo+1","floor":44},{"not_picked":["Consecrate","CrushJoints"],"picked":"EmptyBody","floor":46},{"not_picked":["Sanctity+1","JustLucky","FlurryOfBlows"],"picked":"SKIP","floor":48}],"player_experience":430260,"relics_obtained":[{"floor":7,"key":"Bronze Scales"},{"floor":9,"key":"Art of War"},{"floor":11,"key":"MealTicket"},{"floor":23,"key":"MawBank"},{"floor":25,"key":"Regal Pillow"},{"floor":26,"key":"Happy Flower"},{"floor":29,"key":"Omamori"},{"floor":38,"key":"Potion Belt"},{"floor":40,"key":"Pear"},{"floor":42,"key":"Bag of Marbles"},{"floor":43,"key":"TeardropLocket"},{"floor":44,"key":"Dream Catcher"}],"event_choices":[{"damage_healed":0,"gold_gain":30,"player_choice":"Searched \u00272\u0027 times","damage_taken":0,"relics_obtained":["Strawberry"],"max_hp_gain":0,"max_hp_loss":0,"event_name":"Dead Adventurer","floor":14,"gold_loss":0},{"damage_healed":0,"gold_gain":0,"player_choice":"Gave Potion","damage_taken":0,"relics_obtained":["Anchor"],"max_hp_gain":0,"max_hp_loss":0,"event_name":"WeMeetAgain","floor":19,"gold_loss":0},{"damage_healed":0,"gold_gain":0,"player_choice":"Simplicity","damage_taken":0,"max_hp_gain":0,"max_hp_loss":0,"event_name":"Back to Basics","floor":27,"gold_loss":0,"cards_upgraded":["Strike_P","Strike_P","Strike_P","Defend_P","Defend_P","Defend_P","Defend_P"]},{"damage_healed":0,"gold_gain":0,"player_choice":"Ignored","damage_taken":0,"max_hp_gain":0,"max_hp_loss":0,"event_name":"Tomb of Lord Red Mask","floor":36,"gold_loss":0},{"damage_healed":0,"gold_gain":0,"player_choice":"Memory 1","damage_taken":0,"max_hp_gain":0,"max_hp_loss":0,"event_name":"SensoryStone","floor":37,"gold_loss":0}],"is_beta":true,"boss_relics":[{"not_picked":["Snecko Eye","Runic Dome"],"picked":"Coffee Dripper"},{"not_picked":["Philosopher\u0027s Stone","Pandora\u0027s Box"],"picked":"Cursed Key"}],"items_purged_floors":[24],"is_endless":false,"potions_floor_spawned":[1,3,5,7,8,12,21,25,29,33,40,42,44,46],"ascension_level":9}