{"gold_per_floor":[118,92,92,104,123,156,81,81,154,174,174,189,215,228,228,329,329],"floor_reached":17,"playtime":1164,"items_purged":["Regret"],"score":184,"play_id":"35739240-3003-4306-bc33-cf92306cb297","local_time":"20190629202216","is_ascension_mode":true,"campfire_choices":[{"floor":8,"key":"REST"},{"floor":11,"key":"REST"},{"data":"Capacitor","floor":15,"key":"SMITH"}],"neow_cost":"NONE","seed_source_timestamp":1446640631697228,"circlet_count":0,"master_deck":["Strike_B","Strike_B","Strike_B","Strike_B","Defend_B","Defend_B","Defend_B","Defend_B","Zap","Dualcast","Self Repair","Ball Lightning","Capacitor+1","Melter","Cold Snap","Glacier","White Noise","Chill","Echo Form"],"relics":["Cracked Core","Dream Catcher","Singing Bowl","Potion Belt"],"potions_floor_usage":[13,16],"damage_taken":[{"damage":2,"enemies":"Jaw Worm","floor":1,"turns":3},{"damage":5,"enemies":"Small Slimes","floor":4,"turns":4},{"damage":3,"enemies":"Cultist","floor":5,"turns":4},{"damage":51,"enemies":"3 Sentries","floor":6,"turns":6},{"damage":27,"enemies":"Exordium Wildlife","floor":10,"turns":4},{"damage":19,"enemies":"Exordium Thugs","floor":12,"turns":5},{"damage":8,"enemies":"Gremlin Nob","floor":13,"turns":4},{"damage":13,"enemies":"2 Fungi Beasts","floor":14,"turns":4},{"damage":46,"enemies":"Hexaghost","floor":16,"turns":13}],"seed_played":"8640037205600475274","potions_obtained":[{"floor":1,"key":"Ancient Potion"},{"floor":10,"key":"Block Potion"},{"floor":14,"key":"AttackPotion"},{"floor":16,"key":"Weak Potion"}],"is_trial":false,"path_per_floor":["M","$","?","M","M","E","$","R","T","M","R","M","E","M","R","B",null],"character_chosen":"DEFECT","items_purchased":["Ball Lightning"],"campfire_rested":2,"item_purchase_floors":[2],"current_hp_per_floor":[80,80,80,75,79,37,37,62,62,42,69,57,58,52,52,13,13],"gold":329,"neow_bonus":"TEN_PERCENT_HP_BONUS","is_prod":false,"is_daily":false,"chose_seed":false,"campfire_upgraded":1,"win_rate":0,"timestamp":1561854136,"path_taken":["M","$","?","M","M","E","$","R","T","M","R","M","E","M","R","BOSS"],"build_version":"2019-01-23","purchased_purges":1,"victory":false,"max_hp_per_floor":[82,82,82,82,82,84,84,84,84,84,86,86,88,88,88,88,88],"card_choices":[{"not_picked":["Streamline","Beam Cell"],"picked":"Self Repair","floor":1},{"not_picked":["Barrage","Ball Lightning"],"picked":"Capacitor","floor":4},{"not_picked":["Sweeping Beam","Darkness"],"picked":"Melter","floor":5},{"not_picked":["Self Repair","Tempest","Beam Cell"],"picked":"Singing Bowl","floor":6},{"not_picked":["Gash","Fusion"],"picked":"Cold Snap","floor":8},{"not_picked":["Chaos","Sunder"],"picked":"Glacier","floor":10},{"not_picked":["Ball Lightning","Steam","Turbo"],"picked":"Singing Bowl","floor":11},{"not_picked":["Redo","Heatsinks"],"picked":"White Noise","floor":12},{"not_picked":["Genetic Algorithm","Gash","Rainbow"],"picked":"Singing Bowl","floor":13},{"not_picked":["Gash","Stack"],"picked":"Chill","floor":14},{"not_picked":["Reboot","Seek"],"picked":"Echo Form","floor":16}],"player_experience":287785,"relics_obtained":[{"floor":6,"key":"Singing Bowl"},{"floor":13,"key":"Potion Belt"}],"event_choices":[{"damage_healed":0,"gold_gain":0,"player_choice":"Box","damage_taken":0,"relics_obtained":["Dream Catcher"],"max_hp_gain":0,"max_hp_loss":0,"event_name":"Big Fish","floor":3,"gold_loss":0,"cards_obtained":["Regret"]}],"is_beta":false,"boss_relics":[],"items_purged_floors":[7],"is_endless":false,"potions_floor_spawned":[1,10,14,16],"ascension_level":2}