{"gold_per_floor":[109,109,109,126,140,173,173,173],"floor_reached":8,"playtime":5046,"items_purged":[],"score":73,"play_id":"bd5c7c31-81af-4728-bc6f-b9ef94f423e5","local_time":"20190908214741","is_ascension_mode":true,"campfire_choices":[{"floor":7,"key":"REST"}],"neow_cost":"NONE","seed_source_timestamp":0,"circlet_count":0,"master_deck":["Strike_G","Strike_G","Strike_G","Strike_G","Strike_G","Defend_G","Defend_G","Defend_G","Defend_G","Defend_G","Survivor","Neutralize","Dagger Throw","Outmaneuver","Backstab","Deflect"],"special_seed":0,"relics":["Ring of the Snake","NeowsBlessing","Art of War"],"potions_floor_usage":[],"damage_taken":[{"damage":0.0,"enemies":"Jaw Worm","floor":1.0,"turns":1.0},{"damage":0.0,"enemies":"Small Slimes","floor":4.0,"turns":1.0},{"damage":0.0,"enemies":"Cultist","floor":5.0,"turns":1.0},{"damage":32.0,"enemies":"Gremlin Nob","floor":6.0,"turns":6.0},{"damage":71,"enemies":"Lagavulin","floor":8,"turns":11}],"seed_played":"-1647820313070233393","potions_obtained":[{"floor":4.0,"key":"Energy Potion"},{"floor":5.0,"key":"GhostInAJar"}],"is_trial":false,"path_per_floor":["M","?","?","M","M","E","R","E"],"character_chosen":"THE_SILENT","items_purchased":[],"campfire_rested":1,"item_purchase_floors":[],"current_hp_per_floor":[63,68,68,68,68,36,58,0],"gold":173,"neow_bonus":"THREE_ENEMY_KILL","is_prod":false,"is_daily":false,"chose_seed":false,"campfire_upgraded":0,"win_rate":0,"timestamp":1568004461,"path_taken":["M","?","?","?","M","E","R","E"],"build_version":"2019-07-17","purchased_purges":0,"victory":false,"max_hp_per_floor":[70,75,75,75,75,75,75,75],"card_choices":[{"not_picked":["Cloak And Dagger","Outmaneuver"],"picked":"Dagger Throw","floor":1.0},{"not_picked":["Catalyst","Blade Dance"],"picked":"Outmaneuver","floor":4.0},{"not_picked":["Dagger Spray","Sucker Punch"],"picked":"Backstab","floor":5.0},{"not_picked":["Backflip","Cloak And Dagger"],"picked":"Deflect","floor":6}],"player_experience":3231867,"relics_obtained":[{"floor":6,"key":"Art of War"}],"event_choices":[{"damage_healed":0.0,"max_hp_gain":5.0,"max_hp_loss":0.0,"gold_gain":0.0,"event_name":"Big Fish","player_choice":"Donut","floor":2.0,"gold_loss":0.0,"damage_taken":0.0},{"damage_healed":0.0,"max_hp_gain":0.0,"max_hp_loss":0.0,"gold_gain":0.0,"event_name":"Golden Idol","player_choice":"Ignored","floor":3.0,"gold_loss":0.0,"damage_taken":0.0}],"is_beta":false,"boss_relics":[],"items_purged_floors":[],"is_endless":false,"potions_floor_spawned":[4,5],"killed_by":"Lagavulin","ascension_level":6}