{"path_per_floor":["M","M","$","M","?","R","M","R","T","M","R","E","M","M","R","B",null,"M","?","$","M","?","R"],"character_chosen":"THE_SILENT","items_purchased":["Frozen Eye"],"gold_per_floor":[211,221,23,42,42,42,53,53,53,67,67,100,115,134,134,237,237,254,0,0,16,16,16,16],"floor_reached":24,"campfire_rested":1,"playtime":2023,"item_purchase_floors":[3],"current_hp_per_floor":[62,59,59,58,58,58,52,52,52,44,65,58,58,53,53,14,56,49,49,49,41,41,41,27],"items_purged":[],"gold":16,"score":257,"play_id":"1d016417-ee88-4974-b05a-a731d6a141f2","local_time":"20180528170736","is_prod":false,"is_daily":false,"chose_seed":false,"is_ascension_mode":true,"campfire_upgraded":4,"win_rate":0,"timestamp":1527552456,"campfire_choices":[{"data":"Neutralize","floor":6,"key":"SMITH"},{"data":"Outmaneuver","floor":8,"key":"SMITH"},{"floor":11,"key":"REST"},{"data":"Noxious Fumes","floor":15,"key":"SMITH"},{"data":"Footwork","floor":23,"key":"SMITH"}],"path_taken":["M","M","$","M","?","R","M","R","T","?","R","E","M","M","R","BOSS","M","?","$","M","?","R","M"],"build_version":"2018-05-24","seed_source_timestamp":18874961478208,"purchased_purges":0,"victory":false,"master_deck":["Defend_G","Defend_G","Defend_G","Defend_G","Defend_G","Strike_G","Strike_G","Strike_G","Strike_G","Survivor","Neutralize+1","Acrobatics","Prepared","Venomology+1","Outmaneuver+1","Noxious Fumes+1","Footwork+1","Backflip","Bouncing Flask","Burst","Backflip"],"max_hp_per_floor":[70,70,70,70,70,70,70,70,70,70,70,70,70,70,70,70,70,70,70,70,70,70,70,70],"relics":["Ring of the Snake","Frozen Eye","Ginger","Calipers","Lizard Tail"],"card_choices":[{"not_picked":["Slice","Prepared"],"picked":"Acrobatics","floor":1},{"not_picked":["Flechettes","Underhanded Strike"],"picked":"Prepared","floor":2},{"not_picked":["Predator","Outmaneuver"],"picked":"Venomology","floor":4},{"not_picked":["Dodge and Roll","Prepared"],"picked":"Outmaneuver","floor":7},{"not_picked":["Poisoned Stab","Bouncing Flask"],"picked":"Noxious Fumes","floor":10},{"not_picked":["All Out Attack","Outmaneuver"],"picked":"Footwork","floor":12},{"not_picked":["Deadly Poison","Dagger Throw"],"picked":"Backflip","floor":13},{"not_picked":["Sucker Punch","Outmaneuver"],"picked":"Bouncing Flask","floor":14},{"not_picked":["Night Terror","Envenom"],"picked":"Burst","floor":16},{"not_picked":["Dodge and Roll+1","Cloak And Dagger"],"picked":"Backflip","floor":18},{"not_picked":["Dagger Spray+1","Poisoned Stab+1","Calculated Gamble+1"],"picked":"SKIP","floor":21}],"player_experience":445805,"potions_floor_usage":[7,10,12,12,16,16,16,18,18,21,21,24],"damage_taken":[{"damage":1,"enemies":"Cultist","floor":1,"turns":4},{"damage":3,"enemies":"2 Louse","floor":2,"turns":3},{"damage":1,"enemies":"Jaw Worm","floor":4,"turns":5},{"damage":6,"enemies":"Looter","floor":7,"turns":3},{"damage":8,"enemies":"3 Louse","floor":10,"turns":5},{"damage":7,"enemies":"3 Sentries","floor":12,"turns":10},{"damage":0,"enemies":"Red Slaver","floor":13,"turns":5},{"damage":5,"enemies":"Gremlin Gang","floor":14,"turns":6},{"damage":74,"enemies":"Slime Boss","floor":16,"turns":13},{"damage":7,"enemies":"Spheric Guardian","floor":18,"turns":5},{"damage":8,"enemies":"3 Byrds","floor":21,"turns":5},{"damage":53,"enemies":"Slaver and Parasite","floor":24,"turns":4}],"relics_obtained":[{"floor":9,"key":"Ginger"},{"floor":12,"key":"Calipers"}],"event_choices":[{"event_name":"Upgrade Shrine","player_choice":"Upgraded","floor":5,"damage_taken":0},{"event_name":"Masked Bandits","player_choice":"Paid Bandits 254 gold","floor":19,"damage_taken":0},{"event_name":"Wheel of Change","player_choice":"Card Removal","floor":22,"damage_taken":0}],"boss_relics":[{"not_picked":["Pandora\u0027s Box","Runic Dome"],"picked":"Lizard Tail"}],"items_purged_floors":[],"potions_floor_spawned":[2,10,16,18,21],"seed_played":"-8909968056830259471","killed_by":"Slaver and Parasite","ascension_level":6,"potions_obtained":[{"floor":2,"key":"Fire Potion"},{"floor":10,"key":"PowerPotion"},{"floor":16,"key":"AttackPotion"},{"floor":18,"key":"GamblersBrew"},{"floor":21,"key":"SkillPotion"}],"is_trial":false}