{"path_per_floor":["M","$","M","M","?","R","M","M","T","M","$","R","T","M","R","B",null,"M","?","M","?","M","R","E","R","T","M","R","M","R","M","R","B",null,"M","?","?","M","?"],"character_chosen":"THE_SILENT","items_purchased":["Sucker Punch","Well Laid Plans"],"gold_per_floor":[113,15,26,36,36,36,60,76,76,95,24,24,51,69,69,193,193,218,143,158,158,179,179,223,223,272,295,295,311,311,324,324,450,450,471,471,471,495,495,495],"floor_reached":40,"campfire_rested":0,"playtime":3321,"current_hp_per_floor":[66,66,66,65,48,48,46,40,40,40,40,40,40,40,40,33,70,70,70,70,70,70,70,64,70,70,68,70,70,70,70,70,30,70,68,68,68,19,10,0],"items_purged":["Strike_G"],"gold":495,"score":420,"play_id":"2b72d7d9-05b7-451e-898f-eea9271b8bcc","local_time":"20180523191620","is_prod":false,"is_daily":false,"chose_seed":false,"is_ascension_mode":true,"campfire_upgraded":8,"timestamp":1527128180,"campfire_choices":[{"data":"Sucker Punch","floor":6,"key":"SMITH"},{"data":"Bouncing Flask","floor":12,"key":"SMITH"},{"data":"Poisoned Stab","floor":15,"key":"SMITH"},{"data":"Footwork","floor":23,"key":"SMITH"},{"data":"Tools of the Trade","floor":25,"key":"SMITH"},{"data":"Well Laid Plans","floor":28,"key":"SMITH"},{"data":"Deflect","floor":30,"key":"SMITH"},{"data":"Survivor","floor":32,"key":"SMITH"}],"path_taken":["M","$","M","M","?","R","M","?","T","M","?","R","?","M","R","BOSS","M","?","M","?","M","R","E","R","T","M","R","M","R","M","R","BOSS","M","?","?","?","?","E"],"build_version":"2018-05-17","seed_source_timestamp":3708632833298,"purchased_purges":1,"victory":false,"master_deck":["Defend_G","Defend_G","Defend_G","Defend_G","Strike_G","Strike_G","Strike_G","Survivor+1","Neutralize+1","Flying Knee","Sucker Punch+1","Dagger Throw","Bouncing Flask+1","Poisoned Stab+1","Well Laid Plans+1","Tools of the Trade+1","Blur+1","Prepared+1","Footwork+1","Deflect+1","After Image","Outmaneuver+1","Backflip+1","Madness","Madness"],"max_hp_per_floor":[70,70,70,70,70,70,70,70,70,70,70,70,70,70,70,70,70,70,70,70,70,70,70,70,70,70,70,70,70,70,70,70,70,70,70,70,70,70,70,70],"relics":["Ring of the Snake","Golden Idol","Mercury Hourglass","Ancient Tea Set","Eternal Feather","Mummified Hand","Omamori","Sozu"],"card_choices":[{"not_picked":["Deflect","Poisoned Stab"],"picked":"Flying Knee","floor":1},{"not_picked":["Poisoned Stab","PiercingWail","Sucker Punch"],"picked":"SKIP","floor":3},{"not_picked":["Bane","Calculated Gamble","Choke"],"picked":"SKIP","floor":4},{"not_picked":["Flying Knee","Terror"],"picked":"Dagger Throw","floor":7},{"not_picked":["Glass Knife","Underhanded Strike"],"picked":"Bouncing Flask","floor":8},{"not_picked":["Acrobatics","Expertise"],"picked":"Poisoned Stab","floor":10},{"not_picked":["Dagger Spray","Finisher","Poisoned Stab"],"picked":"SKIP","floor":14},{"not_picked":["Venomology","A Thousand Cuts"],"picked":"Tools of the Trade","floor":16},{"not_picked":["PiercingWail+1","Backflip"],"picked":"Blur+1","floor":18},{"not_picked":["Blade Dance+1","Sucker Punch"],"picked":"Prepared+1","floor":20},{"not_picked":["Acrobatics+1","Quick Slash"],"picked":"Deflect","floor":22},{"not_picked":["Glass Knife","Bouncing Flask"],"picked":"After Image","floor":24},{"not_picked":["Predator+1","Cloak And Dagger+1","Dodge and Roll+1"],"picked":"SKIP","floor":27},{"not_picked":["Setup+1","Quick Slash","PiercingWail"],"picked":"SKIP","floor":29},{"not_picked":["Expertise","Calculated Gamble"],"picked":"Outmaneuver+1","floor":31},{"not_picked":["Endless Agony","Sucker Punch+1","Crippling Poison+1"],"picked":"SKIP","floor":35},{"not_picked":["Masterful Stab+1","Deadly Poison"],"picked":"Backflip+1","floor":38}],"player_experience":315005,"potions_floor_usage":[18,18,20,24,31,33,33],"damage_taken":[{"damage":4,"enemies":"Cultist","floor":1,"turns":5},{"damage":0,"enemies":"Jaw Worm","floor":3,"turns":4},{"damage":1,"enemies":"2 Louse","floor":4,"turns":3},{"damage":2,"enemies":"Looter","floor":7,"turns":3},{"damage":6,"enemies":"Exordium Wildlife","floor":8,"turns":6},{"damage":0,"enemies":"3 Louse","floor":10,"turns":3},{"damage":0,"enemies":"2 Fungi Beasts","floor":14,"turns":2},{"damage":7,"enemies":"Slime Boss","floor":16,"turns":5},{"damage":0,"enemies":"Spheric Guardian","floor":18,"turns":3},{"damage":0,"enemies":"3 Byrds","floor":20,"turns":3},{"damage":0,"enemies":"Snecko","floor":22,"turns":5},{"damage":6,"enemies":"Slavers","floor":24,"turns":7},{"damage":2,"enemies":"Snake Plant","floor":27,"turns":3},{"damage":0,"enemies":"Cultist and Chosen","floor":29,"turns":7},{"damage":0,"enemies":"Snecko","floor":31,"turns":4},{"damage":40,"enemies":"Automaton","floor":33,"turns":13},{"damage":2,"enemies":"3 Shapes","floor":35,"turns":6},{"damage":49,"enemies":"3 Darklings","floor":38,"turns":9},{"damage":29,"enemies":"Giant Head","floor":40,"turns":11}],"relics_obtained":[{"floor":9,"key":"Mercury Hourglass"},{"floor":13,"key":"Ancient Tea Set"},{"floor":24,"key":"Mummified Hand"},{"floor":26,"key":"Omamori"}],"event_choices":[{"event_name":"Golden Idol","player_choice":"Take Damage","floor":5,"damage_taken":0},{"event_name":"Beggar","player_choice":"Gave Gold","floor":19,"damage_taken":0},{"event_name":"The Library","player_choice":"Read","floor":21,"damage_taken":0},{"event_name":"The Lab","player_choice":"Got Potions","floor":37,"damage_taken":0},{"event_name":"Winding Halls","player_choice":"Embrace Madness","floor":39,"damage_taken":0}],"boss_relics":[{"not_picked":["Ectoplasm","Pandora\u0027s Box"],"picked":"Eternal Feather"},{"not_picked":["Velvet Choker","Runic Dome"],"picked":"Sozu"}],"potions_floor_spawned":[4,8,16,18,22,29,31,38],"seed_played":"2752804782949743786","killed_by":"Giant Head","ascension_level":1,"potions_obtained":[{"floor":4,"key":"Energy Potion"},{"floor":8,"key":"Fire Potion"},{"floor":16,"key":"AttackPotion"},{"floor":18,"key":"Swift Potion"},{"floor":22,"key":"GhostInAJar"},{"floor":29,"key":"Swift Potion"},{"floor":31,"key":"SkillPotion"}],"is_trial":false}