{"gold_per_floor":[113,113,63,73,91,91,91,123,150,161,71,71,96,108,108,210,210,220,250,260,279,378,392,424,424,424,424,449,459,459,490,490,589,589,603,229,242,287,304,304,332,352,352,352,362,362,376,387,387,387],"floor_reached":51,"playtime":16568,"items_purged":["Strike_R"],"score":784,"play_id":"e5b4e419-8741-421d-899d-c0817b36967b","local_time":"20190803173606","is_ascension_mode":true,"campfire_choices":[{"data":"Metallicize","floor":6.0,"key":"SMITH"},{"data":"Uppercut","floor":12.0,"key":"SMITH"},{"data":"Seeing Red","floor":15.0,"key":"SMITH"},{"floor":25,"key":"REST"},{"floor":27,"key":"REST"},{"floor":30,"key":"REST"},{"data":"Demon Form","floor":32,"key":"SMITH"},{"data":"Disarm","floor":40,"key":"SMITH"},{"data":"Armaments","floor":44,"key":"SMITH"},{"data":"Heavy Blade","floor":46,"key":"SMITH"},{"data":"Bash","floor":49,"key":"SMITH"}],"neow_cost":"NONE","seed_source_timestamp":414015137425919,"circlet_count":0,"master_deck":["Strike_R","Strike_R","Strike_R","Defend_R","Defend_R","Defend_R","Defend_R","Bash+1","Disarm+1","Feel No Pain","Metallicize+1","Flame Barrier","Cleave","Flex","Uppercut+1","Rampage","Seeing Red+1","Demon Form+1","Flex+1","Body Slam","Evolve+1","Clash","Battle Trance","Armaments","Flex","Uppercut+1","Whirlwind","Feed","Dropkick","Reaper","Clothesline+1","Infernal Blade","Iron Wave","Mayhem","Infernal Blade","Perfected Strike","Armaments+1","Warcry+1","Heavy Blade+1","Whirlwind"],"special_seed":0,"relics":["Burning Blood","Orichalcum","Dream Catcher","Red Skull","Juzu Bracelet","Centennial Puzzle","Sozu","Red Mask","Bird Faced Urn","Boot","Strawberry","Gambling Chip","Coffee Dripper","Ginger","Meat on the Bone","Bottled Tornado"],"potions_floor_usage":[24,31,42],"damage_taken":[{"damage":0.0,"enemies":"2 Louse","floor":1.0,"turns":3.0},{"damage":6.0,"enemies":"Small Slimes","floor":4.0,"turns":6.0},{"damage":6.0,"enemies":"Jaw Worm","floor":5.0,"turns":5.0},{"damage":17.0,"enemies":"3 Sentries","floor":8.0,"turns":15.0},{"damage":10.0,"enemies":"3 Louse","floor":10.0,"turns":7.0},{"damage":6.0,"enemies":"Gremlin Nob","floor":13.0,"turns":5.0},{"damage":0.0,"enemies":"Lots of Slimes","floor":14.0,"turns":3.0},{"damage":8.0,"enemies":"Hexaghost","floor":16.0,"turns":11.0},{"damage":13.0,"enemies":"Spheric Guardian","floor":18.0,"turns":5.0},{"damage":25.0,"enemies":"Masked Bandits","floor":19.0,"turns":5.0},{"damage":12.0,"enemies":"3 Byrds","floor":20.0,"turns":5.0},{"damage":11,"enemies":"Snake Plant","floor":21,"turns":5},{"damage":3,"enemies":"Snecko","floor":23,"turns":5},{"damage":35,"enemies":"Gremlin Leader","floor":24,"turns":6},{"damage":39,"enemies":"Slavers","floor":28,"turns":6},{"damage":1,"enemies":"Cultist and Chosen","floor":29,"turns":5},{"damage":31,"enemies":"Gremlin Leader","floor":31,"turns":6},{"damage":55,"enemies":"Automaton","floor":33,"turns":7},{"damage":21,"enemies":"3 Shapes","floor":35,"turns":7},{"damage":27,"enemies":"3 Darklings","floor":37,"turns":8},{"damage":46,"enemies":"2 Orb Walkers","floor":38,"turns":4},{"damage":40,"enemies":"4 Shapes","floor":39,"turns":6},{"damage":25,"enemies":"Reptomancer","floor":41,"turns":7},{"damage":30,"enemies":"Spire Growth","floor":42,"turns":5},{"damage":34,"enemies":"Sphere and 2 Shapes","floor":45,"turns":5},{"damage":12,"enemies":"Maw","floor":47,"turns":5},{"damage":27,"enemies":"4 Shapes","floor":48,"turns":4},{"damage":80,"enemies":"Time Eater","floor":50,"turns":8}],"seed_played":"1906095486281840931","potions_obtained":[{"floor":1.0,"key":"Explosive Potion"},{"floor":5.0,"key":"Block Potion"},{"floor":14.0,"key":"Regen Potion"}],"is_trial":false,"path_per_floor":["M","?","?","M","M","R","?","E","T","M","$","R","E","M","R","B",null,"M","?","M","M","?","M","E","R","T","R","E","M","R","E","R","B",null,"M","$","M","?","M","R","E","M","T","R","M","R","M","M","R","B",null],"character_chosen":"IRONCLAD","items_purchased":["Flex","Uppercut","Infernal Blade","Iron Wave","Mayhem"],"campfire_rested":3,"item_purchase_floors":[11,11,36,36,36],"current_hp_per_floor":[80,80,80,80,80,80,73,62,62,58,58,58,58,64,64,62,80,73,54,48,43,43,46,17,41,41,65,43,52,78,61,61,18,87,81,81,90,54,77,77,69,84,84,84,87,87,87,96,96,69],"gold":387,"neow_bonus":"RANDOM_COMMON_RELIC","is_prod":false,"is_daily":false,"chose_seed":false,"campfire_upgraded":8,"win_rate":0,"timestamp":1564878966,"path_taken":["M","?","?","M","M","R","?","E","T","M","$","R","E","M","R","BOSS","M","?","M","M","?","M","E","R","T","R","E","M","R","E","R","BOSS","M","$","M","?","M","R","E","M","T","R","M","R","M","M","R","BOSS"],"build_version":"2019-07-17","purchased_purges":1,"victory":true,"max_hp_per_floor":[80,80,80,80,80,80,80,80,80,80,80,80,80,80,80,80,80,80,80,80,80,80,80,80,80,80,80,87,87,87,87,87,87,87,90,90,90,90,93,93,96,96,96,96,96,96,96,99,99,99],"card_choices":[{"not_picked":["Searing Blow","Thunderclap"],"picked":"Disarm","floor":1.0},{"not_picked":["Body Slam","True Grit"],"picked":"Feel No Pain","floor":4.0},{"not_picked":["Sentinel","Whirlwind"],"picked":"Metallicize","floor":5.0},{"not_picked":["Anger","Seeing Red"],"picked":"Flame Barrier","floor":8.0},{"not_picked":["Clash","Wild Strike"],"picked":"Cleave","floor":10.0},{"not_picked":["Uppercut","Thunderclap"],"picked":"Rampage","floor":13.0},{"not_picked":["Cleave","Second Wind"],"picked":"Seeing Red","floor":14.0},{"not_picked":["Fiend Fire","Offering"],"picked":"Demon Form","floor":16.0},{"not_picked":["Anger+1","Perfected Strike+1"],"picked":"Flex+1","floor":18.0},{"not_picked":["Flex","Havoc+1"],"picked":"Body Slam","floor":19.0},{"not_picked":["Perfected Strike","Headbutt+1"],"picked":"Evolve+1","floor":20.0},{"not_picked":["Exhume","Wild Strike+1"],"picked":"Clash","floor":21},{"not_picked":["Clash","Headbutt"],"picked":"Battle Trance","floor":23},{"not_picked":["Wild Strike","Headbutt"],"picked":"Armaments","floor":24},{"not_picked":["Thunderclap","Cleave"],"picked":"Flex","floor":25},{"not_picked":["Headbutt+1","Sentinel"],"picked":"Uppercut+1","floor":27},{"not_picked":["Rage","Entrench","Hemokinesis"],"picked":"SKIP","floor":28},{"not_picked":["Rupture","True Grit"],"picked":"Whirlwind","floor":29},{"not_picked":["Carnage","Feel No Pain"],"picked":"Feed","floor":30},{"not_picked":["Combust","Spot Weakness"],"picked":"Dropkick","floor":31},{"not_picked":["Fiend Fire","Barricade"],"picked":"Reaper","floor":33},{"not_picked":["Hemokinesis","Flex"],"picked":"Clothesline+1","floor":35},{"not_picked":["Evolve","Flex"],"picked":"Infernal Blade","floor":37},{"not_picked":["Feel No Pain","Clash"],"picked":"Perfected Strike","floor":38},{"not_picked":["Warcry","Hemokinesis+1"],"picked":"Armaments","floor":39},{"not_picked":["Wild Strike","Carnage","Feed"],"picked":"SKIP","floor":41},{"not_picked":["Armaments+1","Thunderclap"],"picked":"Warcry+1","floor":42},{"not_picked":["True Grit+1","Clothesline"],"picked":"Heavy Blade","floor":45},{"not_picked":["Rampage+1","Headbutt+1","Bloodletting+1"],"picked":"SKIP","floor":47},{"not_picked":["Whirlwind","Feel No Pain","Rupture+1"],"picked":"SKIP","floor":48},{"not_picked":["Feel No Pain","Rupture+1"],"picked":"Whirlwind","floor":48}],"player_experience":2498868,"relics_obtained":[{"floor":8.0,"key":"Red Skull"},{"floor":9.0,"key":"Juzu Bracelet"},{"floor":13.0,"key":"Centennial Puzzle"},{"floor":19.0,"key":"Red Mask"},{"floor":24,"key":"Bird Faced Urn"},{"floor":26,"key":"Boot"},{"floor":28,"key":"Strawberry"},{"floor":31,"key":"Gambling Chip"},{"floor":38,"key":"Ginger"},{"floor":41,"key":"Meat on the Bone"},{"floor":43,"key":"Bottled Tornado"}],"event_choices":[{"damage_healed":0.0,"max_hp_gain":0.0,"max_hp_loss":0.0,"gold_gain":0.0,"event_name":"Liars Game","player_choice":"Ignored","floor":2.0,"gold_loss":0.0,"damage_taken":0.0},{"cards_removed":["Strike_R"],"damage_healed":0.0,"max_hp_gain":0.0,"max_hp_loss":0.0,"gold_gain":0.0,"event_name":"The Cleric","player_choice":"Card Removal","floor":3.0,"gold_loss":50.0,"damage_taken":0.0},{"damage_healed":0.0,"max_hp_gain":0.0,"max_hp_loss":0.0,"gold_gain":0.0,"event_name":"Scrap Ooze","player_choice":"Success","floor":7.0,"gold_loss":0.0,"damage_taken":7.0,"relics_obtained":["Dream Catcher"]},{"damage_healed":0.0,"max_hp_gain":0.0,"max_hp_loss":0.0,"gold_gain":0.0,"event_name":"Masked Bandits","player_choice":"Fought Bandits","floor":19.0,"gold_loss":0.0,"damage_taken":0.0},{"damage_healed":0,"gold_gain":99,"player_choice":"Stole From Cult","damage_taken":0,"max_hp_gain":0,"max_hp_loss":0,"event_name":"Nest","floor":22,"gold_loss":0},{"damage_healed":0,"gold_gain":0,"player_choice":"Fight","damage_taken":0,"max_hp_gain":0,"max_hp_loss":0,"event_name":"Mysterious Sphere","floor":38,"gold_loss":0}],"is_beta":false,"boss_relics":[{"not_picked":["Empty Cage","Lizard Tail"],"picked":"Sozu"},{"not_picked":["Calling Bell","White Beast Statue"],"picked":"Coffee Dripper"}],"items_purged_floors":[36],"is_endless":false,"potions_floor_spawned":[1,5,14,16,19,23,24,29,39,41,45,48],"ascension_level":1}