{"path_per_floor":["M","?","M","M","M","R","E","R","T","M","R","E","?","M","R","B",null,"M","M","?"],"character_chosen":"THE_SILENT","items_purchased":[],"gold_per_floor":[117,192,204,223,237,237,267,267,340,360,360,389,389,408,408,510,510,523,536,536,536],"floor_reached":21,"campfire_rested":1,"playtime":1938,"current_hp_per_floor":[67,56,54,52,52,52,39,39,39,39,39,12,12,12,33,26,70,70,68,55,55],"items_purged":[],"gold":536,"score":201,"play_id":"bb483135-290d-47a6-b042-3e6c37491709","local_time":"20180521200208","is_prod":false,"is_daily":false,"chose_seed":false,"is_ascension_mode":true,"campfire_upgraded":3,"timestamp":1526958128,"campfire_choices":[{"data":"Neutralize","floor":6,"key":"SMITH"},{"data":"Cloak And Dagger","floor":8,"key":"SMITH"},{"data":"Accuracy","floor":11,"key":"SMITH"},{"floor":15,"key":"REST"}],"path_taken":["M","?","M","M","M","R","E","R","T","M","R","E","?","M","R","BOSS","M","M","?","M"],"build_version":"2018-05-17","seed_source_timestamp":6818832536396,"purchased_purges":0,"victory":false,"master_deck":["Defend_G","Defend_G","Defend_G","Defend_G","Defend_G","Strike_G","Strike_G","Strike_G","Strike_G","Survivor","Neutralize+1","Cloak And Dagger+1","Sucker Punch","Leg Sweep","Backflip","Accuracy+1","Heel Hook","Dodge and Roll","Tools of the Trade","Backflip"],"max_hp_per_floor":[70,70,70,70,70,70,70,70,70,70,70,70,70,70,70,70,70,70,70,75,75],"relics":["Ring of the Snake","Shovel","Mummified Hand","Bronze Scales","Lizard Tail"],"card_choices":[{"not_picked":["Flying Knee","Heel Hook"],"picked":"Cloak And Dagger","floor":0},{"not_picked":["Skewer","Setup","Heel Hook"],"picked":"SKIP","floor":1},{"not_picked":["Underhanded Strike","Prepared"],"picked":"Sucker Punch","floor":3},{"not_picked":["Dagger Spray","Masterful Stab"],"picked":"Leg Sweep","floor":4},{"not_picked":["Acrobatics","Deadly Poison"],"picked":"Backflip","floor":5},{"not_picked":["Accuracy","Slice","Bane"],"picked":"SKIP","floor":7},{"not_picked":["Slice","Bane"],"picked":"Accuracy","floor":7},{"not_picked":["Poisoned Stab","Bane"],"picked":"Heel Hook","floor":10},{"not_picked":["Poisoned Stab","Eviscerate"],"picked":"Dodge and Roll","floor":12},{"not_picked":["Malaise","Quick Slash","Blade Dance"],"picked":"SKIP","floor":14},{"not_picked":["Glass Knife","Phantasmal Killer"],"picked":"Tools of the Trade","floor":16},{"not_picked":["Dagger Throw","Flying Knee"],"picked":"Backflip","floor":18},{"not_picked":["Backflip","Eviscerate","Heel Hook"],"picked":"SKIP","floor":19}],"player_experience":278831,"potions_floor_usage":[5,12,12,16],"damage_taken":[{"damage":3,"enemies":"Cultist","floor":1,"turns":5},{"damage":2,"enemies":"Small Slimes","floor":3,"turns":5},{"damage":2,"enemies":"Jaw Worm","floor":4,"turns":5},{"damage":0,"enemies":"Gremlin Gang","floor":5,"turns":3},{"damage":13,"enemies":"3 Sentries","floor":7,"turns":14},{"damage":0,"enemies":"2 Fungi Beasts","floor":10,"turns":4},{"damage":27,"enemies":"Gremlin Nob","floor":12,"turns":5},{"damage":0,"enemies":"Blue Slaver","floor":14,"turns":5},{"damage":7,"enemies":"The Guardian","floor":16,"turns":15},{"damage":0,"enemies":"Shell Parasite","floor":18,"turns":7},{"damage":2,"enemies":"Chosen","floor":19,"turns":7},{"damage":0,"enemies":"3 Cultists","floor":21,"turns":1}],"relics_obtained":[{"floor":7,"key":"Shovel"},{"floor":9,"key":"Mummified Hand"},{"floor":12,"key":"Bronze Scales"}],"event_choices":[{"event_name":"World of Goop","player_choice":"Gather Gold","floor":2,"damage_taken":0},{"event_name":"Bonfire Elementals","player_choice":"BASIC","floor":13,"damage_taken":0},{"event_name":"Forgotten Altar","player_choice":"Shed Blood","floor":20,"damage_taken":0}],"boss_relics":[{"not_picked":["Ectoplasm","Velvet Choker"],"picked":"Lizard Tail"}],"potions_floor_spawned":[1,4,10,14,18,19],"seed_played":"-6755412277532635938","killed_by":"3 Cultists","ascension_level":1,"potions_obtained":[{"floor":1,"key":"Explosive Potion"},{"floor":4,"key":"Energy Potion"},{"floor":10,"key":"Weak Potion"},{"floor":14,"key":"EssenceOfSteel"},{"floor":18,"key":"Dexterity Potion"},{"floor":19,"key":"Poison Potion"}],"is_trial":false}