{"gold_per_floor":[116,66,78,98,109,134,134,162,162,162,180,180,210,147,147,249,249,263,263,245,214,229,229,261,261,340,46,46,59,59,69,69,69],"floor_reached":33,"playtime":1344,"items_purged":[],"score":314,"play_id":"1f8dc194-d67a-4ce7-a056-2141612547d5","local_time":"20190627130204","is_ascension_mode":true,"campfire_choices":[{"floor":7,"key":"REST"},{"floor":10,"key":"REST"},{"floor":12,"key":"DIG"},{"floor":15,"key":"REST"},{"floor":23,"key":"DIG"},{"floor":25,"key":"DIG"},{"floor":28,"key":"DIG"},{"floor":32,"key":"DIG"}],"neow_cost":"NONE","seed_source_timestamp":1247250904496802,"circlet_count":0,"master_deck":["Strike_B","Strike_B","Strike_B","Defend_B","Defend_B","Defend_B","Defend_B","Zap","Dualcast","Ball Lightning","Capacitor","Defragment+1","Coolheaded","Glacier","Tempest","Storm+1","Machine Learning+1","Glacier","Skim+1","Storm+1","Chill","Loop+1","Capacitor+1","Creative AI+1","Self Repair+1"],"relics":["Cracked Core","NeowsBlessing","The Courier","Shovel","Frozen Egg 2","Pen Nib","Nuclear Battery","Smiling Mask","Shuriken","Strawberry","Meat on the Bone","Matryoshka","Toxic Egg 2"],"potions_floor_usage":[11,13,16,16,22,33,33],"damage_taken":[{"damage":0,"enemies":"Small Slimes","floor":1,"turns":1},{"damage":0,"enemies":"2 Louse","floor":3,"turns":1},{"damage":0,"enemies":"Cultist","floor":4,"turns":1},{"damage":21,"enemies":"3 Louse","floor":5,"turns":3},{"damage":34,"enemies":"3 Sentries","floor":6,"turns":6},{"damage":34,"enemies":"Gremlin Nob","floor":8,"turns":4},{"damage":19,"enemies":"Lots of Slimes","floor":11,"turns":4},{"damage":7,"enemies":"3 Sentries","floor":13,"turns":8},{"damage":1,"enemies":"Slime Boss","floor":16,"turns":9},{"damage":6,"enemies":"Spheric Guardian","floor":18,"turns":3},{"damage":14,"enemies":"2 Thieves","floor":20,"turns":4},{"damage":6,"enemies":"Snecko","floor":22,"turns":4},{"damage":47,"enemies":"Slavers","floor":24,"turns":8},{"damage":16,"enemies":"Snake Plant","floor":29,"turns":3},{"damage":3,"enemies":"3 Cultists","floor":31,"turns":3},{"damage":33,"enemies":"Collector","floor":33,"turns":3}],"seed_played":"4077019380590310548","potions_obtained":[{"floor":3,"key":"Dexterity Potion"},{"floor":8,"key":"SkillPotion"},{"floor":11,"key":"FocusPotion"},{"floor":13,"key":"Poison Potion"},{"floor":20,"key":"Regen Potion"},{"floor":24,"key":"Dexterity Potion"},{"floor":31,"key":"AttackPotion"}],"is_trial":false,"path_per_floor":["M","?","M","M","M","E","R","E","T","R","M","R","E","$","R","B",null,"M","?","M","$","M","R","E","R","T","$","R","M","$","M","R","B"],"character_chosen":"DEFECT","items_purchased":["Storm+1","Storm+1","Loop+1","Capacitor+1","Creative AI+1","Self Repair+1"],"campfire_rested":3,"item_purchase_floors":[14,21,27,27,27,27],"current_hp_per_floor":[75,75,75,75,54,20,42,8,8,30,11,11,4,4,26,25,75,69,69,55,55,61,61,14,21,21,21,21,17,17,26,26,0],"gold":69,"neow_bonus":"THREE_ENEMY_KILL","is_prod":false,"is_daily":false,"chose_seed":false,"campfire_upgraded":0,"win_rate":0,"timestamp":1561654924,"path_taken":["M","?","M","M","M","E","R","E","T","R","M","R","E","$","R","BOSS","M","?","M","$","M","R","E","R","T","$","R","?","$","M","R","BOSS"],"build_version":"2019-01-23","purchased_purges":0,"victory":false,"max_hp_per_floor":[75,75,75,75,75,75,75,75,75,75,75,75,75,75,75,75,75,75,75,75,75,75,75,75,82,82,82,82,82,82,82,82,82],"card_choices":[{"not_picked":["Gash","Cold Snap"],"picked":"Ball Lightning","floor":1},{"not_picked":["Self Repair","Sweeping Beam"],"picked":"Capacitor","floor":3},{"not_picked":["Redo","Recycle"],"picked":"Defragment","floor":4},{"not_picked":["Sunder","Reinforced Body"],"picked":"Coolheaded","floor":5},{"not_picked":["Steam","Rebound","Sweeping Beam"],"picked":"SKIP","floor":6},{"not_picked":["Barrage","Conserve Battery","Hologram"],"picked":"SKIP","floor":8},{"not_picked":["Go for the Eyes","Consume"],"picked":"Glacier","floor":11},{"not_picked":["Streamline","Multi-Cast"],"picked":"Tempest","floor":13},{"not_picked":["Meteor Strike","Multi-Cast"],"picked":"Machine Learning+1","floor":16},{"not_picked":["Hologram","Sunder"],"picked":"Glacier","floor":18},{"not_picked":["Reprogram","Sweeping Beam"],"picked":"Skim+1","floor":20},{"not_picked":["Cold Snap+1","Compile Driver","Hologram+1"],"picked":"SKIP","floor":22},{"not_picked":["Sunder","Compile Driver+1"],"picked":"Chill","floor":24},{"not_picked":["Cold Snap","Streamline","Hologram"],"picked":"SKIP","floor":29},{"not_picked":["Sweeping Beam","Compile Driver","Force Field"],"picked":"SKIP","floor":31}],"player_experience":234989,"relics_obtained":[{"floor":6,"key":"The Courier"},{"floor":8,"key":"Shovel"},{"floor":12,"key":"Frozen Egg 2"},{"floor":13,"key":"Pen Nib"},{"floor":23,"key":"Smiling Mask"},{"floor":24,"key":"Shuriken"},{"floor":25,"key":"Strawberry"},{"floor":26,"key":"Meat on the Bone"},{"floor":28,"key":"Matryoshka"},{"floor":32,"key":"Toxic Egg 2"}],"event_choices":[{"cards_removed":["Strike_B"],"damage_healed":0,"gold_gain":0,"player_choice":"Card Removal","damage_taken":0,"max_hp_gain":0,"max_hp_loss":0,"event_name":"The Cleric","floor":2,"gold_loss":50},{"damage_healed":0,"gold_gain":0,"player_choice":"Forge","damage_taken":0,"max_hp_gain":0,"max_hp_loss":0,"event_name":"Accursed Blacksmith","floor":19,"gold_loss":0,"cards_upgraded":["Defragment"]}],"is_beta":false,"boss_relics":[{"not_picked":["Busted Crown","Ectoplasm"],"picked":"Nuclear Battery"}],"items_purged_floors":[],"is_endless":false,"potions_floor_spawned":[3,8,11,13,20,24,31],"killed_by":"Collector","ascension_level":2}