{"gold_per_floor":[119,137,62,62,137,168,168,186,186,186,12,12,65,85,85,180,180,190,208,208,224,239,268,268,294,294,327,161,161,177,177,177,274,274,292,292,142,152,169,169,88,119,143,365,365,382,382,412,424,436],"floor_reached":51,"playtime":5292,"items_purged":["Defend_B","Defend_B","Ball Lightning","Dualcast"],"score":941,"play_id":"7764b074-66f3-4b01-998b-7008389c1c3b","local_time":"20180921232448","is_ascension_mode":false,"campfire_choices":[{"floor":7,"key":"REST"},{"floor":10,"key":"REST"},{"data":"Defragment","floor":15,"key":"SMITH"},{"data":"Blizzard","floor":24,"key":"SMITH"},{"data":"Capacitor","floor":32,"key":"SMITH"},{"data":"Coolheaded","floor":40,"key":"SMITH"},{"data":"Coolheaded","floor":45,"key":"SMITH"},{"data":"Skim","floor":47,"key":"SMITH"},{"data":"Go for the Eyes","floor":49,"key":"SMITH"}],"neow_cost":"","seed_source_timestamp":543686202434594,"circlet_count":0,"master_deck":["Blizzard+1","Coolheaded+1","Coolheaded+1","Defragment+1","Cold Snap","Go for the Eyes+1","Steam","Skim+1","Chill","Gash","Redo+1","Chill","Capacitor+1","Defragment+1","Chill+1"],"relics":["Cracked Core","Mummified Hand","Pantograph","Lantern","Centennial Puzzle","Pandora\u0027s Box","Juzu Bracelet","Art of War","Vajra","Red Mask","Frozen Egg 2","Coffee Dripper","Pen Nib","Happy Flower","MawBank"],"potions_floor_usage":[16,25,33,39],"damage_taken":[{"damage":10,"enemies":"Small Slimes","floor":1,"turns":4},{"damage":1,"enemies":"Cultist","floor":2,"turns":3},{"damage":40,"enemies":"3 Sentries","floor":6,"turns":9},{"damage":1,"enemies":"Jaw Worm","floor":8,"turns":4},{"damage":2,"enemies":"3 Louse","floor":14,"turns":3},{"damage":6,"enemies":"Hexaghost","floor":16,"turns":12},{"damage":0,"enemies":"3 Byrds","floor":18,"turns":4},{"damage":12,"enemies":"2 Thieves","floor":19,"turns":3},{"damage":0,"enemies":"3 Cultists","floor":21,"turns":4},{"damage":3,"enemies":"Snecko","floor":22,"turns":5},{"damage":0,"enemies":"Book of Stabbing","floor":23,"turns":6},{"damage":13,"enemies":"Slavers","floor":25,"turns":3},{"damage":2,"enemies":"Masked Bandits","floor":27,"turns":4},{"damage":0,"enemies":"Centurion and Healer","floor":30,"turns":6},{"damage":0,"enemies":"Collector","floor":33,"turns":8},{"damage":6,"enemies":"3 Darklings","floor":35,"turns":3},{"damage":0,"enemies":"3 Shapes","floor":38,"turns":3},{"damage":0,"enemies":"Transient","floor":39,"turns":5},{"damage":25,"enemies":"2 Orb Walkers","floor":42,"turns":7},{"damage":2,"enemies":"Reptomancer","floor":46,"turns":3},{"damage":0,"enemies":"Nemesis","floor":48,"turns":5},{"damage":0,"enemies":"Donu and Deca","floor":50,"turns":5}],"seed_played":"4586250332810408601","potions_obtained":[{"floor":1,"key":"AttackPotion"},{"floor":8,"key":"FocusPotion"},{"floor":19,"key":"Weak Potion"},{"floor":25,"key":"SteroidPotion"},{"floor":30,"key":"Regen Potion"},{"floor":33,"key":"FocusPotion"},{"floor":38,"key":"Dexterity Potion"},{"floor":46,"key":"Strength Potion"}],"is_trial":false,"path_per_floor":["M","M","$","?","?","E","R","M","T","R","$","?","T","M","R","B",null,"M","M","?","M","M","E","R","E","T","?","$","T","M","?","R","B",null,"M","?","$","M","M","R","$","E","T","?","R","M","R","E","R","B"],"character_chosen":"DEFECT","items_purchased":["Defragment","Capacitor","Defragment+1"],"campfire_rested":2,"item_purchase_floors":[11,28,41],"current_hp_per_floor":[65,64,64,64,57,17,39,38,38,60,60,45,45,43,43,62,75,75,63,63,63,60,60,60,47,47,45,45,45,45,31,31,71,80,74,74,74,74,74,74,74,49,49,49,49,47,47,47,47,72],"gold":448,"neow_bonus":"","is_prod":false,"is_daily":false,"chose_seed":false,"campfire_upgraded":7,"win_rate":0.0,"timestamp":1537586688,"path_taken":["M","M","$","?","?","E","R","?","T","R","$","?","?","M","R","BOSS","M","M","?","M","M","E","R","E","T","?","$","?","M","?","R","BOSS","M","?","$","M","M","R","$","E","T","?","R","M","R","E","R","BOSS"],"build_version":"2018-09-20","purchased_purges":4,"victory":true,"max_hp_per_floor":[75,75,75,75,75,75,75,75,75,75,75,75,75,75,75,75,75,75,75,75,75,75,75,75,75,75,75,75,75,75,80,80,80,80,80,80,80,80,80,80,80,80,80,80,80,80,80,80,80,80],"card_choices":[{"not_picked":["FTL","Glacier"],"picked":"Blizzard","floor":1},{"not_picked":["FTL","Reinforced Body"],"picked":"Coolheaded","floor":2},{"not_picked":["Go for the Eyes","Steam Power"],"picked":"Hello World","floor":6},{"not_picked":["Conserve Battery","Stack"],"picked":"Coolheaded","floor":8},{"not_picked":["Consume","Go for the Eyes"],"picked":"Cold Snap","floor":14},{"not_picked":["Conserve Battery","Barrage+1"],"picked":"Redo+1","floor":18},{"not_picked":["Storm","Leap","Skim"],"picked":"SKIP","floor":19},{"not_picked":["Chaos","Barrage","Genetic Algorithm"],"picked":"SKIP","floor":21},{"not_picked":["Sweeping Beam","Go for the Eyes"],"picked":"Chill","floor":22},{"not_picked":["Storm","Steam","Melter"],"picked":"SKIP","floor":23},{"not_picked":["Compile Driver","Barrage","Skim"],"picked":"SKIP","floor":25},{"not_picked":["Doom and Gloom","Stack","Seek"],"picked":"SKIP","floor":30},{"not_picked":["Force Field","Streamline+1","Ball Lightning"],"picked":"SKIP","floor":35},{"not_picked":["Steam+1","Hologram","Glacier"],"picked":"SKIP","floor":38},{"not_picked":["Chill","Heatsinks+1","Genetic Algorithm"],"picked":"SKIP","floor":39},{"not_picked":["Gash","Go for the Eyes+1","Sweeping Beam"],"picked":"SKIP","floor":42},{"not_picked":["Leap+1","Barrage"],"picked":"Chill+1","floor":46},{"not_picked":["Steam","Leap","Compile Driver+1"],"picked":"SKIP","floor":48}],"player_experience":122026,"relics_obtained":[{"floor":6,"key":"Pantograph"},{"floor":9,"key":"Lantern"},{"floor":13,"key":"Centennial Puzzle"},{"floor":23,"key":"Juzu Bracelet"},{"floor":25,"key":"Art of War"},{"floor":26,"key":"Vajra"},{"floor":27,"key":"Red Mask"},{"floor":29,"key":"Frozen Egg 2"},{"floor":42,"key":"Pen Nib"},{"floor":43,"key":"Happy Flower"},{"floor":48,"key":"MawBank"}],"event_choices":[{"event_name":"WeMeetAgain","player_choice":"Potion","floor":4,"damage_taken":0},{"event_name":"FaceTrader","player_choice":"Touch","floor":5,"damage_taken":0},{"event_name":"Shining Light","player_choice":"Entered Light","floor":12,"damage_taken":0},{"event_name":"Bonfire Elementals","player_choice":"BASIC","floor":20,"damage_taken":0},{"event_name":"Masked Bandits","player_choice":"Fought Bandits","floor":27,"damage_taken":0},{"event_name":"Forgotten Altar","player_choice":"Shed Blood","floor":31,"damage_taken":0},{"event_name":"Falling","player_choice":"Removed Power","floor":36,"damage_taken":0},{"event_name":"Tomb of Lord Red Mask","player_choice":"Wore Mask","floor":44,"damage_taken":0}],"is_beta":false,"boss_relics":[{"not_picked":["Black Star","Ectoplasm"],"picked":"Pandora\u0027s Box"},{"not_picked":["Fusion Hammer","White Beast Statue"],"picked":"Coffee Dripper"}],"items_purged_floors":[3,11,28,37],"is_endless":false,"potions_floor_spawned":[1,8,19,25,30,33,38,46],"ascension_level":0}