{"path_per_floor":["M","?","$","$","M","R","M","M","T","R","?","M","R","M","R","B",null,"M","?","?","?","M","R","M","M","T","R"],"character_chosen":"THE_SILENT","items_purchased":["Predator"],"gold_per_floor":[112,112,37,2,18,18,37,53,53,53,53,72,72,84,84,188,188,200,200,200,200,185,185,198,216,263,263,263],"floor_reached":28,"campfire_rested":0,"playtime":1949,"current_hp_per_floor":[70,70,70,70,70,70,70,70,70,70,58,58,58,58,58,38,70,47,47,47,47,34,40,40,33,33,41,0],"items_purged":["Strike_G"],"gold":263,"score":210,"play_id":"34b2a115-c72d-4968-b761-1636eec215cc","local_time":"20180520140026","is_prod":false,"is_daily":false,"chose_seed":false,"is_ascension_mode":false,"campfire_upgraded":6,"timestamp":1526850026,"campfire_choices":[{"data":"Backflip","floor":6,"key":"SMITH"},{"data":"Blur","floor":10,"key":"SMITH"},{"data":"Sucker Punch","floor":13,"key":"SMITH"},{"data":"Poisoned Stab","floor":15,"key":"SMITH"},{"data":"Survivor","floor":23,"key":"SMITH"},{"data":"Phantasmal Killer","floor":27,"key":"SMITH"}],"path_taken":["M","?","?","$","M","R","M","M","T","R","?","M","R","M","R","BOSS","M","?","?","?","M","R","?","M","T","R","M"],"build_version":"2018-05-17","seed_source_timestamp":48114581525360,"purchased_purges":1,"victory":false,"master_deck":["Defend_G+1","Defend_G+1","Defend_G+1","Defend_G+1","Defend_G+1","Strike_G+1","Strike_G+1","Strike_G+1","Survivor+1","Neutralize","Backflip+1","Flying Knee","Predator","Blur+1","Sucker Punch+1","Prepared","Poisoned Stab+1","Phantasmal Killer+1","Backflip+1","Deadly Poison"],"max_hp_per_floor":[70,70,70,70,70,70,70,70,70,70,70,70,70,70,70,70,70,70,70,70,70,70,70,70,70,70,70,70],"relics":["Ring of the Snake","Toolbox","Matryoshka","Eternal Feather","Happy Flower","Bronze Scales"],"card_choices":[{"not_picked":["Dodge and Roll","Prepared"],"picked":"Backflip","floor":0},{"not_picked":["Deflect","Prepared"],"picked":"Flying Knee","floor":1},{"not_picked":["Eviscerate","Endless Agony","Setup"],"picked":"SKIP","floor":5},{"not_picked":["Dagger Spray","Prepared"],"picked":"Blur","floor":7},{"not_picked":["Glass Knife","Blade Dance"],"picked":"Sucker Punch","floor":8},{"not_picked":["PiercingWail","Backstab"],"picked":"Prepared","floor":12},{"not_picked":["Flying Knee","Backflip"],"picked":"Poisoned Stab","floor":14},{"not_picked":["Grand Finale","Wraith Form v2"],"picked":"Phantasmal Killer","floor":16},{"not_picked":["Terror","Outmaneuver","Prepared"],"picked":"SKIP","floor":18},{"not_picked":["Dagger Spray","Underhanded Strike","Concentrate"],"picked":"SKIP","floor":22},{"not_picked":["Infinite Blades","Sucker Punch"],"picked":"Deadly Poison","floor":24},{"not_picked":["Poisoned Stab","Dash+1","Quick Slash+1"],"picked":"SKIP","floor":25}],"player_experience":252002,"potions_floor_usage":[16,16,18],"damage_taken":[{"damage":0,"enemies":"2 Louse","floor":1,"turns":3},{"damage":0,"enemies":"Cultist","floor":5,"turns":3},{"damage":0,"enemies":"Jaw Worm","floor":7,"turns":3},{"damage":0,"enemies":"Exordium Thugs","floor":8,"turns":6},{"damage":0,"enemies":"Looter","floor":12,"turns":4},{"damage":0,"enemies":"Exordium Wildlife","floor":14,"turns":4},{"damage":20,"enemies":"Hexaghost","floor":16,"turns":15},{"damage":23,"enemies":"Spheric Guardian","floor":18,"turns":10},{"damage":13,"enemies":"2 Thieves","floor":22,"turns":4},{"damage":0,"enemies":"Centurion and Healer","floor":24,"turns":11},{"damage":7,"enemies":"Slaver and Parasite","floor":25,"turns":10},{"damage":45,"enemies":"Cultist and Chosen","floor":28,"turns":5}],"relics_obtained":[{"floor":9,"key":"Toolbox"},{"floor":26,"key":"Happy Flower"},{"floor":26,"key":"Bronze Scales"}],"event_choices":[{"event_name":"Purifier","player_choice":"One Purge","floor":2,"damage_taken":0},{"event_name":"Scrap Ooze","player_choice":"success","floor":11,"damage_taken":12},{"event_name":"The Mausoleum","player_choice":"No","floor":19,"damage_taken":0},{"event_name":"Back to Basics","player_choice":"Simplicity","floor":20,"damage_taken":0},{"event_name":"Duplicator","player_choice":"One dupe","floor":21,"damage_taken":0}],"boss_relics":[{"not_picked":["Philosopher\u0027s Stone","Cursed Key"],"picked":"Eternal Feather"}],"potions_floor_spawned":[1,8,12,14,22],"seed_played":"5275255779941003841","killed_by":"Cultist and Chosen","ascension_level":0,"potions_obtained":[{"floor":1,"key":"GamblersBrew"},{"floor":8,"key":"PowerPotion"},{"floor":12,"key":"SkillPotion"},{"floor":22,"key":"Regen Potion"}],"is_trial":false}