{"gold_per_floor":[109,123,137,137,137,166,166,194,194,194,217,228,247,247,247,349,399,411,336,336,351,266,266,293,293,293,141,141,141,175,187,199,307,319,342,371,483,259,277,277,277],"floor_reached":41,"playtime":12665,"items_purged":[],"score":591,"play_id":"5de29bbf-b23d-499c-88aa-bc135f3cf329","local_time":"20190909211054","is_ascension_mode":true,"campfire_choices":[{"floor":7.0,"key":"REST"},{"floor":10.0,"key":"REST"},{"floor":15,"key":"REST"},{"floor":23,"key":"REST"},{"floor":25,"key":"REST"},{"data":"Burst","floor":29,"key":"SMITH"},{"data":"Concentrate","floor":32,"key":"SMITH"},{"floor":40,"key":"REST"}],"neow_cost":"NONE","seed_source_timestamp":0,"circlet_count":0,"master_deck":["Defend_G+1","Defend_G","Defend_G","Defend_G","Defend_G","Survivor","Neutralize","Well Laid Plans","Sucker Punch","Quick Slash","Dash","Leg Sweep","Noxious Fumes+1","Calculated Gamble","Escape Plan","Corpse Explosion","Masterful Stab","Concentrate+1","Storm of Steel","Reflex+1","Burst+1","Noxious Fumes+1","Bite","Bite","Bite","Bite","Bite","Adrenaline","Tactician","Backstab+1","Noxious Fumes+1","Footwork+1","Deadly Poison","Tactician+1"],"special_seed":0,"relics":["Ring of the Snake","NeowsBlessing","Frozen Egg 2","Pocketwatch","Mummified Hand","Odd Mushroom","Sundial","Tiny House","Singing Bowl","Du-Vu Doll","Letter Opener","MawBank","Sozu","Torii","PreservedInsect"],"potions_floor_usage":[24,30,30,30,30,33,39],"damage_taken":[{"damage":0.0,"enemies":"Cultist","floor":1.0,"turns":1.0},{"damage":0.0,"enemies":"2 Louse","floor":2.0,"turns":1.0},{"damage":0.0,"enemies":"Small Slimes","floor":3.0,"turns":1.0},{"damage":56.0,"enemies":"Lagavulin","floor":6.0,"turns":9.0},{"damage":10.0,"enemies":"3 Sentries","floor":8.0,"turns":7.0},{"damage":9.0,"enemies":"The Mushroom Lair","floor":11.0,"turns":6.0},{"damage":0,"enemies":"Red Slaver","floor":12,"turns":4},{"damage":0,"enemies":"Looter","floor":13,"turns":3},{"damage":14,"enemies":"The Guardian","floor":16,"turns":11},{"damage":0,"enemies":"Shell Parasite","floor":18,"turns":5},{"damage":6,"enemies":"2 Thieves","floor":21,"turns":3},{"damage":21,"enemies":"Book of Stabbing","floor":24,"turns":8},{"damage":25,"enemies":"Slavers","floor":30,"turns":5},{"damage":41,"enemies":"Automaton","floor":33,"turns":11},{"damage":1,"enemies":"Orb Walker","floor":35,"turns":4},{"damage":0,"enemies":"3 Shapes","floor":36,"turns":5},{"damage":16,"enemies":"Mind Bloom Boss Battle","floor":37,"turns":8},{"damage":59,"enemies":"Transient","floor":39,"turns":5},{"damage":36,"enemies":"Nemesis","floor":41,"turns":7}],"seed_played":"-1735795019866560089","potions_obtained":[{"floor":2.0,"key":"Weak Potion"},{"floor":3.0,"key":"Explosive Potion"},{"floor":8.0,"key":"EntropicBrew"},{"floor":17,"key":"SkillPotion"},{"floor":24,"key":"Poison Potion"}],"is_trial":false,"path_per_floor":["M","M","M","?","?","E","R","E","T","R","?","M","M","T","R","B",null,"M","?","?","M","?","R","E","R","T","$","?","R","E","?","R","B",null,"M","M","?","$","M","R","E"],"character_chosen":"THE_SILENT","items_purchased":["Burst","Footwork+1","PreservedInsect","Deadly Poison"],"campfire_rested":6,"item_purchase_floors":[27,38,38,38],"current_hp_per_floor":[63,63,63,56,61,5,27,17,17,39,30,30,30,30,52,38,71,71,71,71,65,65,80,61,82,82,82,82,82,57,57,57,20,48,57,57,51,51,2,19,0],"gold":277,"neow_bonus":"THREE_ENEMY_KILL","is_prod":false,"is_daily":false,"chose_seed":false,"campfire_upgraded":2,"win_rate":0,"timestamp":1568088654,"path_taken":["M","?","M","?","?","E","R","E","T","R","?","M","M","?","R","BOSS","M","?","?","?","?","R","E","R","T","$","?","R","E","?","R","BOSS","M","M","?","$","M","R","E"],"build_version":"2019-07-17","purchased_purges":0,"victory":false,"max_hp_per_floor":[70,70,70,70,75,75,75,75,75,75,75,75,75,75,75,75,80,80,80,80,80,80,80,82,82,82,82,82,82,82,57,57,57,57,57,57,57,57,57,57,57],"card_choices":[{"not_picked":["Bane","Calculated Gamble"],"picked":"Well Laid Plans","floor":1.0},{"not_picked":["Crippling Poison","Acrobatics"],"picked":"Sucker Punch","floor":2.0},{"not_picked":["Poisoned Stab","Calculated Gamble"],"picked":"Quick Slash","floor":3.0},{"not_picked":["Dagger Spray","Expertise"],"picked":"Dash","floor":6.0},{"not_picked":["Catalyst","Deadly Poison"],"picked":"Leg Sweep","floor":8.0},{"not_picked":["Prepared","Poisoned Stab"],"picked":"Noxious Fumes+1","floor":11.0},{"not_picked":["Eviscerate","Prepared"],"picked":"Calculated Gamble","floor":12},{"not_picked":["Prepared","Calculated Gamble"],"picked":"Escape Plan","floor":13},{"not_picked":["Phantasmal Killer","Unload"],"picked":"Corpse Explosion","floor":16},{"not_picked":["Dagger Spray","Outmaneuver"],"picked":"Masterful Stab","floor":17},{"not_picked":["Cloak And Dagger+1","Bane"],"picked":"Concentrate","floor":18},{"not_picked":["Flying Knee","Infinite Blades+1"],"picked":"Reflex+1","floor":21},{"not_picked":["Cloak And Dagger","Leg Sweep+1","Distraction"],"picked":"Singing Bowl","floor":24},{"not_picked":["Deadly Poison","Eviscerate+1"],"picked":"Noxious Fumes+1","floor":30},{"not_picked":["Phantasmal Killer","Glass Knife"],"picked":"Adrenaline","floor":33},{"not_picked":["Acrobatics","PiercingWail+1"],"picked":"Tactician","floor":35},{"not_picked":["Masterful Stab+1","Blur+1"],"picked":"Backstab+1","floor":36},{"not_picked":["Skewer+1","Bane+1"],"picked":"Noxious Fumes+1","floor":37},{"not_picked":["Cloak And Dagger","Blade Dance+1"],"picked":"Tactician+1","floor":39}],"player_experience":3236913,"relics_obtained":[{"floor":6.0,"key":"Frozen Egg 2"},{"floor":8.0,"key":"Pocketwatch"},{"floor":9.0,"key":"Mummified Hand"},{"floor":11.0,"key":"Odd Mushroom"},{"floor":14,"key":"Sundial"},{"floor":24,"key":"Du-Vu Doll"},{"floor":26,"key":"Letter Opener"},{"floor":30,"key":"MawBank"},{"floor":37,"key":"Torii"}],"event_choices":[{"cards_removed":["Strike_G"],"damage_healed":0.0,"max_hp_gain":0.0,"max_hp_loss":0.0,"gold_gain":0.0,"event_name":"Golden Wing","player_choice":"Card Removal","floor":4.0,"gold_loss":0.0,"damage_taken":7.0},{"damage_healed":0.0,"max_hp_gain":5.0,"max_hp_loss":0.0,"gold_gain":0.0,"event_name":"Big Fish","player_choice":"Donut","floor":5.0,"gold_loss":0.0,"damage_taken":0.0},{"damage_healed":0.0,"max_hp_gain":0.0,"max_hp_loss":0.0,"gold_gain":0.0,"event_name":"Mushrooms","player_choice":"Fought Mushrooms","floor":11.0,"gold_loss":0.0,"damage_taken":0.0},{"cards_removed":["Strike_G"],"damage_healed":0,"gold_gain":0,"player_choice":"Gave Gold","damage_taken":0,"max_hp_gain":0,"max_hp_loss":0,"event_name":"Beggar","floor":19,"gold_loss":75},{"damage_healed":0,"gold_gain":0,"player_choice":"1 cards matched","damage_taken":0,"max_hp_gain":0,"max_hp_loss":0,"event_name":"Match and Keep!","floor":20,"gold_loss":0,"cards_obtained":["Storm of Steel"]},{"damage_healed":0,"gold_gain":0,"player_choice":"Obtained Relic","damage_taken":0,"relics_obtained":["Singing Bowl"],"max_hp_gain":0,"max_hp_loss":0,"event_name":"Addict","floor":22,"gold_loss":85},{"damage_healed":0,"gold_gain":0,"player_choice":"Ignored","damage_taken":0,"max_hp_gain":0,"max_hp_loss":0,"event_name":"Cursed Tome","floor":28,"gold_loss":0},{"damage_healed":0,"gold_gain":0,"player_choice":"Became a vampire","damage_taken":0,"max_hp_gain":0,"max_hp_loss":25,"event_name":"Vampires","floor":31,"gold_loss":0,"cards_obtained":["Bite","Bite","Bite","Bite","Bite"]},{"damage_healed":0,"gold_gain":0,"player_choice":"Fight","damage_taken":0,"max_hp_gain":0,"max_hp_loss":0,"event_name":"MindBloom","floor":37,"gold_loss":0}],"is_beta":false,"boss_relics":[{"not_picked":["Busted Crown","Runic Dome"],"picked":"Tiny House"},{"not_picked":["Pandora\u0027s Box","Eternal Feather"],"picked":"Sozu"}],"items_purged_floors":[],"is_endless":false,"potions_floor_spawned":[2,3,8,24,35,36],"killed_by":"Nemesis","ascension_level":6}