{"path_per_floor":["M","M","?","$","?","E","M","R","T","$","M","$","?","E","R","B",null,"M","M","?","?"],"character_chosen":"THE_SILENT","items_purchased":["Footwork","Blur","Noxious Fumes"],"gold_per_floor":[110,128,128,13,13,38,52,52,352,172,184,114,114,150,150,269,269,282,296,296,211],"floor_reached":22,"campfire_rested":2,"playtime":1955,"current_hp_per_floor":[69,68,68,68,68,4,4,25,25,25,21,21,21,21,40,32,65,62,23,23,23],"items_purged":["Strike_G","Strike_G"],"gold":211,"score":217,"play_id":"1ad216fe-84e8-4578-a801-b543c6044f5a","local_time":"20180309201430","is_prod":false,"is_daily":false,"is_ascension_mode":false,"campfire_upgraded":0,"timestamp":1520644470,"path_taken":["M","M","?","$","?","E","?","R","T","$","M","?","?","E","R","BOSS","M","?","?","?","M"],"build_version":"2018-03-09","purchased_purges":2,"victory":false,"master_deck":["Defend_G","Defend_G","Defend_G","Defend_G","Defend_G","Strike_G","Strike_G","Survivor","Neutralize","Blur","Footwork","Prepared","Blur","Noxious Fumes+1","Catalyst","Prepared+1"],"max_hp_per_floor":[70,70,70,70,70,70,70,70,70,70,70,70,65,65,65,65,65,65,65,65,65],"relics":["Ring of the Snake","Frozen Egg 2","Old Coin","Golden Idol","Bag of Preparation","Black Star","Lantern"],"card_choices":[{"not_picked":["Heel Hook","Finisher"],"picked":"Blur"},{"not_picked":["Endless Agony","Flechettes"],"picked":"Prepared"},{"not_picked":["Accuracy","Prepared"],"picked":"Catalyst"},{"not_picked":["Outmaneuver","Acrobatics"],"picked":"Prepared"}],"player_experience":65795,"potions_floor_usage":[6,7,16],"damage_taken":[{"damage":1,"enemies":"Jaw Worm","floor":1,"turns":8},{"damage":1,"enemies":"Cultist","floor":2,"turns":7},{"damage":64,"enemies":"Gremlin Nob","floor":6,"turns":7},{"damage":0,"enemies":"Small Slimes","floor":7,"turns":3},{"damage":4,"enemies":"2 Fungi Beasts","floor":11,"turns":9},{"damage":0,"enemies":"Lagavulin","floor":14,"turns":12},{"damage":8,"enemies":"Hexaghost","floor":16,"turns":13},{"damage":3,"enemies":"Spheric Guardian","floor":18,"turns":7},{"damage":39,"enemies":"3 Byrds","floor":19,"turns":7},{"damage":23,"enemies":"3 Cultists","floor":22,"turns":6}],"event_choices":[{"event_name":"The Lab","player_choice":"Got Potions","floor":3,"damage_taken":0},{"event_name":"The Cleric","player_choice":"Leave","floor":5,"damage_taken":0},{"event_name":"Golden Idol","player_choice":"Lose Max HP","floor":13,"damage_taken":0},{"event_name":"Back to Basics","player_choice":"Elegance","floor":20,"damage_taken":0},{"event_name":"Addict","player_choice":"Obtained Relic","floor":21,"damage_taken":0}],"boss_relics":[{"not_picked":["Astrolabe","Lizard Tail"],"picked":"Black Star"}],"potions_floor_spawned":[1,2,6,11],"seed_played":"7066114434201351407","killed_by":"3 Cultists","ascension_level":0,"is_trial":false}