{"gold_per_floor":[119,119,138,138,152,152,193,193,193,68,116,144,180,180,180,304,304,319,319,69,69,69,69],"floor_reached":23,"playtime":1153,"items_purged":[],"score":212,"play_id":"3f2f1fd1-2376-4d9b-9c73-036c2f29a4f6","local_time":"20190805220744","is_ascension_mode":true,"campfire_choices":[{"floor":6,"key":"REST"},{"floor":8,"key":"REST"},{"floor":15,"key":"REST"}],"neow_cost":"PERCENT_DAMAGE","seed_source_timestamp":618586352732964,"circlet_count":0,"master_deck":["Strike_R","Strike_R","Strike_R","Strike_R","Defend_R","Defend_R","Defend_R+1","Defend_R","Bash","Sentinel","Havoc","Infernal Blade","Inflame","Armaments","Warcry+1","Intimidate+1","Fiend Fire","Shrug It Off+1","Anger","Writhe"],"special_seed":0,"relics":["Burning Blood","Dead Branch","Bloody Idol","Blue Candle","Juzu Bracelet","Lantern","Odd Mushroom","Toxic Egg 2","Fusion Hammer","Medical Kit","Blood Vial"],"potions_floor_usage":[7,23],"damage_taken":[{"damage":5,"enemies":"2 Louse","floor":1,"turns":4},{"damage":18,"enemies":"Jaw Worm","floor":3,"turns":7},{"damage":4,"enemies":"Cultist","floor":5,"turns":5},{"damage":16,"enemies":"3 Sentries","floor":7,"turns":6},{"damage":28,"enemies":"The Mushroom Lair","floor":12,"turns":5},{"damage":30,"enemies":"Gremlin Nob","floor":13,"turns":4},{"damage":19,"enemies":"Hexaghost","floor":16,"turns":13},{"damage":0,"enemies":"Spheric Guardian","floor":18,"turns":3},{"damage":101,"enemies":"Gremlin Leader","floor":23,"turns":8}],"seed_played":"1686221361330540682","potions_obtained":[{"floor":1,"key":"Strength Potion"},{"floor":3,"key":"Ancient Potion"},{"floor":13,"key":"Ancient Potion"},{"floor":16,"key":"Energy Potion"},{"floor":19,"key":"BloodPotion"}],"is_trial":false,"path_per_floor":["M","?","M","?","M","R","E","R","T","$","T","?","E","?","R","B",null,"M","?","$","?","?","E"],"character_chosen":"IRONCLAD","items_purchased":["Inflame","Armaments","Medical Kit","Anger"],"campfire_rested":3,"item_purchase_floors":[10,10,20,20],"current_hp_per_floor":[57,57,45,25,27,51,41,65,65,65,65,43,19,3,27,14,80,80,80,80,80,80,0],"gold":69,"neow_bonus":"ONE_RARE_RELIC","is_prod":false,"is_daily":false,"chose_seed":false,"campfire_upgraded":0,"win_rate":0,"timestamp":1565068064,"path_taken":["M","?","M","?","M","R","E","R","T","$","?","?","E","?","R","BOSS","M","?","?","?","?","E"],"build_version":"2019-07-17","purchased_purges":0,"victory":false,"max_hp_per_floor":[80,80,80,80,80,80,80,80,80,80,80,80,80,80,80,80,80,80,80,80,80,80,80],"card_choices":[{"not_picked":["Power Through","True Grit"],"picked":"Sentinel","floor":1},{"not_picked":["Perfected Strike","Twin Strike"],"picked":"Havoc","floor":3},{"not_picked":["Power Through","Entrench"],"picked":"Infernal Blade","floor":5},{"not_picked":["Brutality","Twin Strike","Sentinel"],"picked":"SKIP","floor":7},{"not_picked":["Anger","Corruption"],"picked":"Warcry","floor":12},{"not_picked":["Perfected Strike","Dropkick"],"picked":"Intimidate","floor":13},{"not_picked":["Berserk","Immolate"],"picked":"Fiend Fire","floor":16},{"not_picked":["Power Through+1","Thunderclap"],"picked":"Shrug It Off+1","floor":18}],"player_experience":2534349,"relics_obtained":[{"floor":7,"key":"Blue Candle"},{"floor":9,"key":"Juzu Bracelet"},{"floor":11,"key":"Lantern"},{"floor":12,"key":"Odd Mushroom"},{"floor":13,"key":"Toxic Egg 2"}],"event_choices":[{"cards_removed":["Strike_R"],"damage_healed":0,"gold_gain":0,"player_choice":"Forget","damage_taken":0,"max_hp_gain":0,"max_hp_loss":0,"event_name":"Living Wall","floor":2,"gold_loss":0},{"damage_healed":0,"gold_gain":0,"player_choice":"Take Damage","damage_taken":20,"relics_obtained":["Golden Idol"],"max_hp_gain":0,"max_hp_loss":0,"event_name":"Golden Idol","floor":4,"gold_loss":0},{"damage_healed":0,"gold_gain":0,"player_choice":"Fought Mushrooms","damage_taken":0,"max_hp_gain":0,"max_hp_loss":0,"event_name":"Mushrooms","floor":12,"gold_loss":0},{"damage_healed":0,"gold_gain":0,"player_choice":"Entered Light","damage_taken":16,"max_hp_gain":0,"max_hp_loss":0,"event_name":"Shining Light","floor":14,"gold_loss":0,"cards_upgraded":["Warcry","Defend_R"]},{"damage_healed":0,"gold_gain":0,"player_choice":"Got Potions","damage_taken":0,"max_hp_gain":0,"max_hp_loss":0,"event_name":"Lab","floor":19,"gold_loss":0},{"damage_healed":0,"gold_gain":0,"player_choice":"Gave Idol","damage_taken":0,"relics_obtained":["Bloody Idol"],"max_hp_gain":0,"max_hp_loss":0,"event_name":"Forgotten Altar","floor":21,"relics_lost":["Golden Idol"],"gold_loss":0},{"damage_healed":0,"gold_gain":0,"player_choice":"Opened","damage_taken":0,"relics_obtained":["Blood Vial"],"max_hp_gain":0,"max_hp_loss":0,"event_name":"The Mausoleum","floor":22,"gold_loss":0,"cards_obtained":["Writhe"]}],"is_beta":false,"boss_relics":[{"not_picked":["Mark of Pain","Calling Bell"],"picked":"Fusion Hammer"}],"items_purged_floors":[],"is_endless":false,"potions_floor_spawned":[1,3,13,16],"killed_by":"Gremlin Leader","ascension_level":2}