{"gold_per_floor":[111,129,141,141,141,174,174,213,236,206],"floor_reached":10,"playtime":575,"items_purged":[],"score":80,"play_id":"b6a4159e-f0db-4c2f-8fa9-a4cd5b8bf96c","local_time":"20190914120353","is_ascension_mode":true,"campfire_choices":[{"data":"Adaptation","floor":7,"key":"SMITH"}],"neow_cost":"NONE","seed_source_timestamp":927080505382200,"circlet_count":0,"master_deck":["Strike_P","Strike_P","Strike_P","Strike_P","Defend_P","Defend_P","Defend_P","Defend_P","Eruption","Vigilance+1","Tantrum","ThirdEye+1","Adaptation+1","Injury","EmptyMind","EmptyFist"],"relics":["Coffee Dripper","Golden Idol","War Paint","MealTicket","Anchor"],"potions_floor_usage":[6,8],"damage_taken":[{"damage":6,"enemies":"Jaw Worm","floor":1,"turns":4},{"damage":6,"enemies":"Small Slimes","floor":2,"turns":3},{"damage":0,"enemies":"2 Louse","floor":3,"turns":2},{"damage":23,"enemies":"3 Sentries","floor":6,"turns":11},{"damage":22,"enemies":"Gremlin Nob","floor":8,"turns":4},{"damage":8,"enemies":"Looter","floor":10,"turns":2}],"seed_played":"5150765690861210820","potions_obtained":[{"floor":3,"key":"Explosive Potion"},{"floor":6,"key":"SkillPotion"}],"is_trial":false,"path_per_floor":["M","M","M","?","?","E","R","E","T","M"],"character_chosen":"WATCHER","items_purchased":[],"campfire_rested":0,"item_purchase_floors":[],"current_hp_per_floor":[59,53,53,53,53,30,30,8,8,0],"gold":206,"neow_bonus":"BOSS_RELIC","is_prod":false,"is_daily":false,"chose_seed":false,"campfire_upgraded":1,"win_rate":0,"timestamp":1568480633,"path_taken":["M","M","M","?","?","E","R","E","T","M"],"build_version":"2019-09-12","purchased_purges":0,"victory":false,"max_hp_per_floor":[65,65,65,65,65,65,65,65,65,65],"card_choices":[{"not_picked":["Weave","Collect"],"picked":"Tantrum","floor":1},{"not_picked":["FlyingSleeves","Consecrate"],"picked":"ThirdEye","floor":2},{"not_picked":["WreathOfFlame","ForeignInfluence"],"picked":"Adaptation","floor":3},{"not_picked":["StepAndStrike","Establishment"],"picked":"EmptyMind","floor":6},{"not_picked":["FlyingSleeves","BowlingBash"],"picked":"EmptyFist","floor":8}],"player_experience":276972,"relics_obtained":[{"floor":6,"key":"War Paint"},{"floor":8,"key":"MealTicket"},{"floor":9,"key":"Anchor"}],"event_choices":[{"damage_healed":0,"gold_gain":0,"player_choice":"Ignored","damage_taken":0,"max_hp_gain":0,"max_hp_loss":0,"event_name":"Golden Wing","floor":4,"gold_loss":0},{"damage_healed":0,"gold_gain":0,"player_choice":"Take Wound","damage_taken":0,"relics_obtained":["Golden Idol"],"max_hp_gain":0,"max_hp_loss":0,"event_name":"Golden Idol","floor":5,"gold_loss":0,"cards_obtained":["Injury"]}],"is_beta":true,"boss_relics":[],"items_purged_floors":[],"is_endless":false,"potions_floor_spawned":[3,6],"killed_by":"Looter","ascension_level":1}