{"path_per_floor":["M","?","$","M","$","R","M","R","T","M","M","M","R","M","R","B",null,"M","M","$","M","M","R","?","R","T","R","M","M","$","M","R","B"],"character_chosen":"THE_SILENT","items_purchased":["Footwork","Deadly Poison","Noxious Fumes","Burst","Well Laid Plans"],"gold_per_floor":[118,118,18,38,0,0,19,19,19,44,68,81,81,104,104,232,232,248,261,40,55,70,70,70,70,70,70,94,113,41,60,60,179,179],"floor_reached":34,"campfire_rested":1,"playtime":3594,"current_hp_per_floor":[70,53,53,53,53,53,53,53,53,53,53,53,53,53,53,51,70,70,70,70,47,46,46,46,46,46,46,46,46,46,33,54,54,70],"items_purged":["Strike_G"],"gold":179,"score":398,"play_id":"fb50ebf8-7fb3-4d22-b914-40ac71b58683","local_time":"20180521174927","is_prod":false,"is_daily":false,"chose_seed":false,"is_ascension_mode":false,"campfire_upgraded":7,"timestamp":1526950167,"campfire_choices":[{"data":"Footwork","floor":6.0,"key":"SMITH"},{"data":"Neutralize","floor":8.0,"key":"SMITH"},{"data":"Noxious Fumes","floor":13.0,"key":"SMITH"},{"data":"Survivor","floor":15.0,"key":"SMITH"},{"data":"Burst","floor":23.0,"key":"SMITH"},{"data":"Acrobatics","floor":25.0,"key":"SMITH"},{"data":"Prepared","floor":27.0,"key":"SMITH"},{"floor":32.0,"key":"REST"}],"path_taken":["M","?","$","M","?","R","M","R","T","M","M","M","R","M","R","BOSS","M","M","$","M","M","R","?","R","T","R","M","?","?","M","R","BOSS"],"build_version":"2018-05-17","seed_source_timestamp":0,"purchased_purges":1,"victory":false,"master_deck":["Defend_G","Defend_G","Defend_G","Defend_G","Defend_G","Strike_G","Strike_G","Survivor+1","Neutralize+1","Bane","Deflect","Footwork+1","Deadly Poison","Noxious Fumes+1","Escape Plan","Backflip","Acrobatics+1","Backflip","Burst+1","Outmaneuver+1","Prepared+1","Leg Sweep","Well Laid Plans"],"max_hp_per_floor":[70,70,70,70,70,70,70,70,70,70,70,70,70,70,70,70,70,70,70,70,70,70,70,70,70,70,70,70,70,70,70,70,70,70],"relics":["Ring of the Snake","Golden Idol","Ancient Tea Set","Black Star","Ginger","Eternal Feather"],"card_choices":[{"not_picked":["Predator","Backstab"],"picked":"Deflect","floor":1.0},{"not_picked":["Terror","Expertise","Distraction"],"picked":"SKIP","floor":4.0},{"not_picked":["Deadly Poison","Dodge and Roll"],"picked":"Escape Plan","floor":7.0},{"not_picked":["Deflect","Finisher"],"picked":"Backflip","floor":10.0},{"not_picked":["Dagger Throw","PiercingWail"],"picked":"Acrobatics","floor":11.0},{"not_picked":["Bane","Die Die Die"],"picked":"Backflip","floor":12.0},{"not_picked":["Dodge and Roll","Poisoned Stab","Dagger Spray"],"picked":"SKIP","floor":14.0},{"not_picked":["Poisoned Stab","PiercingWail","Slice"],"picked":"SKIP","floor":18.0},{"not_picked":["Dash","Acrobatics","Expertise+1"],"picked":"SKIP","floor":19.0},{"not_picked":["Prepared","Dagger Spray"],"picked":"Outmaneuver+1","floor":21.0},{"not_picked":["Underhanded Strike","Storm of Steel"],"picked":"Prepared","floor":22.0},{"not_picked":["Concentrate","Slice","Choke+1"],"picked":"SKIP","floor":28.0},{"not_picked":["Endless Agony","Slice"],"picked":"Leg Sweep","floor":29.0},{"not_picked":["Bouncing Flask","Bane","Acrobatics"],"picked":"SKIP","floor":31.0}],"player_experience":269374,"potions_floor_usage":[],"damage_taken":[{"damage":0.0,"enemies":"2 Louse","floor":1.0,"turns":2.0},{"damage":0.0,"enemies":"Jaw Worm","floor":4.0,"turns":5.0},{"damage":0.0,"enemies":"Small Slimes","floor":7.0,"turns":4.0},{"damage":0.0,"enemies":"Exordium Thugs","floor":10.0,"turns":4.0},{"damage":0.0,"enemies":"Large Slime","floor":11.0,"turns":7.0},{"damage":0.0,"enemies":"Red Slaver","floor":12.0,"turns":5.0},{"damage":0.0,"enemies":"Looter","floor":14.0,"turns":3.0},{"damage":2.0,"enemies":"Slime Boss","floor":16.0,"turns":11.0},{"damage":0.0,"enemies":"Shell Parasite","floor":18.0,"turns":7.0},{"damage":0.0,"enemies":"Spheric Guardian","floor":19.0,"turns":5.0},{"damage":23.0,"enemies":"Snecko","floor":21.0,"turns":6.0},{"damage":1.0,"enemies":"Cultist and Chosen","floor":22.0,"turns":9.0},{"damage":0.0,"enemies":"Snake Plant","floor":28.0,"turns":5.0},{"damage":0.0,"enemies":"3 Cultists","floor":29.0,"turns":7.0},{"damage":13.0,"enemies":"Chosen and Byrds","floor":31.0,"turns":9.0},{"damage":0.0,"enemies":"Automaton","floor":33.0,"turns":12.0}],"relics_obtained":[{"floor":9.0,"key":"Ancient Tea Set"},{"floor":26.0,"key":"Ginger"}],"event_choices":[{"event_name":"Golden Idol","player_choice":"Take Damage","floor":2.0,"damage_taken":0.0},{"event_name":"Purifier","player_choice":"One Purge","floor":24.0,"damage_taken":0.0}],"boss_relics":[{"not_picked":["Astrolabe","Lizard Tail"],"picked":"Eternal Feather"}],"potions_floor_spawned":[1,11,12,14,16,18,19,22,28,31],"seed_played":"5558425877250280454","ascension_level":0,"potions_obtained":[{"floor":1.0,"key":"Dexterity Potion"},{"floor":11.0,"key":"Weak Potion"},{"floor":12.0,"key":"PowerPotion"},{"floor":14.0,"key":"Poison Potion"},{"floor":16.0,"key":"Strength Potion"}],"is_trial":false}