{"path_per_floor":["M","?","?","M","$","M","E","M","T","M","R","?","R","E","R","B",null,"M","?","M","?","M","E","M","R","T","M","?","M","$","M","R","B",null,"M","?","$","M","?","M","E","$","T","?","R","?","R","M","R","B"],"character_chosen":"THE_SILENT","items_purchased":["Bronze Scales","Blood Vial"],"gold_per_floor":[111,186,361,379,304,315,340,354,354,366,366,316,316,344,344,443,443,457,372,391,491,501,530,547,547,547,561,561,579,322,333,333,428,428,446,546,273,291,291,307,336,186,186,0,0,0,0,11,11,11],"floor_reached":51,"campfire_rested":6,"playtime":4940,"current_hp_per_floor":[70,59,59,59,59,59,34,32,32,32,53,53,53,35,56,36,70,51,51,49,49,38,41,37,58,58,36,36,36,36,23,44,23,70,42,42,42,25,61,41,26,26,26,26,44,44,44,36,54,17],"items_purged":["Doubt","Defend_G","Defend_G","Strike_G"],"gold":11,"score":532,"play_id":"a23745cd-f083-4efd-90fb-ad696d88fcbe","local_time":"20180309080941","is_prod":false,"is_daily":false,"is_ascension_mode":false,"campfire_upgraded":2,"timestamp":1520600981,"path_taken":["M","?","?","?","$","M","E","M","T","M","R","?","R","E","R","BOSS","M","?","?","?","M","E","?","R","T","M","?","M","$","?","R","BOSS","M","?","$","?","?","M","E","$","T","?","R","?","R","M","R","BOSS"],"build_version":"2018-03-01-PROD1","purchased_purges":4,"victory":true,"master_deck":["Defend_G","Defend_G","Defend_G","Strike_G","Strike_G","Strike_G","Survivor","Neutralize","Backstab+1","Deadly Poison","Caltrops","Noxious Fumes+1","Adrenaline","Backflip+1","Footwork+1","Footwork+1","Footwork","After Image","Caltrops+1"],"max_hp_per_floor":[70,70,70,70,70,70,70,70,70,70,70,70,70,70,70,70,70,70,70,70,70,70,70,70,70,70,70,70,70,70,70,70,70,70,70,70,70,70,61,61,61,61,61,61,61,61,61,61,61,61],"relics":["Ring of the Snake","Mercury Hourglass","Gambling Chip","Orichalcum","Velvet Choker","Ancient Tea Set","Tough Bandages","Du-Vu Doll","Bronze Scales","Lizard Tail","Blood Vial","Paper Crane","Juzu Bracelet","Red Mask"],"card_choices":[{"not_picked":["Flying Knee","Catalyst"],"picked":"Backstab"},{"not_picked":["Outmaneuver","All Out Attack"],"picked":"Deadly Poison"},{"not_picked":["Doppelganger","Slice"],"picked":"Caltrops"},{"not_picked":["Backflip","Expertise"],"picked":"Noxious Fumes"},{"not_picked":["Tools of the Trade","Bullet Time"],"picked":"Adrenaline"},{"not_picked":["Dagger Throw","Underhanded Strike"],"picked":"Backflip"},{"not_picked":["Cloak And Dagger","Venomology"],"picked":"Footwork"},{"not_picked":["PiercingWail","Masterful Stab"],"picked":"Footwork"},{"not_picked":["Envenom","Bullet Time"],"picked":"After Image"},{"not_picked":["Well Laid Plans","Unload"],"picked":"Caltrops"}],"player_experience":55618,"potions_floor_usage":[50],"damage_taken":[{"damage":0.0,"enemies":"2 Louse","floor":1.0,"turns":3.0},{"damage":0.0,"enemies":"Cultist","floor":4.0,"turns":6.0},{"damage":0.0,"enemies":"Jaw Worm","floor":6.0,"turns":3.0},{"damage":25.0,"enemies":"3 Sentries","floor":7.0,"turns":14.0},{"damage":2.0,"enemies":"Large Slime","floor":8.0,"turns":6.0},{"damage":0.0,"enemies":"2 Fungi Beasts","floor":10.0,"turns":3.0},{"damage":18.0,"enemies":"Gremlin Nob","floor":14.0,"turns":4.0},{"damage":20.0,"enemies":"The Guardian","floor":16.0,"turns":10.0},{"damage":19.0,"enemies":"Chosen","floor":18.0,"turns":5.0},{"damage":2.0,"enemies":"Spheric Guardian","floor":20.0,"turns":5.0},{"damage":11.0,"enemies":"Centurion and Healer","floor":22.0,"turns":7.0},{"damage":12.0,"enemies":"Book of Stabbing","floor":23.0,"turns":6.0},{"damage":4.0,"enemies":"Chosen and Byrds","floor":24.0,"turns":5.0},{"damage":22.0,"enemies":"Snecko","floor":27.0,"turns":5.0},{"damage":0.0,"enemies":"Centurion and Healer","floor":29.0,"turns":9.0},{"damage":13.0,"enemies":"Cultist and Chosen","floor":31.0,"turns":6.0},{"damage":21.0,"enemies":"Automaton","floor":33.0,"turns":12.0},{"damage":28.0,"enemies":"3 Darklings","floor":35.0,"turns":5.0},{"damage":19.0,"enemies":"Orb Walker","floor":38.0,"turns":4.0},{"damage":20.0,"enemies":"Maw","floor":40.0,"turns":9.0},{"damage":17.0,"enemies":"Nemesis","floor":41.0,"turns":11.0},{"damage":10,"enemies":"4 Shapes","floor":48,"turns":5},{"damage":39,"enemies":"Time Eater","floor":50,"turns":15}],"event_choices":[{"event_name":"World of Goop","player_choice":"Gather Gold","floor":2.0,"damage_taken":0.0},{"event_name":"Liars Game","player_choice":"agreed","floor":3.0,"damage_taken":0.0},{"event_name":"The Cleric","player_choice":"Card Removal","floor":12.0,"damage_taken":0.0},{"event_name":"Addict","player_choice":"Obtained Relic","floor":19.0,"damage_taken":0.0},{"event_name":"Golden Shrine","player_choice":"Pray","floor":21.0,"damage_taken":0.0},{"event_name":"The Library","player_choice":"Read","floor":28.0,"damage_taken":0.0},{"event_name":"Golden Shrine","player_choice":"Pray","floor":36.0,"damage_taken":0.0},{"event_name":"The Moai Head","player_choice":"Heal","floor":39.0,"damage_taken":0.0},{"event_name":"Tomb of Lord Red Mask","player_choice":"Paid","floor":44.0,"damage_taken":0.0},{"event_name":"Upgrade Shrine","player_choice":"Upgraded","floor":46.0,"damage_taken":0.0}],"boss_relics":[],"potions_floor_spawned":[7,8,10,16,18,22,27,29,48],"seed_played":"-7501403815555918237","ascension_level":0,"is_trial":false}