{"gold_per_floor":[115,132,57,71,86,121,140,140,191,224,224,224,257,286,286,383,383,394,420,438,438,454,454],"floor_reached":23,"playtime":1695,"items_purged":[],"score":222,"play_id":"ba797fcc-aa35-4a0d-a3fd-d204911682dd","local_time":"20190803120016","is_ascension_mode":true,"campfire_choices":[{"data":"Seeing Red","floor":8.0,"key":"SMITH"},{"floor":12.0,"key":"REST"},{"floor":15.0,"key":"REST"}],"neow_cost":"NONE","seed_source_timestamp":408780761655186,"circlet_count":0,"master_deck":["Strike_R","Strike_R","Strike_R","Strike_R","Defend_R","Defend_R","Defend_R","Defend_R","Bash","Heavy Blade","Flex","Flex","Cleave","Seeing Red+1","Iron Wave","Shrug It Off","Whirlwind","Demon Form","Dropkick","Armaments","Anger","Rampage","Demon Form","Disarm","Rampage","Rage+1","Writhe","Body Slam"],"special_seed":0,"relics":["Burning Blood","Dream Catcher","Blue Candle","Smiling Mask","Letter Opener","Art of War","Odd Mushroom","Sozu","Red Mask","Darkstone Periapt"],"potions_floor_usage":[],"damage_taken":[{"damage":12.0,"enemies":"Jaw Worm","floor":1.0,"turns":5.0},{"damage":5.0,"enemies":"Small Slimes","floor":2.0,"turns":3.0},{"damage":0.0,"enemies":"2 Louse","floor":4.0,"turns":2.0},{"damage":7.0,"enemies":"Large Slime","floor":5.0,"turns":7.0},{"damage":26.0,"enemies":"Lagavulin","floor":6.0,"turns":6.0},{"damage":9.0,"enemies":"Blue Slaver","floor":7.0,"turns":3.0},{"damage":18.0,"enemies":"3 Sentries","floor":10.0,"turns":4.0},{"damage":41.0,"enemies":"Lagavulin","floor":13.0,"turns":6.0},{"damage":0.0,"enemies":"The Mushroom Lair","floor":14.0,"turns":2.0},{"damage":42.0,"enemies":"Slime Boss","floor":16.0,"turns":9.0},{"damage":0.0,"enemies":"Chosen","floor":18.0,"turns":4.0},{"damage":31.0,"enemies":"Masked Bandits","floor":19.0,"turns":4.0},{"damage":15,"enemies":"3 Byrds","floor":20,"turns":5},{"damage":28,"enemies":"Centurion and Healer","floor":22,"turns":8},{"damage":33,"enemies":"Slavers","floor":23,"turns":2}],"seed_played":"7020328820969955858","potions_obtained":[{"floor":4.0,"key":"Fire Potion"},{"floor":5.0,"key":"SkillPotion"},{"floor":6.0,"key":"Explosive Potion"}],"is_trial":false,"path_per_floor":["M","M","$","M","M","E","M","R","T","E","?","R","E","?","R","B",null,"M","?","M","?","M","E"],"character_chosen":"IRONCLAD","items_purchased":["Flex","Cleave"],"campfire_rested":2,"item_purchase_floors":[3,3],"current_hp_per_floor":[74,75,75,80,79,59,56,56,56,44,37,61,26,32,56,20,80,80,55,46,52,30,0],"gold":454,"neow_bonus":"RANDOM_COMMON_RELIC","is_prod":false,"is_daily":false,"chose_seed":false,"campfire_upgraded":1,"win_rate":0,"timestamp":1564858816,"path_taken":["M","M","$","M","M","E","M","R","T","E","?","R","E","?","R","BOSS","M","?","M","?","M","E"],"build_version":"2019-07-17","purchased_purges":0,"victory":false,"max_hp_per_floor":[80,80,80,80,80,80,80,80,80,80,80,80,80,80,80,80,80,80,80,80,86,86,86],"card_choices":[{"not_picked":["True Grit","Feel No Pain"],"picked":"Heavy Blade","floor":1.0},{"not_picked":["Sword Boomerang","Feel No Pain"],"picked":"Flex","floor":2.0},{"not_picked":["Wild Strike","Warcry"],"picked":"Seeing Red","floor":4.0},{"not_picked":["Blood for Blood","Burning Pact"],"picked":"Iron Wave","floor":5.0},{"not_picked":["Hemokinesis","Twin Strike"],"picked":"Shrug It Off","floor":6.0},{"not_picked":["Anger","Bludgeon"],"picked":"Whirlwind","floor":7.0},{"not_picked":["Pommel Strike","Iron Wave"],"picked":"Demon Form","floor":10.0},{"not_picked":["Wild Strike","Flex"],"picked":"Dropkick","floor":12.0},{"not_picked":["Thunderclap","Headbutt"],"picked":"Armaments","floor":13.0},{"not_picked":["Twin Strike","Combust"],"picked":"Anger","floor":14.0},{"not_picked":["Warcry","Clothesline"],"picked":"Rampage","floor":15.0},{"not_picked":["Dark Embrace","Impervious"],"picked":"Demon Form","floor":16.0},{"not_picked":["Searing Blow","Sever Soul"],"picked":"Disarm","floor":18.0},{"not_picked":["Headbutt","Bloodletting+1"],"picked":"Rampage","floor":19.0},{"not_picked":["Bloodletting","Twin Strike"],"picked":"Rage+1","floor":20},{"not_picked":["Wild Strike","Shrug It Off+1"],"picked":"Body Slam","floor":22}],"player_experience":2496417,"relics_obtained":[{"floor":6.0,"key":"Blue Candle"},{"floor":9.0,"key":"Smiling Mask"},{"floor":10.0,"key":"Letter Opener"},{"floor":13.0,"key":"Art of War"},{"floor":14.0,"key":"Odd Mushroom"},{"floor":19.0,"key":"Red Mask"}],"event_choices":[{"cards_removed":["Strike_R"],"damage_healed":0.0,"max_hp_gain":0.0,"max_hp_loss":0.0,"gold_gain":0.0,"event_name":"Golden Wing","player_choice":"Card Removal","floor":11.0,"gold_loss":0.0,"damage_taken":7.0},{"damage_healed":0.0,"max_hp_gain":0.0,"max_hp_loss":0.0,"gold_gain":0.0,"event_name":"Mushrooms","player_choice":"Fought Mushrooms","floor":14.0,"gold_loss":0.0,"damage_taken":0.0},{"damage_healed":0.0,"max_hp_gain":0.0,"max_hp_loss":0.0,"gold_gain":0.0,"event_name":"Masked Bandits","player_choice":"Fought Bandits","floor":19.0,"gold_loss":0.0,"damage_taken":0.0},{"damage_healed":0,"gold_gain":0,"player_choice":"Opened","damage_taken":0,"relics_obtained":["Darkstone Periapt"],"max_hp_gain":0,"max_hp_loss":0,"event_name":"The Mausoleum","floor":21,"gold_loss":0,"cards_obtained":["Writhe"]}],"is_beta":false,"boss_relics":[{"not_picked":["Velvet Choker","Mark of Pain"],"picked":"Sozu"}],"items_purged_floors":[],"is_endless":false,"potions_floor_spawned":[4,5,6,7,13,18,20,22],"killed_by":"Slavers","ascension_level":1}