{"gold_per_floor":[117,117,217,230,31,69,69,107,181,194,209,228,249,270,270,394,394,410,236,255,130,55,55,55,55,55,55,71,89,107,107,107,204,204,223,223,238,248,98,98,108,108,133,165,189,204,204],"floor_reached":47,"playtime":2357,"items_purged":["Strike_B","Strike_B","Strike_B","Defend_B"],"score":571,"play_id":"fbabee91-7b91-4245-9559-50ed994df532","local_time":"20190624230725","is_ascension_mode":true,"campfire_choices":[{"floor":7.0,"key":"RECALL"},{"data":"Dualcast","floor":15.0,"key":"SMITH"},{"data":"Blizzard","floor":23.0,"key":"SMITH"},{"data":"Defragment","floor":25.0,"key":"SMITH"},{"data":"Defragment","floor":27.0,"key":"SMITH"},{"data":"Capacitor","floor":32.0,"key":"SMITH"},{"data":"Zap","floor":40.0,"key":"SMITH"}],"neow_cost":"NONE","seed_source_timestamp":1007153090004990,"circlet_count":0,"master_deck":["Defend_B","Defend_B","Zap+1","Dualcast+1","Cold Snap","Cold Snap","Blizzard+1","Defragment+1","Reboot","Capacitor+1","Defragment+1","Chill"],"special_seed":0,"relics":["Cracked Core","NeowsBlessing","Bloody Idol","Tiny Chest","Boot","Anchor","Coffee Dripper","Sundial","Inserter","Bag of Marbles","Bottled Flame","DataDisk"],"potions_floor_usage":[46],"damage_taken":[{"damage":0.0,"enemies":"2 Louse","floor":1.0,"turns":1.0},{"damage":0.0,"enemies":"Small Slimes","floor":4.0,"turns":1.0},{"damage":0.0,"enemies":"Lagavulin","floor":6.0,"turns":1.0},{"damage":10.0,"enemies":"3 Sentries","floor":8.0,"turns":8.0},{"damage":0.0,"enemies":"Cultist","floor":10.0,"turns":3.0},{"damage":0.0,"enemies":"Exordium Wildlife","floor":11.0,"turns":4.0},{"damage":0.0,"enemies":"3 Louse","floor":12.0,"turns":4.0},{"damage":6.0,"enemies":"Gremlin Gang","floor":13.0,"turns":3.0},{"damage":0.0,"enemies":"Blue Slaver","floor":14.0,"turns":4.0},{"damage":16.0,"enemies":"Hexaghost","floor":16.0,"turns":13.0},{"damage":6.0,"enemies":"3 Byrds","floor":18.0,"turns":4.0},{"damage":0.0,"enemies":"Shell Parasite","floor":20.0,"turns":7.0},{"damage":5.0,"enemies":"Centurion and Healer","floor":28.0,"turns":8.0},{"damage":24.0,"enemies":"Snake Plant","floor":29.0,"turns":4.0},{"damage":14.0,"enemies":"Cultist and Chosen","floor":30.0,"turns":6.0},{"damage":14.0,"enemies":"Collector","floor":33.0,"turns":10.0},{"damage":21.0,"enemies":"3 Darklings","floor":35.0,"turns":6.0},{"damage":24.0,"enemies":"3 Shapes","floor":37.0,"turns":6.0},{"damage":17.0,"enemies":"Jaw Worm Horde","floor":38.0,"turns":4.0},{"damage":27.0,"enemies":"3 Darklings","floor":41.0,"turns":4.0},{"damage":0.0,"enemies":"Giant Head","floor":44.0,"turns":10.0},{"damage":18,"enemies":"Writhing Mass","floor":46,"turns":5}],"seed_played":"4044936372123027815","potions_obtained":[{"floor":4.0,"key":"GamblersBrew"},{"floor":8.0,"key":"Block Potion"},{"floor":10.0,"key":"SkillPotion"},{"floor":20.0,"key":"AttackPotion"},{"floor":33.0,"key":"Regen Potion"},{"floor":37.0,"key":"Fire Potion"},{"floor":38.0,"key":"LiquidBronze"}],"is_trial":false,"path_per_floor":["M","?","?","M","$","E","R","E","T","M","M","M","M","M","R","B",null,"M","$","M","$","?","R","?","R","T","R","M","M","M","?","R","B",null,"M","?","M","M","$","R","M","$","T","E","T","M","M"],"character_chosen":"DEFECT","items_purchased":["Tiny Chest","Defragment"],"campfire_rested":0,"item_purchase_floors":[5,19],"current_hp_per_floor":[75,57,57,57,57,57,57,47,47,47,47,47,41,41,41,25,75,69,69,69,69,69,69,69,69,69,69,64,40,26,26,26,17,75,59,59,54,42,42,42,20,20,25,30,35,22,0],"gold":204,"neow_bonus":"THREE_ENEMY_KILL","is_prod":false,"is_daily":false,"chose_seed":false,"campfire_upgraded":6,"win_rate":0,"timestamp":1561432045,"path_taken":["M","?","?","M","$","E","R","E","T","M","M","M","?","M","R","BOSS","M","$","M","$","?","R","?","R","T","R","?","M","M","?","R","BOSS","M","?","?","M","$","R","M","$","T","E","?","M","?"],"build_version":"2019-01-23","purchased_purges":4,"victory":false,"max_hp_per_floor":[75,75,75,75,75,75,75,75,75,75,75,75,75,75,75,75,75,75,75,75,75,75,75,75,75,75,75,75,75,75,75,75,75,75,75,75,75,75,75,75,75,75,75,75,75,75,75],"card_choices":[{"not_picked":["Turbo","Ball Lightning"],"picked":"Cold Snap","floor":1.0},{"not_picked":["Go for the Eyes","Lockon","Compile Driver"],"picked":"SKIP","floor":4.0},{"not_picked":["Steam","Leap"],"picked":"Cold Snap","floor":6.0},{"not_picked":["Ball Lightning","Buffer","Beam Cell"],"picked":"SKIP","floor":8.0},{"not_picked":["Steam","Static Discharge","Turbo"],"picked":"SKIP","floor":10.0},{"not_picked":["Beam Cell","Redo"],"picked":"Blizzard","floor":11.0},{"not_picked":["Steam","Ball Lightning","Sweeping Beam"],"picked":"SKIP","floor":12.0},{"not_picked":["Steam","Hologram","All For One"],"picked":"SKIP","floor":13.0},{"not_picked":["Consume","Double Energy"],"picked":"Defragment","floor":14.0},{"not_picked":["All For One","Core Surge"],"picked":"Reboot","floor":16.0},{"not_picked":["Redo","Turbo+1"],"picked":"Capacitor","floor":18.0},{"not_picked":["Beam Cell+1","Cold Snap","Coolheaded"],"picked":"SKIP","floor":20.0},{"not_picked":["Auto Shields","Streamline","Gash"],"picked":"SKIP","floor":28.0},{"not_picked":["Force Field","Barrage","Gash"],"picked":"SKIP","floor":29.0},{"not_picked":["Auto Shields","Reinforced Body+1","Sunder"],"picked":"SKIP","floor":30.0},{"not_picked":["Steam Power","Reprogram","Hello World"],"picked":"SKIP","floor":35.0},{"not_picked":["Genetic Algorithm","Go for the Eyes+1","Hologram+1"],"picked":"SKIP","floor":37.0},{"not_picked":["Go for the Eyes","Ball Lightning+1","Barrage"],"picked":"SKIP","floor":38.0},{"not_picked":["Sweeping Beam+1","Barrage+1","Rebound+1"],"picked":"SKIP","floor":41.0},{"not_picked":["Cold Snap","Steam+1","Genetic Algorithm"],"picked":"SKIP","floor":44.0},{"not_picked":["Undo","Gash+1"],"picked":"Chill","floor":46}],"player_experience":211845,"relics_obtained":[{"floor":6.0,"key":"Boot"},{"floor":8.0,"key":"Anchor"},{"floor":26.0,"key":"Sundial"},{"floor":43.0,"key":"Bag of Marbles"},{"floor":44.0,"key":"Bottled Flame"},{"floor":45,"key":"DataDisk"}],"event_choices":[{"damage_healed":0.0,"max_hp_gain":0.0,"max_hp_loss":0.0,"gold_gain":0.0,"event_name":"Golden Idol","player_choice":"Take Damage","floor":2.0,"gold_loss":0.0,"damage_taken":18.0,"relics_obtained":["Golden Idol"]},{"damage_healed":0.0,"max_hp_gain":0.0,"max_hp_loss":0.0,"gold_gain":100.0,"event_name":"Golden Shrine","player_choice":"Pray","floor":3.0,"gold_loss":0.0,"damage_taken":0.0},{"cards_removed":["Strike_B"],"damage_healed":0.0,"max_hp_gain":0.0,"max_hp_loss":0.0,"gold_gain":0.0,"event_name":"Beggar","player_choice":"Gave Gold","floor":22.0,"gold_loss":75.0,"damage_taken":0.0},{"damage_healed":0.0,"max_hp_gain":0.0,"max_hp_loss":0.0,"gold_gain":0.0,"event_name":"The Woman in Blue","player_choice":"Bought 0 Potions","floor":24.0,"gold_loss":0.0,"damage_taken":0.0},{"damage_healed":0.0,"max_hp_gain":0.0,"max_hp_loss":0.0,"gold_gain":0.0,"event_name":"Forgotten Altar","player_choice":"Gave Idol","floor":31.0,"relics_lost":["Golden Idol"],"gold_loss":0.0,"damage_taken":0.0,"relics_obtained":["Bloody Idol"]},{"cards_removed":["Defend_B"],"damage_healed":0.0,"max_hp_gain":0.0,"max_hp_loss":0.0,"gold_gain":0.0,"event_name":"Wheel of Change","player_choice":"Card Removal","floor":36.0,"gold_loss":0.0,"damage_taken":0.0}],"is_beta":false,"boss_relics":[{"not_picked":["Tiny House","Calling Bell"],"picked":"Coffee Dripper"},{"not_picked":["Lizard Tail","Snecko Eye"],"picked":"Inserter"}],"items_purged_floors":[5,19,21,39],"is_endless":false,"potions_floor_spawned":[4,8,10,12,14,20,33,37,38],"killed_by":"4 Shapes","ascension_level":2}