{"gold_per_floor":[111,127,137,147,124,124,149,160,228,228,247,247,247,272,272,375,375,385,385,161,180,206,236,236,265,339,370,370,299,299,299],"floor_reached":31,"playtime":1290,"items_purged":[],"score":408,"play_id":"dd205b2e-2319-4031-b222-5a7722db7cfc","local_time":"20191010071919","is_ascension_mode":true,"campfire_choices":[{"floor":6.0,"key":"REST"},{"floor":10.0,"key":"REST"},{"floor":13.0,"key":"REST"},{"floor":15.0,"key":"REST"},{"floor":24,"key":"REST"}],"neow_cost":"NONE","seed_source_timestamp":0,"circlet_count":0,"master_deck":["Strike_B","Strike_B","Strike_B","Defend_B","Defend_B","Defend_B","Defend_B","Zap","Dualcast","Gash","Hello World","Melter","Ball Lightning","Coolheaded","Storm","Gash","Sunder","Thunder Strike","Defragment","Genetic Algorithm","Hello World","Redo","Static Discharge+1","Gash+1","Heatsinks"],"special_seed":0,"relics":["Fusion Hammer","Omamori","Shuriken","Incense Burner","Anchor","Busted Crown","Bag of Preparation","Orichalcum","Pear","Ancient Tea Set","Symbiotic Virus","Singing Bowl","Nilry\u0027s Codex","Art of War"],"potions_floor_usage":[],"damage_taken":[{"damage":0.0,"enemies":"Small Slimes","floor":1.0,"turns":3.0},{"damage":7.0,"enemies":"Jaw Worm","floor":2.0,"turns":2.0},{"damage":1.0,"enemies":"Cultist","floor":3.0,"turns":4.0},{"damage":7.0,"enemies":"Exordium Thugs","floor":4.0,"turns":4.0},{"damage":11.0,"enemies":"Lagavulin","floor":7.0,"turns":4.0},{"damage":5.0,"enemies":"Large Slime","floor":8.0,"turns":4.0},{"damage":3.0,"enemies":"Blue Slaver","floor":11.0,"turns":2.0},{"damage":8.0,"enemies":"Gremlin Nob","floor":14.0,"turns":3.0},{"damage":18.0,"enemies":"Slime Boss","floor":16.0,"turns":6.0},{"damage":8,"enemies":"3 Byrds","floor":18,"turns":5},{"damage":0,"enemies":"Chosen","floor":21,"turns":3},{"damage":0,"enemies":"Gremlin Leader","floor":23,"turns":5},{"damage":25,"enemies":"Slavers","floor":25,"turns":5},{"damage":26,"enemies":"Book of Stabbing","floor":27,"turns":5},{"damage":11,"enemies":"Snake Plant","floor":31,"turns":2}],"seed_played":"-3058270620480980053","potions_obtained":[{"floor":1.0,"key":"Dexterity Potion"},{"floor":3.0,"key":"EntropicBrew"},{"floor":11.0,"key":"Swift Potion"},{"floor":16.0,"key":"Fire Potion"},{"floor":23,"key":"FocusPotion"}],"is_trial":false,"path_per_floor":["M","M","M","M","$","R","E","M","T","R","M","?","R","E","R","B",null,"M","?","$","M","T","E","R","E","T","E","?","$","?","M"],"character_chosen":"DEFECT","items_purchased":["Coolheaded","Bag of Preparation","Hello World","Heatsinks"],"campfire_rested":5,"item_purchase_floors":[5,20,20,29],"current_hp_per_floor":[75,68,67,60,60,75,64,59,59,75,72,72,75,67,75,57,71,63,63,63,63,63,73,85,60,60,34,18,18,18,7],"gold":299,"neow_bonus":"BOSS_RELIC","is_prod":false,"is_daily":false,"chose_seed":false,"campfire_upgraded":0,"win_rate":0,"timestamp":1570706359,"path_taken":["M","M","M","M","$","R","E","M","T","R","M","?","R","E","R","BOSS","M","?","$","?","?","E","R","E","T","E","?","$","?","?"],"build_version":"2019-07-17","purchased_purges":0,"victory":false,"max_hp_per_floor":[75,75,75,75,75,75,75,75,75,75,75,75,75,75,75,75,75,75,75,75,75,75,85,85,85,85,85,85,85,85,85],"card_choices":[{"not_picked":["Genetic Algorithm","Double Energy"],"picked":"Gash","floor":1.0},{"not_picked":["Recycle","Defragment"],"picked":"Hello World","floor":2.0},{"not_picked":["Rebound","Loop"],"picked":"Melter","floor":3.0},{"not_picked":["Leap","Blizzard"],"picked":"Ball Lightning","floor":4.0},{"not_picked":["Static Discharge","Rebound"],"picked":"Storm","floor":7.0},{"not_picked":["Rip and Tear","Chill"],"picked":"Gash","floor":8.0},{"not_picked":["Redo","Glacier"],"picked":"Sunder","floor":11.0},{"not_picked":["FTL","Steam"],"picked":"Thunder Strike","floor":14.0},{"not_picked":["Amplify","Fission"],"picked":"Seek","floor":16.0},{"not_picked":[],"picked":"Defragment","floor":18},{"not_picked":[],"picked":"Redo","floor":21},{"not_picked":[],"picked":"Static Discharge+1","floor":23},{"not_picked":["Consume"],"picked":"SKIP","floor":25},{"not_picked":[],"picked":"Gash+1","floor":27}],"player_experience":381737,"relics_obtained":[{"floor":7.0,"key":"Omamori"},{"floor":9.0,"key":"Shuriken"},{"floor":14.0,"key":"Anchor"},{"floor":22,"key":"Orichalcum"},{"floor":23,"key":"Pear"},{"floor":25,"key":"Ancient Tea Set"},{"floor":26,"key":"Symbiotic Virus"},{"floor":27,"key":"Singing Bowl"},{"floor":28,"key":"Nilry\u0027s Codex"}],"event_choices":[{"damage_healed":0.0,"max_hp_gain":0.0,"max_hp_loss":0.0,"gold_gain":0.0,"event_name":"Big Fish","player_choice":"Box","floor":12.0,"gold_loss":0.0,"damage_taken":0.0,"relics_obtained":["Incense Burner"],"cards_obtained":["Regret"]},{"damage_healed":0,"gold_gain":0,"cards_transformed":["Strike_B"],"player_choice":"Transformed","damage_taken":0,"max_hp_gain":0,"max_hp_loss":0,"event_name":"Transmorgrifier","floor":19,"gold_loss":0,"cards_obtained":["Genetic Algorithm"]},{"damage_healed":0,"gold_gain":0,"player_choice":"Obtained Book","damage_taken":16,"max_hp_gain":0,"max_hp_loss":0,"event_name":"Cursed Tome","floor":28,"gold_loss":0},{"cards_removed":["Seek"],"damage_healed":0,"gold_gain":0,"player_choice":"Gave Card","damage_taken":0,"relics_obtained":["Art of War"],"max_hp_gain":0,"max_hp_loss":0,"event_name":"WeMeetAgain","floor":30,"gold_loss":0}],"is_beta":false,"boss_relics":[{"not_picked":["Calling Bell","Pandora\u0027s Box"],"picked":"Busted Crown"}],"items_purged_floors":[],"is_endless":false,"potions_floor_spawned":[1,3,11,16,23,25],"killed_by":"Snake Plant","ascension_level":5}