{"path_per_floor":["M","?","M","$","?","R","?","R","T","$","R","M","M","M","R","B",null,"M","?","M","M","?","R","$","R","T","R","?","$","M","$","R"],"character_chosen":"IRONCLAD","items_purchased":["Spot Weakness","Armaments"],"gold_per_floor":[113,113,131,54,129,129,129,129,129,54,54,66,83,97,97,199,199,209,124,104,120,120,120,20,20,20,20,20,20,32,8,8,8],"floor_reached":33,"campfire_rested":1,"playtime":1746,"current_hp_per_floor":[80,80,80,80,69,69,74,74,74,74,74,79,85,79,79,26,85,67,67,48,47,31,31,31,31,31,31,31,31,20,20,45,0],"items_purged":["Strike_R","Strike_R"],"gold":8,"score":233,"play_id":"3562629e-1b5c-46bc-9cb3-ec08039c623e","local_time":"20180427182114","is_prod":false,"is_daily":false,"chose_seed":false,"is_ascension_mode":false,"campfire_upgraded":7,"timestamp":1524878474,"path_taken":["M","?","M","$","?","R","?","R","T","$","R","M","M","M","R","BOSS","M","?","M","M","?","R","$","R","T","R","?","$","?","$","R","BOSS"],"build_version":"2018-04-26","seed_source_timestamp":4742012903854,"purchased_purges":3,"victory":false,"master_deck":["Strike_R","Strike_R","Strike_R","Defend_R","Defend_R","Defend_R","Defend_R","Bash","Headbutt+1","Pommel Strike+1","Iron Wave+1","Spot Weakness+1","Disarm+1","Cleave","Barricade+1","Heavy Blade","Shrug It Off+1","Armaments"],"max_hp_per_floor":[80,80,80,80,80,80,85,85,85,85,85,85,85,85,85,85,85,85,85,85,85,85,85,85,85,85,85,85,85,85,85,85,85],"relics":["Burning Blood","Mercury Hourglass","Lizard Tail","Unceasing Top","Bottled Lightning"],"card_choices":[{"not_picked":["Intimidate","Anger"],"picked":"Headbutt","floor":0},{"not_picked":["Twin Strike","Dropkick"],"picked":"Pommel Strike","floor":1},{"not_picked":["Headbutt","Pommel Strike"],"picked":"Iron Wave","floor":3},{"not_picked":["Juggernaut","Sword Boomerang"],"picked":"Disarm","floor":13},{"not_picked":["Sword Boomerang","Spot Weakness"],"picked":"Cleave","floor":14},{"not_picked":["Berserk","Offering"],"picked":"Barricade","floor":16},{"not_picked":["Twin Strike","Cleave"],"picked":"Heavy Blade","floor":20},{"not_picked":["Clash","Fire Breathing"],"picked":"Shrug It Off","floor":21}],"player_experience":56241,"potions_floor_usage":[21,21,33,33],"damage_taken":[{"damage":0,"enemies":"2 Louse","floor":1,"turns":3},{"damage":6,"enemies":"Cultist","floor":3,"turns":3},{"damage":1,"enemies":"Jaw Worm","floor":12,"turns":2},{"damage":0,"enemies":"Large Slime","floor":13,"turns":3},{"damage":12,"enemies":"2 Fungi Beasts","floor":14,"turns":3},{"damage":59,"enemies":"The Guardian","floor":16,"turns":9},{"damage":24,"enemies":"Spheric Guardian","floor":18,"turns":5},{"damage":25,"enemies":"2 Thieves","floor":20,"turns":4},{"damage":19,"enemies":"3 Cultists","floor":21,"turns":5},{"damage":17,"enemies":"Centurion and Healer","floor":30,"turns":9},{"damage":92,"enemies":"Collector","floor":33,"turns":14}],"event_choices":[{"event_name":"The Lab","player_choice":"Got Potions","floor":2,"damage_taken":0},{"event_name":"World of Goop","player_choice":"Gather Gold","floor":5,"damage_taken":0},{"event_name":"Big Fish","player_choice":"Donut","floor":7,"damage_taken":0},{"event_name":"Addict","player_choice":"Obtained Relic","floor":19,"damage_taken":0},{"event_name":"Cursed Tome","player_choice":"Obtained Book","floor":22,"damage_taken":0},{"event_name":"Vampires","player_choice":"Ignored","floor":28,"damage_taken":0}],"boss_relics":[{"not_picked":["Calling Bell","Cursed Key"],"picked":"Lizard Tail"}],"potions_floor_spawned":[3,12,13,16,20,21],"seed_played":"7124172362006633114","killed_by":"Collector","ascension_level":0,"is_trial":false}