{"path_per_floor":["M","$","M","M","?","R","E","M","T","M","M","R","M","M","R","B",null,"M","M"],"character_chosen":"THE_SILENT","items_purchased":["Footwork"],"gold_per_floor":[118,8,25,39,114,114,143,159,240,251,267,267,280,297,297,394,394,412,423,423],"floor_reached":20,"campfire_rested":1,"playtime":1736,"item_purchase_floors":[2],"current_hp_per_floor":[70,70,70,70,59,59,43,42,42,42,38,38,37,35,56,40,70,61,48,0],"items_purged":["Strike_G"],"gold":423,"score":216,"play_id":"208c3d6b-417e-43bf-8175-7f1d90495496","local_time":"20180526112359","is_prod":false,"is_daily":false,"chose_seed":false,"is_ascension_mode":true,"campfire_upgraded":2,"win_rate":0,"timestamp":1527359039,"campfire_choices":[{"data":"Noxious Fumes","floor":6,"key":"SMITH"},{"data":"Tools of the Trade","floor":12,"key":"SMITH"},{"floor":15,"key":"REST"}],"path_taken":["M","$","M","M","?","R","E","M","T","M","M","R","M","M","R","BOSS","M","M","M"],"build_version":"2018-05-24","seed_source_timestamp":164880049610,"purchased_purges":1,"victory":false,"master_deck":["Defend_G","Defend_G","Defend_G","Defend_G","Defend_G","Strike_G","Strike_G","Strike_G","Survivor","Neutralize","Outmaneuver","Footwork","Acrobatics","Noxious Fumes+1","Tools of the Trade+1","Flying Knee","Footwork","Backflip","Quick Slash","Venomology"],"max_hp_per_floor":[70,70,70,70,70,70,70,70,70,70,70,70,70,70,70,70,70,70,70,70],"relics":["Ring of the Snake","The Courier","Tiny Chest","Lizard Tail"],"card_choices":[{"not_picked":["Caltrops","Cloak And Dagger"],"picked":"Outmaneuver","floor":1},{"not_picked":["Dagger Throw","Reflex"],"picked":"Acrobatics","floor":3},{"not_picked":["Sucker Punch","Setup"],"picked":"Noxious Fumes","floor":4},{"not_picked":["Sucker Punch","Cloak And Dagger"],"picked":"Tools of the Trade","floor":7},{"not_picked":["Bane","Dodge and Roll","Finisher"],"picked":"SKIP","floor":8},{"not_picked":["Outmaneuver","Underhanded Strike"],"picked":"Flying Knee","floor":10},{"not_picked":["PiercingWail","Caltrops"],"picked":"Footwork","floor":11},{"not_picked":["Riddle With Holes","Flying Knee"],"picked":"Backflip","floor":13},{"not_picked":["Backflip","Outmaneuver"],"picked":"Quick Slash","floor":14},{"not_picked":["Bullet Time","Wraith Form v2"],"picked":"Venomology","floor":16},{"not_picked":["Acrobatics","Poisoned Stab","Cloak And Dagger+1"],"picked":"SKIP","floor":18},{"not_picked":["Infinite Blades","Malaise","Endless Agony"],"picked":"SKIP","floor":19}],"player_experience":372055,"potions_floor_usage":[18,19,19,20],"damage_taken":[{"damage":0,"enemies":"Jaw Worm","floor":1,"turns":5},{"damage":0,"enemies":"2 Louse","floor":3,"turns":4},{"damage":0,"enemies":"Cultist","floor":4,"turns":5},{"damage":16,"enemies":"3 Sentries","floor":7,"turns":7},{"damage":1,"enemies":"Blue Slaver","floor":8,"turns":6},{"damage":0,"enemies":"Exordium Wildlife","floor":10,"turns":4},{"damage":4,"enemies":"Looter","floor":11,"turns":5},{"damage":1,"enemies":"Red Slaver","floor":13,"turns":6},{"damage":2,"enemies":"2 Fungi Beasts","floor":14,"turns":5},{"damage":16,"enemies":"Slime Boss","floor":16,"turns":13},{"damage":9,"enemies":"3 Byrds","floor":18,"turns":3},{"damage":13,"enemies":"Spheric Guardian","floor":19,"turns":7},{"damage":126,"enemies":"Cultist and Chosen","floor":20,"turns":7}],"relics_obtained":[{"floor":7,"key":"The Courier"},{"floor":9,"key":"Tiny Chest"}],"event_choices":[{"event_name":"World of Goop","player_choice":"Gather Gold","floor":5,"damage_taken":0}],"boss_relics":[{"not_picked":["Snecko Eye","Black Star"],"picked":"Lizard Tail"}],"items_purged_floors":[2],"potions_floor_spawned":[1,10,11,14,16,19],"seed_played":"-2087310286869332916","killed_by":"Cultist and Chosen","ascension_level":4,"potions_obtained":[{"floor":1,"key":"LiquidBronze"},{"floor":10,"key":"GamblersBrew"},{"floor":11,"key":"SpeedPotion"},{"floor":14,"key":"Dexterity Potion"},{"floor":19,"key":"Swift Potion"}],"is_trial":false}