{"path_per_floor":["M","?","M","M","?","R","E","R","T","R","M","M","$","M","R","B",null,"M","M","?","?","$","M","$","?","T","R","M","R","?","M","R","B",null,"M","$","M","M","?","R"],"character_chosen":"IRONCLAD","items_purchased":["Flex","Pen Nib"],"gold_per_floor":[117,117,137,152,152,152,181,181,181,181,194,204,107,126,126,224,224,207,221,221,271,22,34,34,34,34,34,46,46,46,61,61,164,164,183,58,77,88,88,88,88],"floor_reached":41,"campfire_rested":1,"playtime":2500,"current_hp_per_floor":[76,76,80,79,79,79,71,71,71,71,76,80,80,80,80,23,80,71,79,63,63,63,54,54,54,54,54,47,47,47,51,75,57,80,56,56,41,35,35,35,0],"items_purged":["Strike_R","Strike_R","Doubt"],"gold":88,"score":392,"play_id":"a89a6975-f6aa-45f8-a6dd-a808cb286ba4","local_time":"20180427171814","is_prod":false,"is_daily":false,"chose_seed":false,"is_ascension_mode":false,"campfire_upgraded":7,"timestamp":1524874694,"path_taken":["M","?","M","M","?","R","E","R","T","R","?","M","$","M","R","BOSS","M","M","?","?","$","M","$","?","T","R","M","R","?","?","R","BOSS","M","$","M","M","?","R","M"],"build_version":"2018-04-26","seed_source_timestamp":203685270677,"purchased_purges":4,"victory":false,"master_deck":["Strike_R","Strike_R","Strike_R","Defend_R","Defend_R","Defend_R","Defend_R","Bash","Heavy Blade","Shrug It Off+1","Cleave+1","Pommel Strike","Body Slam+1","Clash","True Grit+1","Flex","Iron Wave","Impervious","Flex+1","Rampage+1","Shrug It Off+1","Battle Trance+1","Demon Form","Clumsy","Pain"],"max_hp_per_floor":[80,80,80,80,80,80,80,80,80,80,80,80,80,80,80,80,80,80,80,80,80,80,80,80,80,80,80,80,80,80,80,80,80,80,80,80,80,80,80,80,80],"relics":["Burning Blood","Spirit Poop","Mercury Hourglass","Blood Vial","Lizard Tail","Enchiridion","Pen Nib","Letter Opener","Calling Bell","Vajra","Toxic Egg 2","Red Skull"],"card_choices":[{"not_picked":["Feel No Pain","Reckless Charge"],"picked":"Heavy Blade","floor":0},{"not_picked":["Wild Strike","Iron Wave"],"picked":"Shrug It Off","floor":1},{"not_picked":["Ghostly Armor","Feel No Pain"],"picked":"Cleave","floor":3},{"not_picked":["Burning Pact","Bloodletting"],"picked":"Pommel Strike","floor":4},{"not_picked":["Corruption","Shockwave"],"picked":"Body Slam","floor":7},{"not_picked":["Combust","Sword Boomerang"],"picked":"Clash","floor":11},{"not_picked":["Wild Strike","Bloodletting"],"picked":"True Grit","floor":12},{"not_picked":["Wild Strike","Berserk"],"picked":"Iron Wave","floor":14},{"not_picked":["Barricade","Immolate"],"picked":"Impervious","floor":16},{"not_picked":["Shrug It Off","Clash"],"picked":"Flex","floor":18},{"not_picked":["Dual Wield","Wild Strike"],"picked":"Rampage","floor":19},{"not_picked":["Power Through","Armaments"],"picked":"Shrug It Off","floor":23},{"not_picked":["Perfected Strike","Wild Strike"],"picked":"Battle Trance","floor":31},{"not_picked":["Fiend Fire","Berserk"],"picked":"Demon Form","floor":33}],"player_experience":51733,"potions_floor_usage":[16,33],"damage_taken":[{"damage":10,"enemies":"Jaw Worm","floor":1,"turns":4},{"damage":1,"enemies":"Cultist","floor":3,"turns":5},{"damage":7,"enemies":"Small Slimes","floor":4,"turns":3},{"damage":14,"enemies":"Gremlin Nob","floor":7,"turns":4},{"damage":3,"enemies":"Exordium Thugs","floor":11,"turns":3},{"damage":0,"enemies":"2 Fungi Beasts","floor":12,"turns":2},{"damage":1,"enemies":"Gremlin Gang","floor":14,"turns":2},{"damage":63,"enemies":"The Guardian","floor":16,"turns":11},{"damage":15,"enemies":"2 Thieves","floor":18,"turns":4},{"damage":0,"enemies":"Spheric Guardian","floor":19,"turns":3},{"damage":17,"enemies":"Centurion and Healer","floor":23,"turns":6},{"damage":15,"enemies":"Snake Plant","floor":28,"turns":4},{"damage":4,"enemies":"3 Cultists","floor":31,"turns":4},{"damage":26,"enemies":"Automaton","floor":33,"turns":12},{"damage":30,"enemies":"3 Darklings","floor":35,"turns":6},{"damage":23,"enemies":"Orb Walker","floor":37,"turns":4},{"damage":62,"enemies":"Maw","floor":38,"turns":8},{"damage":37,"enemies":"3 Darklings","floor":41,"turns":4}],"event_choices":[{"event_name":"Wheel of Change","player_choice":"Curse","floor":2,"damage_taken":0},{"event_name":"Bonfire Elementals","player_choice":"CURSE","floor":5,"damage_taken":0},{"event_name":"Cursed Tome","player_choice":"Obtained Book","floor":20,"damage_taken":0},{"event_name":"The Joust","player_choice":"Bet on Murderer","floor":21,"damage_taken":0},{"event_name":"The Lab","player_choice":"Got Potions","floor":25,"damage_taken":0},{"event_name":"Addict","player_choice":"Ignored","floor":30,"damage_taken":0},{"event_name":"The Moai Head","player_choice":"Ignored","floor":39,"damage_taken":0}],"boss_relics":[{"not_picked":["Runic Dome","Cursed Key"],"picked":"Lizard Tail"},{"not_picked":["Sozu","Runic Pyramid"],"picked":"Calling Bell"}],"potions_floor_spawned":[3,7,11,16,19,28,33,35,38],"seed_played":"7346793817371971044","killed_by":"3 Darklings","ascension_level":0,"is_trial":false}