{"gold_per_floor":[13,113,131,56,71,100,175,175,175,192,142,13,13,32,32,32],"floor_reached":16,"playtime":672,"items_purged":["Defend_R"],"score":100,"play_id":"21d381e9-0db8-4d25-b893-542378516c20","local_time":"20190118115404","is_ascension_mode":false,"campfire_choices":[{"floor":8,"key":"REST"},{"data":"Flex","floor":15,"key":"SMITH"}],"neow_cost":"NO_GOLD","seed_source_timestamp":788648403170174,"circlet_count":0,"master_deck":["Strike_R","Strike_R","Strike_R","Strike_R","Bash","Perfected Strike","Whirlwind","Flex+1","Perfected Strike","Iron Wave"],"relics":["Burning Blood","Question Card","The Courier"],"potions_floor_usage":[16,16,16],"damage_taken":[{"damage":9,"enemies":"2 Louse","floor":1,"turns":3},{"damage":6,"enemies":"Cultist","floor":3,"turns":3},{"damage":12,"enemies":"Small Slimes","floor":5,"turns":3},{"damage":40,"enemies":"3 Sentries","floor":6,"turns":8},{"damage":8,"enemies":"Exordium Wildlife","floor":10,"turns":4},{"damage":5,"enemies":"Looter","floor":14,"turns":2},{"damage":50,"enemies":"Hexaghost","floor":16,"turns":10}],"seed_played":"-7360801103216475997","potions_obtained":[{"floor":5,"key":"Weak Potion"},{"floor":6,"key":"SkillPotion"},{"floor":10,"key":"EssenceOfSteel"}],"is_trial":false,"path_per_floor":["M","?","M","$","M","E","?","R","T","M","?","$","?","M","R","B"],"character_chosen":"IRONCLAD","items_purchased":["Whirlwind","Flex","Perfected Strike"],"campfire_rested":1,"item_purchase_floors":[12,12,12],"current_hp_per_floor":[77,77,77,77,71,37,26,50,50,48,48,48,48,49,49,0],"gold":32,"neow_bonus":"REMOVE_TWO","is_prod":false,"is_daily":false,"chose_seed":false,"campfire_upgraded":1,"win_rate":0,"timestamp":1547830444,"path_taken":["M","?","?","$","M","E","?","R","T","M","?","?","?","M","R","BOSS"],"build_version":"2019-01-17v2","purchased_purges":1,"victory":false,"max_hp_per_floor":[80,80,80,80,80,80,80,80,80,80,80,80,80,80,80,80],"card_choices":[{"not_picked":["Twin Strike","Perfected Strike","Sword Boomerang"],"picked":"SKIP","floor":1},{"not_picked":["Sentinel","Hemokinesis","Power Through"],"picked":"SKIP","floor":3},{"not_picked":["Heavy Blade","Dropkick"],"picked":"Perfected Strike","floor":5},{"not_picked":["Dropkick","Armaments","Heavy Blade"],"picked":"SKIP","floor":6},{"not_picked":["Pummel","Headbutt","Warcry","Anger"],"picked":"SKIP","floor":10},{"not_picked":["Sword Boomerang","Iron Wave","Pummel","True Grit"],"picked":"SKIP","floor":14}],"player_experience":175172,"relics_obtained":[{"floor":6,"key":"Question Card"},{"floor":9,"key":"The Courier"}],"event_choices":[{"damage_healed":0,"gold_gain":100,"player_choice":"Gold","damage_taken":0,"max_hp_gain":0,"max_hp_loss":0,"event_name":"Wheel of Change","floor":2,"gold_loss":0},{"damage_healed":0,"gold_gain":75,"player_choice":"Gather Gold","damage_taken":11,"max_hp_gain":0,"max_hp_loss":0,"event_name":"World of Goop","floor":7,"gold_loss":0},{"cards_removed":["Strike_R"],"damage_healed":0,"gold_gain":0,"player_choice":"Card Removal","damage_taken":0,"max_hp_gain":0,"max_hp_loss":0,"event_name":"The Cleric","floor":11,"gold_loss":50},{"cards_removed":["Defend_R"],"damage_healed":0,"gold_gain":0,"player_choice":"Took Card","damage_taken":0,"max_hp_gain":0,"max_hp_loss":0,"event_name":"NoteForYourself","floor":13,"gold_loss":0,"cards_obtained":["Iron Wave"]}],"is_beta":false,"boss_relics":[],"items_purged_floors":[4],"is_endless":false,"potions_floor_spawned":[5,6,10],"killed_by":"Hexaghost","ascension_level":0}