{"gold_per_floor":[110,16,16,27,39,68,68,101,101,101,101,26,26,39,39,143,193,212,229,147,147,163,163,197,197,197,197],"floor_reached":27,"playtime":959,"items_purged":[],"score":287,"play_id":"4658a1a4-b443-4545-a4cd-1d13881fb08f","local_time":"20190810003559","is_ascension_mode":true,"campfire_choices":[{"data":"Metallicize","floor":7.0,"key":"SMITH"},{"floor":11.0,"key":"REST"},{"data":"Armaments","floor":13.0,"key":"SMITH"},{"data":"Rage","floor":15.0,"key":"SMITH"},{"floor":23.0,"key":"REST"}],"neow_cost":"NONE","seed_source_timestamp":973262874993598,"circlet_count":0,"master_deck":["Strike_R+1","Strike_R+1","Strike_R+1","Strike_R+1","Strike_R+1","Defend_R+1","Defend_R+1","Defend_R+1","Defend_R+1","Bash","Perfected Strike","Flex","Metallicize+1","Dropkick","Pommel Strike","Armaments+1","Headbutt","Feel No Pain+1","Shrug It Off","Warcry","Rage+1","Demon Form+1","Feel No Pain+1","Rampage","Thunderclap+1","Evolve+1","Ghostly Armor"],"special_seed":0,"relics":["Burning Blood","NeowsBlessing","Mummified Hand","Frozen Egg 2","Mercury Hourglass","Tiny House","Question Card","Orichalcum"],"potions_floor_usage":[24,24],"damage_taken":[{"damage":0.0,"enemies":"Cultist","floor":1.0,"turns":1.0},{"damage":0.0,"enemies":"Jaw Worm","floor":4.0,"turns":1.0},{"damage":0.0,"enemies":"Small Slimes","floor":5.0,"turns":1.0},{"damage":26.0,"enemies":"Gremlin Nob","floor":6.0,"turns":4.0},{"damage":27.0,"enemies":"Lagavulin","floor":8.0,"turns":6.0},{"damage":1.0,"enemies":"Exordium Wildlife","floor":14.0,"turns":3.0},{"damage":39.0,"enemies":"The Guardian","floor":16.0,"turns":11.0},{"damage":15.0,"enemies":"3 Byrds","floor":18.0,"turns":5.0},{"damage":21.0,"enemies":"Shell Parasite","floor":19.0,"turns":7.0},{"damage":21.0,"enemies":"Snecko","floor":22.0,"turns":6.0},{"damage":61,"enemies":"Slavers","floor":24,"turns":6},{"damage":6,"enemies":"3 Cultists","floor":27,"turns":3}],"seed_played":"798431017308147525","potions_obtained":[{"floor":4.0,"key":"SteroidPotion"},{"floor":5.0,"key":"Fire Potion"},{"floor":14.0,"key":"PowerPotion"},{"floor":17.0,"key":"BloodPotion"},{"floor":19.0,"key":"Poison Potion"},{"floor":24,"key":"SkillPotion"}],"is_trial":false,"path_per_floor":["M","$","$","M","M","E","R","E","T","?","R","$","R","M","R","B",null,"M","M","$","?","M","R","E","?","T","M"],"character_chosen":"IRONCLAD","items_purchased":["Flex","Metallicize","Shrug It Off","Warcry","Evolve+1"],"campfire_rested":2,"item_purchase_floors":[2,2,12,12,20],"current_hp_per_floor":[80,80,80,80,80,60,60,39,39,39,63,63,63,68,68,35,85,76,61,61,61,46,71,16,16,16,10],"gold":197,"neow_bonus":"THREE_ENEMY_KILL","is_prod":false,"is_daily":false,"chose_seed":false,"campfire_upgraded":3,"win_rate":0,"timestamp":1565422559,"path_taken":["M","?","$","?","?","E","R","E","T","?","R","$","R","?","R","BOSS","M","M","$","?","M","R","E","?","T","M"],"build_version":"2019-07-17","purchased_purges":0,"victory":false,"max_hp_per_floor":[80,80,80,80,80,80,80,80,80,80,80,80,80,80,80,80,85,85,85,85,85,85,85,85,85,85,85],"card_choices":[{"not_picked":["Clothesline","Iron Wave"],"picked":"Perfected Strike","floor":1.0},{"not_picked":["Corruption","Havoc"],"picked":"Dropkick","floor":4.0},{"not_picked":["Sword Boomerang","Power Through"],"picked":"Pommel Strike","floor":5.0},{"not_picked":["Burning Pact","Fiend Fire"],"picked":"Armaments","floor":6.0},{"not_picked":["Sword Boomerang","Burning Pact"],"picked":"Headbutt","floor":8.0},{"not_picked":["Clash","Iron Wave"],"picked":"Rage","floor":14.0},{"not_picked":["Berserk+1","Dark Embrace+1"],"picked":"Demon Form+1","floor":16.0},{"not_picked":["Twin Strike","Thunderclap"],"picked":"Feel No Pain+1","floor":17.0},{"not_picked":["Sever Soul","Havoc"],"picked":"Rampage","floor":18.0},{"not_picked":["Warcry","Pommel Strike"],"picked":"Thunderclap+1","floor":19.0},{"not_picked":["Iron Wave","Clothesline","Armaments"],"picked":"SKIP","floor":22.0},{"not_picked":["Uppercut","Dual Wield+1"],"picked":"Ghostly Armor","floor":24}],"player_experience":2806388,"relics_obtained":[{"floor":6.0,"key":"Mummified Hand"},{"floor":8.0,"key":"Frozen Egg 2"},{"floor":9.0,"key":"Mercury Hourglass"},{"floor":24,"key":"Question Card"},{"floor":26,"key":"Orichalcum"}],"event_choices":[{"damage_healed":0.0,"max_hp_gain":0.0,"max_hp_loss":0.0,"gold_gain":0.0,"event_name":"Match and Keep!","player_choice":"1 cards matched","floor":10.0,"gold_loss":0.0,"damage_taken":0.0,"cards_obtained":["Feel No Pain"]},{"damage_healed":0.0,"max_hp_gain":0.0,"max_hp_loss":0.0,"gold_gain":0.0,"event_name":"Back to Basics","player_choice":"Simplicity","floor":21.0,"gold_loss":0.0,"damage_taken":0.0,"cards_upgraded":["Strike_R","Strike_R","Strike_R","Strike_R","Strike_R","Defend_R","Defend_R","Defend_R"]},{"damage_healed":0,"gold_gain":0,"player_choice":"Ignored","damage_taken":0,"max_hp_gain":0,"max_hp_loss":0,"event_name":"The Mausoleum","floor":25,"gold_loss":0}],"is_beta":false,"boss_relics":[{"not_picked":["Calling Bell","Busted Crown"],"picked":"Tiny House"}],"items_purged_floors":[],"is_endless":false,"potions_floor_spawned":[4,5,14,19,24],"killed_by":"3 Cultists","ascension_level":4}