{"gold_per_floor":[118,129,145,145,159,159,203,167,222,253,268,268],"floor_reached":12,"playtime":588,"items_purged":[],"score":99,"play_id":"fdf6717d-3f33-4335-b7f3-897f6377338e","local_time":"20190627123929","is_ascension_mode":true,"campfire_choices":[{"floor":6,"key":"RECALL"}],"neow_cost":"NONE","seed_source_timestamp":1246652228996526,"circlet_count":0,"master_deck":["Strike_B","Strike_B+1","Strike_B","Strike_B","Defend_B","Defend_B","Defend_B","Defend_B","Zap","Dualcast","Amplify","Redo","Chill","Heatsinks","Injury","White Noise","Go for the Eyes+1","Capacitor","Static Discharge","Stack"],"relics":["Cracked Core","Golden Idol","Mummified Hand","Whetstone"],"potions_floor_usage":[10,12],"damage_taken":[{"damage":1,"enemies":"Cultist","floor":1,"turns":3},{"damage":10,"enemies":"Small Slimes","floor":2,"turns":2},{"damage":2,"enemies":"2 Louse","floor":3,"turns":2},{"damage":13,"enemies":"Red Slaver","floor":5,"turns":3},{"damage":13,"enemies":"Lagavulin","floor":7,"turns":6},{"damage":18,"enemies":"3 Sentries","floor":10,"turns":8},{"damage":13,"enemies":"Blue Slaver","floor":11,"turns":2},{"damage":9,"enemies":"Lagavulin","floor":12,"turns":4}],"seed_played":"2721865564443862693","potions_obtained":[{"floor":2,"key":"Strength Potion"},{"floor":7,"key":"SkillPotion"},{"floor":10,"key":"Explosive Potion"},{"floor":11,"key":"Energy Potion"}],"is_trial":false,"path_per_floor":["M","M","M","?","M","R","E","$","T","E","M","E"],"character_chosen":"DEFECT","items_purchased":["Capacitor"],"campfire_rested":0,"item_purchase_floors":[8],"current_hp_per_floor":[74,64,62,62,49,49,36,36,36,18,5,0],"gold":268,"neow_bonus":"ONE_RANDOM_RARE_CARD","is_prod":false,"is_daily":false,"chose_seed":false,"campfire_upgraded":0,"win_rate":0,"timestamp":1561653569,"path_taken":["M","M","?","?","M","R","E","$","T","E","M","E"],"build_version":"2019-01-23","purchased_purges":0,"victory":false,"max_hp_per_floor":[75,75,75,75,75,75,75,75,75,75,75,75],"card_choices":[{"not_picked":["Steam Power","Go for the Eyes"],"picked":"Redo","floor":1},{"not_picked":["Gash","Recycle"],"picked":"Chill","floor":2},{"not_picked":["Hologram","Lockon"],"picked":"Heatsinks","floor":3},{"not_picked":["Steam","Lockon"],"picked":"White Noise","floor":5},{"not_picked":["Ball Lightning","Sweeping Beam"],"picked":"Go for the Eyes","floor":7},{"not_picked":["Rebound","Leap"],"picked":"Static Discharge","floor":10},{"not_picked":["Cold Snap","Rebound"],"picked":"Stack","floor":11}],"player_experience":234401,"relics_obtained":[{"floor":7,"key":"Mummified Hand"},{"floor":10,"key":"Whetstone"}],"event_choices":[{"damage_healed":0,"gold_gain":0,"player_choice":"Take Wound","damage_taken":0,"relics_obtained":["Golden Idol"],"max_hp_gain":0,"max_hp_loss":0,"event_name":"Golden Idol","floor":4,"gold_loss":0,"cards_obtained":["Injury"]}],"is_beta":false,"boss_relics":[],"items_purged_floors":[],"is_endless":false,"potions_floor_spawned":[2,7,10,11],"killed_by":"Lagavulin","ascension_level":2}