{"gold_per_floor":[110,120,96,115,115,140,140,140,205,217,258,289,315,358,370,484,496,519,545,312,331,7,7,7,21,93,93,2,2,2,37,37,134,134,152,172,189,15,31,31,50,50,75,75,103,117,0,0,0,0],"floor_reached":50,"playtime":76706,"items_purged":["Strike_R","Strike_R"],"score":667,"play_id":"9acc412a-2dc4-49bc-94cc-18cd814568a3","local_time":"20190807223004","is_ascension_mode":true,"campfire_choices":[{"floor":7.0,"key":"REST"},{"data":"Evolve","floor":10.0,"key":"SMITH"},{"floor":15.0,"key":"REST"},{"floor":23.0,"key":"REST"},{"floor":27.0,"key":"REST"},{"floor":29.0,"key":"REST"},{"floor":32.0,"key":"REST"},{"floor":40.0,"key":"REST"},{"data":"Inflame","floor":42.0,"key":"SMITH"},{"floor":44.0,"key":"REST"},{"floor":49,"key":"REST"}],"neow_cost":"NONE","seed_source_timestamp":0,"circlet_count":0,"master_deck":["Strike_R","Strike_R","Defend_R","Defend_R","Defend_R","Defend_R","Bash","Thunderclap","Evolve+1","Shrug It Off","Headbutt","Battle Trance+1","Armaments+1","Ghostly Armor+1","Limit Break+1","Rampage","Dark Embrace","Inflame","Clash","Flex+1","Disarm+1","Inflame","Seeing Red+1","Heavy Blade","Warcry+1","Heavy Blade","Cleave","Seeing Red+1","Limit Break+1","Reaper","Havoc+1","Berserk","Flame Barrier+1","Dual Wield+1","Inflame+1","Pummel","Shockwave+1","Intimidate+1","Warcry+1","Perfected Strike+1","Berserk","Entrench+1"],"special_seed":0,"relics":["Burning Blood","Pen Nib","Sundial","MawBank","Happy Flower","Toxic Egg 2","Dream Catcher","Runic Cube","Tiny Chest","Membership Card","The Courier","PreservedInsect","NlothsMask","Potion Belt","Runic Pyramid","HandDrill","Oddly Smooth Stone","Red Mask"],"potions_floor_usage":[50,50],"damage_taken":[{"damage":1.0,"enemies":"Cultist","floor":1.0,"turns":3.0},{"damage":2.0,"enemies":"Jaw Worm","floor":2.0,"turns":3.0},{"damage":0.0,"enemies":"Small Slimes","floor":4.0,"turns":3.0},{"damage":21.0,"enemies":"3 Sentries","floor":6.0,"turns":8.0},{"damage":40.0,"enemies":"Lagavulin","floor":11.0,"turns":6.0},{"damage":0.0,"enemies":"2 Fungi Beasts","floor":12.0,"turns":3.0},{"damage":11.0,"enemies":"Lots of Slimes","floor":13.0,"turns":3.0},{"damage":15.0,"enemies":"3 Sentries","floor":14.0,"turns":7.0},{"damage":32.0,"enemies":"The Guardian","floor":16.0,"turns":10.0},{"damage":17.0,"enemies":"Shell Parasite","floor":18.0,"turns":8.0},{"damage":32.0,"enemies":"Spheric Guardian","floor":19.0,"turns":8.0},{"damage":22.0,"enemies":"Shelled Parasite and Fungi","floor":21.0,"turns":6.0},{"damage":27.0,"enemies":"Snecko","floor":25.0,"turns":6.0},{"damage":46.0,"enemies":"Slavers","floor":31.0,"turns":5.0},{"damage":54.0,"enemies":"Champ","floor":33.0,"turns":7.0},{"damage":44.0,"enemies":"3 Shapes","floor":35.0,"turns":5.0},{"damage":24.0,"enemies":"Orb Walker","floor":36.0,"turns":3.0},{"damage":37.0,"enemies":"Transient","floor":37.0,"turns":5.0},{"damage":54.0,"enemies":"Writhing Mass","floor":39.0,"turns":7.0},{"damage":0.0,"enemies":"Jaw Worm Horde","floor":41.0,"turns":4.0},{"damage":53.0,"enemies":"Nemesis","floor":45.0,"turns":5.0},{"damage":18.0,"enemies":"4 Shapes","floor":46.0,"turns":7.0},{"damage":86,"enemies":"Donu and Deca","floor":50,"turns":6}],"seed_played":"1450247853135673020","potions_obtained":[{"floor":2.0,"key":"Weak Potion"},{"floor":6.0,"key":"EssenceOfSteel"},{"floor":13.0,"key":"SkillPotion"},{"floor":14.0,"key":"AttackPotion"},{"floor":18.0,"key":"SpeedPotion"},{"floor":31.0,"key":"Weak Potion"},{"floor":36.0,"key":"Swift Potion"},{"floor":37.0,"key":"BloodPotion"},{"floor":39.0,"key":"SpeedPotion"}],"is_trial":false,"path_per_floor":["M","M","$","M","?","E","R","T","T","R","E","M","M","E","R","B",null,"M","M","$","M","$","R","?","M","T","R","$","R","?","E","R","B",null,"M","M","M","$","M","R","M","R","T","R","E","M","?","?","R","B"],"character_chosen":"IRONCLAD","items_purchased":["Shrug It Off","Flex+1","Tiny Chest","Membership Card","Inflame","Seeing Red+1","Heavy Blade","Warcry+1","Seeing Red+1","PreservedInsect","Inflame","HandDrill","Pummel"],"campfire_rested":9,"item_purchase_floors":[3,20,20,22,22,22,22,22,28,28,38,38,38],"current_hp_per_floor":[80,80,80,80,73,58,80,80,80,80,46,52,47,38,62,36,80,69,43,43,27,27,51,36,15,15,40,40,65,65,25,50,10,85,67,49,36,36,33,58,64,64,64,85,38,67,67,67,85,0],"gold":0,"neow_bonus":"RANDOM_COMMON_RELIC","is_prod":false,"is_daily":false,"chose_seed":false,"campfire_upgraded":2,"win_rate":0,"timestamp":1565242204,"path_taken":["M","?","?","M","?","E","R","?","T","R","E","?","M","E","R","BOSS","M","M","$","M","$","R","?","M","T","R","$","R","?","E","R","BOSS","M","M","?","$","M","R","M","R","T","R","E","M","?","?","R","BOSS"],"build_version":"2019-07-17","purchased_purges":2,"victory":false,"max_hp_per_floor":[80,80,80,80,80,80,80,80,80,80,80,80,80,80,80,80,80,80,80,80,80,80,80,85,85,85,85,85,85,85,85,85,85,85,85,85,85,85,85,85,85,85,85,85,85,85,85,85,85,85],"card_choices":[{"not_picked":["Cleave","Warcry"],"picked":"Thunderclap","floor":1.0},{"not_picked":["Rage","Pommel Strike"],"picked":"Evolve","floor":2.0},{"not_picked":["Wild Strike","Iron Wave"],"picked":"Headbutt","floor":4.0},{"not_picked":["Immolate","Iron Wave","Power Through"],"picked":"SKIP","floor":6.0},{"not_picked":["Fiend Fire","Rupture"],"picked":"Battle Trance","floor":11.0},{"not_picked":["Thunderclap","Havoc+1"],"picked":"Armaments+1","floor":12.0},{"not_picked":["Anger","Evolve"],"picked":"Ghostly Armor+1","floor":13.0},{"not_picked":["Shrug It Off+1","Pommel Strike"],"picked":"Limit Break+1","floor":14.0},{"not_picked":["Sword Boomerang","Clothesline"],"picked":"Rampage","floor":15.0},{"not_picked":["Exhume+1","Brutality"],"picked":"Dark Embrace","floor":16.0},{"not_picked":["Rampage","Sword Boomerang"],"picked":"Inflame","floor":18.0},{"not_picked":["Power Through+1","Rampage"],"picked":"Clash","floor":19.0},{"not_picked":["Body Slam","Clash+1"],"picked":"Disarm+1","floor":21.0},{"not_picked":["Sentinel+1","Armaments+1"],"picked":"Heavy Blade","floor":23.0},{"not_picked":["Bloodletting+1","Sword Boomerang","Sever Soul"],"picked":"SKIP","floor":25.0},{"not_picked":["Twin Strike","Iron Wave"],"picked":"Cleave","floor":27.0},{"not_picked":["Combust","Rage+1"],"picked":"Limit Break+1","floor":29.0},{"not_picked":["Disarm+1","Heavy Blade+1"],"picked":"Reaper","floor":31.0},{"not_picked":["Iron Wave","Cleave"],"picked":"Havoc+1","floor":32.0},{"not_picked":["Limit Break+1","Barricade"],"picked":"Berserk","floor":33.0},{"not_picked":["Havoc+1","Anger","Wild Strike+1"],"picked":"SKIP","floor":35.0},{"not_picked":["Iron Wave+1","True Grit+1"],"picked":"Flame Barrier+1","floor":36.0},{"not_picked":["Cleave","Wild Strike+1"],"picked":"Dual Wield+1","floor":37.0},{"not_picked":["Rage+1","Whirlwind"],"picked":"Shockwave+1","floor":39.0},{"not_picked":["Clash","Cleave"],"picked":"Intimidate+1","floor":40.0},{"not_picked":["Havoc+1","Perfected Strike","Hemokinesis"],"picked":"SKIP","floor":41.0},{"not_picked":["Second Wind+1","Corruption+1"],"picked":"Warcry+1","floor":44.0},{"not_picked":["Evolve+1","Body Slam"],"picked":"Perfected Strike+1","floor":45.0},{"not_picked":["Perfected Strike","Armaments+1"],"picked":"Berserk","floor":46.0},{"not_picked":["Armaments+1","Clash"],"picked":"Entrench+1","floor":49}],"player_experience":2619793,"relics_obtained":[{"floor":6.0,"key":"Sundial"},{"floor":8.0,"key":"MawBank"},{"floor":9.0,"key":"Happy Flower"},{"floor":11.0,"key":"Toxic Egg 2"},{"floor":14.0,"key":"Dream Catcher"},{"floor":26.0,"key":"The Courier"},{"floor":31.0,"key":"Potion Belt"},{"floor":45.0,"key":"Oddly Smooth Stone"}],"event_choices":[{"cards_removed":["Strike_R"],"damage_healed":0.0,"max_hp_gain":0.0,"max_hp_loss":0.0,"gold_gain":0.0,"event_name":"Golden Wing","player_choice":"Card Removal","floor":5.0,"gold_loss":0.0,"damage_taken":7.0},{"damage_healed":0.0,"max_hp_gain":5.0,"max_hp_loss":0.0,"gold_gain":0.0,"event_name":"Forgotten Altar","player_choice":"Shed Blood","floor":24.0,"gold_loss":0.0,"damage_taken":20.0},{"damage_healed":0.0,"max_hp_gain":0.0,"max_hp_loss":0.0,"gold_gain":0.0,"event_name":"FaceTrader","player_choice":"Trade","floor":30.0,"gold_loss":0.0,"damage_taken":0.0,"relics_obtained":["NlothsMask"]},{"damage_healed":0.0,"max_hp_gain":0.0,"max_hp_loss":0.0,"gold_gain":0.0,"event_name":"Tomb of Lord Red Mask","player_choice":"Paid","floor":47.0,"gold_loss":117.0,"damage_taken":0.0,"relics_obtained":["Red Mask"]},{"damage_healed":0,"gold_gain":0,"player_choice":"Ignored","damage_taken":0,"max_hp_gain":0,"max_hp_loss":0,"event_name":"Mysterious Sphere","floor":48,"gold_loss":0}],"is_beta":false,"boss_relics":[{"not_picked":["Lizard Tail","Astrolabe"],"picked":"Runic Cube"},{"not_picked":["Empty Cage","Calling Bell"],"picked":"Runic Pyramid"}],"items_purged_floors":[20,38],"is_endless":false,"potions_floor_spawned":[2,6,13,14,18,21,31,36,37,39],"killed_by":"Donu and Deca","ascension_level":4}