{"gold_per_floor":[117,129,141,56,131,131,158,171,252,252,280,293,74,74],"floor_reached":14,"playtime":1332,"items_purged":[],"score":125,"play_id":"ed4cb7d3-253d-407d-9b61-771794803fd0","local_time":"20190906175450","is_ascension_mode":true,"campfire_choices":[{"data":"Noxious Fumes","floor":6.0,"key":"SMITH"},{"floor":10,"key":"REST"}],"neow_cost":"NONE","seed_source_timestamp":362510031740020,"circlet_count":0,"master_deck":["Strike_G","Strike_G","Strike_G","Strike_G","Strike_G","Defend_G","Defend_G","Defend_G","Defend_G","Defend_G","Survivor","Neutralize","Prepared","Flying Knee","PiercingWail","Noxious Fumes+1","Sucker Punch","Bullet Time","Blur","PiercingWail","Slice","Well Laid Plans","Deflect"],"special_seed":0,"relics":["Ring of the Snake","NeowsBlessing","Peace Pipe","The Courier","Bronze Scales","Membership Card"],"potions_floor_usage":[8,11],"damage_taken":[{"damage":0.0,"enemies":"Jaw Worm","floor":1.0,"turns":1.0},{"damage":0.0,"enemies":"Cultist","floor":2.0,"turns":1.0},{"damage":0.0,"enemies":"2 Louse","floor":3.0,"turns":1.0},{"damage":15,"enemies":"3 Sentries","floor":7,"turns":6},{"damage":17,"enemies":"Lots of Slimes","floor":8,"turns":5},{"damage":27,"enemies":"Gremlin Nob","floor":11,"turns":6},{"damage":0,"enemies":"3 Louse","floor":12,"turns":4},{"damage":25,"enemies":"3 Sentries","floor":14,"turns":6}],"seed_played":"-8261913207773418203","potions_obtained":[{"floor":2.0,"key":"GamblersBrew"},{"floor":3.0,"key":"GhostInAJar"},{"floor":11,"key":"FearPotion"}],"is_trial":false,"path_per_floor":["M","M","M","$","?","R","E","M","T","R","E","M","$","E"],"character_chosen":"THE_SILENT","items_purchased":["Noxious Fumes","Sucker Punch","Membership Card","Well Laid Plans","Deflect"],"campfire_rested":1,"item_purchase_floors":[4,4,13,13,13],"current_hp_per_floor":[70,70,70,70,59,59,44,27,27,48,21,21,21,0],"gold":74,"neow_bonus":"THREE_ENEMY_KILL","is_prod":false,"is_daily":false,"chose_seed":false,"campfire_upgraded":1,"win_rate":0,"timestamp":1567817690,"path_taken":["M","M","M","$","?","R","E","M","T","R","E","M","$","E"],"build_version":"2019-07-17","purchased_purges":0,"victory":false,"max_hp_per_floor":[70,70,70,70,70,70,70,70,70,70,70,70,70,70],"card_choices":[{"not_picked":["Underhanded Strike","Finisher"],"picked":"Prepared","floor":1.0},{"not_picked":["Slice","Dodge and Roll"],"picked":"Flying Knee","floor":2.0},{"not_picked":["Eviscerate","Dagger Spray"],"picked":"PiercingWail","floor":3.0},{"not_picked":["Infinite Blades","PiercingWail"],"picked":"Bullet Time","floor":7},{"not_picked":["Acrobatics","Backflip"],"picked":"Blur","floor":8},{"not_picked":["Dodge and Roll","Cloak And Dagger"],"picked":"PiercingWail","floor":11},{"not_picked":["Blade Dance","Cloak And Dagger"],"picked":"Slice","floor":12}],"player_experience":3120777,"relics_obtained":[{"floor":7,"key":"Peace Pipe"},{"floor":9,"key":"The Courier"},{"floor":11,"key":"Bronze Scales"}],"event_choices":[{"damage_healed":0.0,"max_hp_gain":0.0,"max_hp_loss":0.0,"gold_gain":75.0,"event_name":"World of Goop","player_choice":"Gather Gold","floor":5.0,"gold_loss":0.0,"damage_taken":11.0}],"is_beta":false,"boss_relics":[],"items_purged_floors":[],"is_endless":false,"potions_floor_spawned":[2,3,11],"killed_by":"3 Sentries","ascension_level":5}