{"gold_per_floor":[116,59,77,8,27,27,27,57,57,57,57,74,97,132,132,237,237,254,33,50,50,150,165,192,210,210,210,224,224,224,236,236,337,337,357,375,375,29,43,76,76,108,108,108,126,26,53,72,72,72],"floor_reached":51,"playtime":4819,"items_purged":["Strike_B","Defend_B"],"score":966,"play_id":"c5cc8fdb-0075-4545-9c65-b0801010fd7b","local_time":"20190816111627","is_ascension_mode":true,"campfire_choices":[{"data":"Defragment","floor":6.0,"key":"SMITH"},{"floor":10.0,"key":"REST"},{"floor":15.0,"key":"REST"},{"floor":27.0,"key":"REST"},{"data":"Lockon","floor":30.0,"key":"SMITH"},{"floor":32,"key":"REST"},{"floor":44,"key":"DIG"},{"floor":49,"key":"DIG"}],"neow_cost":"NONE","seed_source_timestamp":0,"circlet_count":0,"master_deck":["Strike_B","Defend_B","Defend_B+1","Defend_B+1","Zap","Dualcast+1","Lockon+1","Defragment+1","Defragment+1","Conserve Battery+1","Biased Cognition","Coolheaded+1","Fusion+1","Buffer+1","Tempest+1","Storm+1","Hologram+1","RitualDagger","Capacitor+1","Conserve Battery+1","Multi-Cast+1","Stack+1","Stack+1","Defragment+1","Loop+1","Seek+1","Rebound+1","Chill+1","Conserve Battery+1","Machine Learning+1","Self Repair+1","BootSequence+1","Force Field+1","Barrage+1"],"special_seed":0,"relics":["Cracked Core","Bag of Preparation","Toxic Egg 2","Gambling Chip","Frozen Egg 2","Odd Mushroom","PreservedInsect","Lizard Tail","Blood Vial","Shovel","Dream Catcher","Inserter","ClockworkSouvenir","Potion Belt","Cables","Gremlin Horn","War Paint","Strawberry","Orichalcum"],"potions_floor_usage":[33,47,50,50],"damage_taken":[{"damage":3.0,"enemies":"2 Louse","floor":1.0,"turns":2.0},{"damage":0.0,"enemies":"Cultist","floor":3.0,"turns":2.0},{"damage":10.0,"enemies":"Small Slimes","floor":5.0,"turns":2.0},{"damage":20.0,"enemies":"Lagavulin","floor":8.0,"turns":5.0},{"damage":4.0,"enemies":"Red Slaver","floor":12.0,"turns":2.0},{"damage":20.0,"enemies":"The Mushroom Lair","floor":13.0,"turns":4.0},{"damage":15.0,"enemies":"3 Sentries","floor":14.0,"turns":7.0},{"damage":0.0,"enemies":"The Guardian","floor":16.0,"turns":8.0},{"damage":2.0,"enemies":"Chosen","floor":18.0,"turns":5.0},{"damage":11.0,"enemies":"2 Thieves","floor":20.0,"turns":3.0},{"damage":12.0,"enemies":"Snake Plant","floor":23.0,"turns":2.0},{"damage":11.0,"enemies":"Book of Stabbing","floor":24.0,"turns":3.0},{"damage":13.0,"enemies":"Snecko","floor":25.0,"turns":3.0},{"damage":2.0,"enemies":"Cultist and Chosen","floor":28.0,"turns":4.0},{"damage":5.0,"enemies":"Snake Plant","floor":31.0,"turns":3.0},{"damage":9,"enemies":"Automaton","floor":33,"turns":8},{"damage":4,"enemies":"3 Shapes","floor":35,"turns":3},{"damage":1,"enemies":"3 Darklings","floor":36,"turns":5},{"damage":9,"enemies":"4 Shapes","floor":39,"turns":4},{"damage":0,"enemies":"Giant Head","floor":40,"turns":5},{"damage":0,"enemies":"Nemesis","floor":42,"turns":5},{"damage":0,"enemies":"Sphere and 2 Shapes","floor":45,"turns":4},{"damage":0,"enemies":"Reptomancer","floor":47,"turns":4},{"damage":0,"enemies":"Jaw Worm Horde","floor":48,"turns":5},{"damage":9,"enemies":"Time Eater","floor":50,"turns":6}],"seed_played":"-7176372892507695122","potions_obtained":[{"floor":3.0,"key":"SteroidPotion"},{"floor":5.0,"key":"SpeedPotion"},{"floor":13.0,"key":"Ancient Potion"},{"floor":14.0,"key":"SpeedPotion"},{"floor":20.0,"key":"Block Potion"},{"floor":24.0,"key":"PowerPotion"},{"floor":28.0,"key":"Dexterity Potion"},{"floor":35,"key":"Weak Potion"},{"floor":39,"key":"Strength Potion"},{"floor":42,"key":"SkillPotion"}],"is_trial":false,"path_per_floor":["M","?","M","$","M","R","?","E","T","R","?","M","?","E","R","B",null,"M","$","M","?","?","M","E","M","T","R","M","?","R","M","R","B",null,"M","M","?","$","M","E","?","E","T","R","M","$","E","M","R","B",null],"character_chosen":"DEFECT","items_purchased":["Defragment","Storm+1","Blood Vial","ClockworkSouvenir","Self Repair+1"],"campfire_rested":4,"item_purchase_floors":[4,19,19,38,38],"current_hp_per_floor":[72,72,72,72,62,62,62,42,42,64,64,60,40,25,47,47,75,73,73,64,58,58,48,39,28,28,50,50,50,50,47,69,62,75,71,72,72,72,75,75,75,75,75,75,75,75,82,82,82,82],"gold":72,"neow_bonus":"RANDOM_COMMON_RELIC","is_prod":false,"is_daily":false,"chose_seed":false,"campfire_upgraded":2,"win_rate":0,"timestamp":1565972187,"path_taken":["M","?","M","$","?","R","?","E","T","R","?","?","?","E","R","BOSS","M","$","M","?","?","M","E","?","T","R","M","?","R","M","R","BOSS","M","M","?","$","?","E","?","E","T","R","M","$","E","M","R","BOSS"],"build_version":"2019-07-17","purchased_purges":2,"victory":true,"max_hp_per_floor":[75,75,75,75,75,75,75,75,75,75,75,75,75,75,75,75,75,75,75,75,75,75,75,75,75,75,75,75,75,75,75,75,75,75,75,75,75,75,75,75,75,75,75,75,75,75,82,82,82,82],"card_choices":[{"not_picked":["Stack","Sweeping Beam"],"picked":"Lockon","floor":1.0},{"not_picked":["Scrape","Conserve Battery+1"],"picked":"Defragment","floor":3.0},{"not_picked":["Steam+1","Barrage"],"picked":"Conserve Battery+1","floor":5.0},{"not_picked":["Recycle+1","Chaos+1"],"picked":"Biased Cognition","floor":8.0},{"not_picked":["Cold Snap","Leap+1"],"picked":"Coolheaded+1","floor":12.0},{"not_picked":["Steam+1","Rebound"],"picked":"Fusion+1","floor":13.0},{"not_picked":["Turbo+1","Blizzard","Scrape"],"picked":"SKIP","floor":14.0},{"not_picked":["All For One","Seek+1"],"picked":"Buffer+1","floor":16.0},{"not_picked":["Stack+1","Reinforced Body+1"],"picked":"Tempest+1","floor":18.0},{"not_picked":["Melter","Compile Driver+1"],"picked":"Hologram+1","floor":20.0},{"not_picked":["Conserve Battery+1","Rip and Tear","Compile Driver"],"picked":"SKIP","floor":23.0},{"not_picked":["Sweeping Beam+1","Rebound"],"picked":"Capacitor+1","floor":24.0},{"not_picked":["Rip and Tear","Beam Cell"],"picked":"Conserve Battery+1","floor":25.0},{"not_picked":["Aggregate+1","Chill+1"],"picked":"Multi-Cast+1","floor":27.0},{"not_picked":["Beam Cell","Redo+1"],"picked":"Stack+1","floor":28.0},{"not_picked":["FTL","Sunder"],"picked":"Defragment+1","floor":31.0},{"not_picked":["Beam Cell","Gash+1"],"picked":"Loop+1","floor":32},{"not_picked":["Rainbow+1","Multi-Cast+1"],"picked":"Seek+1","floor":33},{"not_picked":["Go for the Eyes+1","Hello World+1"],"picked":"Rebound+1","floor":35},{"not_picked":["Stack+1","Reprogram+1"],"picked":"Chill+1","floor":36},{"not_picked":["Sweeping Beam+1","Turbo+1","Hologram+1"],"picked":"SKIP","floor":39},{"not_picked":["Ball Lightning+1","Seek+1"],"picked":"BootSequence+1","floor":40},{"not_picked":["Reprogram+1","Doom and Gloom","Steam+1"],"picked":"SKIP","floor":42},{"not_picked":["Melter+1","Steam+1","Barrage"],"picked":"SKIP","floor":45},{"not_picked":["Hello World+1","Hologram+1"],"picked":"Force Field+1","floor":47},{"not_picked":["Rip and Tear+1","Compile Driver"],"picked":"Barrage+1","floor":48}],"player_experience":158232,"relics_obtained":[{"floor":8.0,"key":"Gambling Chip"},{"floor":9.0,"key":"Frozen Egg 2"},{"floor":13.0,"key":"Odd Mushroom"},{"floor":14.0,"key":"PreservedInsect"},{"floor":24.0,"key":"Shovel"},{"floor":26.0,"key":"Dream Catcher"},{"floor":40,"key":"Potion Belt"},{"floor":42,"key":"Cables"},{"floor":43,"key":"Gremlin Horn"},{"floor":44,"key":"War Paint"},{"floor":47,"key":"Strawberry"},{"floor":49,"key":"Orichalcum"}],"event_choices":[{"damage_healed":0.0,"max_hp_gain":0.0,"max_hp_loss":0.0,"gold_gain":0.0,"event_name":"WeMeetAgain","player_choice":"Paid Gold","floor":2.0,"gold_loss":57.0,"damage_taken":0.0,"relics_obtained":["Toxic Egg 2"]},{"damage_healed":0.0,"max_hp_gain":0.0,"max_hp_loss":0.0,"gold_gain":0.0,"event_name":"Living Wall","player_choice":"Grow","floor":7.0,"gold_loss":0.0,"damage_taken":0.0,"cards_upgraded":["Defragment"]},{"damage_healed":0.0,"max_hp_gain":0.0,"max_hp_loss":0.0,"gold_gain":0.0,"event_name":"Upgrade Shrine","player_choice":"Upgraded","floor":11.0,"gold_loss":0.0,"damage_taken":0.0,"cards_upgraded":["Dualcast"]},{"damage_healed":0.0,"max_hp_gain":0.0,"max_hp_loss":0.0,"gold_gain":0.0,"event_name":"Mushrooms","player_choice":"Fought Mushrooms","floor":13.0,"gold_loss":0.0,"damage_taken":0.0},{"damage_healed":0.0,"max_hp_gain":0.0,"max_hp_loss":0.0,"gold_gain":0.0,"event_name":"Nest","player_choice":"Joined the Cult","floor":21.0,"gold_loss":0.0,"damage_taken":6.0,"cards_obtained":["RitualDagger"]},{"damage_healed":0.0,"max_hp_gain":0.0,"max_hp_loss":0.0,"gold_gain":100.0,"event_name":"Golden Shrine","player_choice":"Pray","floor":22.0,"gold_loss":0.0,"damage_taken":0.0},{"damage_healed":0.0,"max_hp_gain":0.0,"max_hp_loss":0.0,"gold_gain":0.0,"cards_transformed":["Strike_B","Strike_B"],"event_name":"Drug Dealer","player_choice":"Became Test Subject","floor":29.0,"gold_loss":0.0,"damage_taken":0.0,"cards_obtained":["Doom and Gloom","Stack"]},{"damage_healed":0,"gold_gain":0,"player_choice":"2 cards matched","damage_taken":0,"max_hp_gain":0,"max_hp_loss":0,"event_name":"Match and Keep!","floor":37,"gold_loss":0,"cards_obtained":["Conserve Battery","Machine Learning"]},{"cards_removed":["Doom and Gloom"],"damage_healed":0,"gold_gain":0,"player_choice":"Removed Attack","damage_taken":0,"max_hp_gain":0,"max_hp_loss":0,"event_name":"Falling","floor":41,"gold_loss":0}],"is_beta":false,"boss_relics":[{"not_picked":["Velvet Choker","Empty Cage"],"picked":"Lizard Tail"},{"not_picked":["FrozenCore","White Beast Statue"],"picked":"Inserter"}],"items_purged_floors":[38,46],"is_endless":false,"potions_floor_spawned":[3,5,13,14,20,24,28,35,39,42],"ascension_level":3}