{"gold_per_floor":[112,112,126,138,89,89,119,133,133,153,163,163,163,174,174,270,270,288,288,308,152,163,163,498,515,538,538,573,598,610,642,654,666],"floor_reached":33,"playtime":6126,"items_purged":["Writhe"],"score":349,"play_id":"2fefb954-1d00-4dd8-bfbc-1364817c0336","local_time":"20190902144109","is_ascension_mode":true,"campfire_choices":[{"data":"Footwork","floor":6.0,"key":"SMITH"},{"floor":12.0,"key":"REST"},{"data":"After Image","floor":15.0,"key":"SMITH"},{"floor":23,"key":"REST"},{"floor":27,"key":"REST"},{"floor":30,"key":"REST"},{"floor":32,"key":"REST"}],"neow_cost":"TEN_PERCENT_HP_LOSS","seed_source_timestamp":0,"circlet_count":0,"master_deck":["Strike_G","Strike_G","Strike_G","Strike_G","Defend_G","Defend_G","Defend_G","Defend_G","Defend_G","Survivor","Neutralize","Deadly Poison","Backflip","After Image+1","Deflect","Footwork+1","Backflip","Malaise","Infinite Blades","Blade Dance","Dash","Poisoned Stab","Unload","Cloak And Dagger","Blade Dance","Infinite Blades","Backflip+1","Outmaneuver","Distraction","Crippling Poison+1","Noxious Fumes","Expertise"],"special_seed":0,"relics":["Ring of the Snake","Turnip","Potion Belt","Mummified Hand","Sozu","Letter Opener","Old Coin","Bag of Preparation","MawBank"],"potions_floor_usage":[],"damage_taken":[{"damage":1.0,"enemies":"2 Louse","floor":1.0,"turns":4.0},{"damage":0.0,"enemies":"Cultist","floor":3.0,"turns":4.0},{"damage":0.0,"enemies":"Jaw Worm","floor":4.0,"turns":6.0},{"damage":26.0,"enemies":"3 Sentries","floor":7.0,"turns":17.0},{"damage":0.0,"enemies":"3 Louse","floor":8.0,"turns":6.0},{"damage":0.0,"enemies":"Exordium Wildlife","floor":10.0,"turns":3.0},{"damage":2.0,"enemies":"Looter","floor":11.0,"turns":4.0},{"damage":0.0,"enemies":"Large Slime","floor":14.0,"turns":8.0},{"damage":6.0,"enemies":"The Guardian","floor":16.0,"turns":11.0},{"damage":4,"enemies":"Shell Parasite","floor":18,"turns":6},{"damage":5,"enemies":"2 Thieves","floor":20,"turns":4},{"damage":0,"enemies":"Centurion and Healer","floor":22,"turns":7},{"damage":28,"enemies":"Gremlin Leader","floor":24,"turns":10},{"damage":17,"enemies":"Cultist and Chosen","floor":25,"turns":9},{"damage":19,"enemies":"Slavers","floor":28,"turns":6},{"damage":10,"enemies":"Shelled Parasite and Fungi","floor":29,"turns":4},{"damage":0,"enemies":"3 Cultists","floor":31,"turns":4},{"damage":52,"enemies":"Collector","floor":33,"turns":7}],"seed_played":"-5144108106115383679","potions_obtained":[{"floor":1.0,"key":"SkillPotion"},{"floor":4.0,"key":"Ancient Potion"},{"floor":14.0,"key":"Poison Potion"}],"is_trial":false,"path_per_floor":["M","?","M","M","$","R","E","M","T","M","M","R","?","M","R","B",null,"M","?","M","$","M","R","E","M","T","R","E","M","R","M","R","B"],"character_chosen":"THE_SILENT","items_purchased":["Backflip","Infinite Blades"],"campfire_rested":5,"item_purchase_floors":[5,21],"current_hp_per_floor":[62,62,62,62,62,62,36,36,36,36,34,52,45,45,45,39,63,59,59,54,54,54,63,35,18,18,36,17,7,25,25,43,0],"gold":666,"neow_bonus":"ONE_RARE_RELIC","is_prod":false,"is_daily":false,"chose_seed":false,"campfire_upgraded":2,"win_rate":0,"timestamp":1567460469,"path_taken":["M","?","M","?","$","R","E","M","T","M","M","R","?","M","R","BOSS","M","?","M","$","M","R","E","M","T","R","E","M","R","M","R","BOSS"],"build_version":"2019-07-17","purchased_purges":1,"victory":false,"max_hp_per_floor":[63,63,63,63,63,63,63,63,63,63,63,63,63,63,63,63,63,63,63,63,63,63,63,63,63,63,63,63,63,63,63,63,63],"card_choices":[{"not_picked":["Dodge and Roll","Prepared"],"picked":"Deadly Poison","floor":1.0},{"not_picked":["Eviscerate","Backflip"],"picked":"Deflect","floor":3.0},{"not_picked":["Flying Knee","Well Laid Plans"],"picked":"Footwork","floor":4.0},{"not_picked":["Terror","Concentrate"],"picked":"Malaise","floor":7.0},{"not_picked":["Deadly Poison","Dagger Spray"],"picked":"Infinite Blades","floor":8.0},{"not_picked":["Backflip","Dagger Spray"],"picked":"Blade Dance","floor":10.0},{"not_picked":["Underhanded Strike","Backstab"],"picked":"Dash","floor":11.0},{"not_picked":["Predator","Outmaneuver"],"picked":"Poisoned Stab","floor":14.0},{"not_picked":["Venomology","Wraith Form v2"],"picked":"Unload","floor":16.0},{"not_picked":["Quick Slash","Eviscerate+1"],"picked":"Cloak And Dagger","floor":18},{"not_picked":["Cloak And Dagger","Bane"],"picked":"Blade Dance","floor":20},{"not_picked":["Dagger Throw+1","Quick Slash"],"picked":"Backflip+1","floor":22},{"not_picked":["Quick Slash+1","Poisoned Stab+1"],"picked":"Outmaneuver","floor":24},{"not_picked":["Skewer","Dagger Spray"],"picked":"Distraction","floor":25},{"not_picked":["Endless Agony+1","PiercingWail"],"picked":"Crippling Poison+1","floor":28},{"not_picked":["Quick Slash+1","Predator"],"picked":"Noxious Fumes","floor":29},{"not_picked":["Prepared+1","Flying Knee+1"],"picked":"Expertise","floor":31}],"player_experience":3086261,"relics_obtained":[{"floor":7.0,"key":"Potion Belt"},{"floor":9.0,"key":"Mummified Hand"},{"floor":24,"key":"Old Coin"},{"floor":26,"key":"Bag of Preparation"},{"floor":28,"key":"MawBank"}],"event_choices":[{"damage_healed":0.0,"max_hp_gain":0.0,"max_hp_loss":0.0,"gold_gain":0.0,"event_name":"Match and Keep!","player_choice":"2 cards matched","floor":2.0,"gold_loss":0.0,"damage_taken":0.0,"cards_obtained":["Backflip","After Image"]},{"cards_removed":["Strike_G"],"damage_healed":0.0,"max_hp_gain":0.0,"max_hp_loss":0.0,"gold_gain":0.0,"event_name":"Golden Wing","player_choice":"Card Removal","floor":13.0,"gold_loss":0.0,"damage_taken":7.0},{"damage_healed":0,"gold_gain":0,"player_choice":"Opened","damage_taken":0,"relics_obtained":["Letter Opener"],"max_hp_gain":0,"max_hp_loss":0,"event_name":"The Mausoleum","floor":19,"gold_loss":0,"cards_obtained":["Writhe"]}],"is_beta":false,"boss_relics":[{"not_picked":["Empty Cage","Astrolabe"],"picked":"Sozu"}],"items_purged_floors":[21],"is_endless":false,"potions_floor_spawned":[1,4,14,18,24,28,31],"killed_by":"Collector","ascension_level":4}