{"gold_per_floor":[109,124,139,149,169,195,45,63,138,138,138,165,165,165,165,165],"floor_reached":16,"playtime":1428,"items_purged":[],"score":148,"play_id":"61b10a8e-011f-4ac5-8f9d-383b49c65479","local_time":"20190813170746","is_ascension_mode":true,"campfire_choices":[{"data":"Body Slam","floor":10,"key":"SMITH"},{"data":"1","floor":15,"key":"LIFT"}],"neow_cost":"NONE","seed_source_timestamp":185225919849200,"circlet_count":0,"master_deck":["Strike_R","Strike_R","Strike_R","Strike_R","Defend_R","Defend_R","Defend_R","Defend_R","Bash","Flame Barrier","Flex","Metallicize","Body Slam+1","Ghostly Armor","Bash"],"relics":["Burning Blood","Letter Opener","Bag of Marbles","Pear","Matryoshka","Girya"],"potions_floor_usage":[6,12,12],"damage_taken":[{"damage":6,"enemies":"Cultist","floor":1,"turns":3},{"damage":2,"enemies":"Jaw Worm","floor":2,"turns":4},{"damage":2,"enemies":"Small Slimes","floor":3,"turns":5},{"damage":6,"enemies":"Looter","floor":4,"turns":4},{"damage":5,"enemies":"2 Fungi Beasts","floor":5,"turns":5},{"damage":34,"enemies":"Gremlin Nob","floor":6,"turns":5},{"damage":0,"enemies":"Exordium Wildlife","floor":8,"turns":5},{"damage":8,"enemies":"3 Sentries","floor":12,"turns":8},{"damage":74,"enemies":"Slime Boss","floor":16,"turns":10}],"seed_played":"4417689232341133425","potions_obtained":[{"floor":3,"key":"LiquidBronze"},{"floor":5,"key":"GamblersBrew"},{"floor":6,"key":"Explosive Potion"},{"floor":12,"key":"Poison Potion"}],"is_trial":false,"path_per_floor":["M","M","M","M","M","E","$","M","T","R","T","E","?","?","R","B"],"character_chosen":"IRONCLAD","items_purchased":["Bag of Marbles"],"campfire_rested":0,"item_purchase_floors":[7],"current_hp_per_floor":[80,80,80,80,80,52,52,58,68,68,68,66,71,71,71,0],"gold":165,"neow_bonus":"REMOVE_CARD","is_prod":false,"is_daily":false,"chose_seed":false,"campfire_upgraded":1,"win_rate":0,"timestamp":1565734066,"path_taken":["M","M","M","M","M","E","$","M","T","R","?","E","?","?","R","BOSS"],"build_version":"2019-07-17","purchased_purges":0,"victory":false,"max_hp_per_floor":[80,80,80,80,80,80,80,80,90,90,90,90,95,95,95,95],"card_choices":[{"not_picked":["Headbutt","Pommel Strike"],"picked":"Flame Barrier","floor":1},{"not_picked":["Warcry","Bloodletting","Twin Strike"],"picked":"SKIP","floor":2},{"not_picked":["Twin Strike","Fire Breathing","Thunderclap"],"picked":"SKIP","floor":3},{"not_picked":["Evolve","Cleave","Clash"],"picked":"SKIP","floor":4},{"not_picked":["Twin Strike","Burning Pact"],"picked":"Flex","floor":5},{"not_picked":["Burning Pact","Anger"],"picked":"Metallicize","floor":6},{"not_picked":["Carnage","Clash"],"picked":"Body Slam","floor":8},{"not_picked":["Searing Blow","Sever Soul","Thunderclap"],"picked":"SKIP","floor":12}],"player_experience":132976,"relics_obtained":[{"floor":6,"key":"Letter Opener"},{"floor":9,"key":"Pear"},{"floor":11,"key":"Matryoshka"},{"floor":12,"key":"Girya"}],"event_choices":[{"damage_healed":0,"gold_gain":0,"player_choice":"Donut","damage_taken":0,"max_hp_gain":5,"max_hp_loss":0,"event_name":"Big Fish","floor":13,"gold_loss":0},{"damage_healed":0,"gold_gain":0,"player_choice":"2 cards matched","damage_taken":0,"max_hp_gain":0,"max_hp_loss":0,"event_name":"Match and Keep!","floor":14,"gold_loss":0,"cards_obtained":["Ghostly Armor","Bash"]}],"is_beta":false,"boss_relics":[],"items_purged_floors":[],"is_endless":false,"potions_floor_spawned":[3,5,6,12],"killed_by":"Slime Boss","ascension_level":2}