{"gold_per_floor":[164,164,177,191,28,28,61,61,61,93,137,137,172,261,261,358,358,398,443,481,516,9,9,66,66,148,148,198,198,198,234,234,354,354,391,20,20,37,81,109,109,139,139,167,167,167,28,41,41,41],"floor_reached":51,"playtime":4029,"items_purged":["Strike_P+1"],"score":1132,"play_id":"e5fb1b82-fdbb-4f1f-841f-bafcb641fdbd","local_time":"20191007183957","is_ascension_mode":true,"campfire_choices":[{"data":"Eruption","floor":6,"key":"SMITH"},{"data":"HandOfGreed","floor":8,"key":"SMITH"},{"data":"SashWhip","floor":12,"key":"SMITH"},{"floor":15,"key":"REST"},{"floor":23,"key":"REST"},{"floor":25,"key":"REST"},{"data":"Fasting2","floor":29,"key":"SMITH"},{"data":"WreathOfFlame","floor":32,"key":"SMITH"},{"floor":41,"key":"REST"},{"data":"Pain","floor":46,"key":"PURGE"},{"floor":49,"key":"REST"}],"neow_cost":"NONE","seed_source_timestamp":30373292834700,"circlet_count":0,"master_deck":["Strike_P+1","Strike_P+1","Strike_P+1","Defend_P+1","Defend_P+1","Defend_P+1","Defend_P+1","Eruption+1","Vigilance+1","Consecrate","ClearTheMind","Swivel","Eruption","CutThroughFate","EmptyFist+1","HandOfGreed+1","SashWhip+1","Establishment","EmptyBody","FlyingSleeves+1","WreathOfFlame+1","LessonLearned","Protect","Crescendo","Fasting2+1","FearNoEvil","EmptyMind+1","Meditate+1","Sanctity+1","FlyingSleeves+1","CarveReality+1","WheelKick+1","MentalFortress","Ragnarok"],"relics":["Tiny House","Kunai","Pear","CaptainsWheel","Darkstone Periapt","SlaversCollar","HornCleat","Singing Bowl","TeardropLocket","Blue Candle","Mango","Sozu","Turnip","Meat on the Bone","Mercury Hourglass","Pocketwatch","Peace Pipe","WarpedTongs"],"potions_floor_usage":[14,18,20,21,21,28],"damage_taken":[{"damage":3,"enemies":"2 Louse","floor":1,"turns":3},{"damage":0,"enemies":"Cultist","floor":3,"turns":2},{"damage":4,"enemies":"Jaw Worm","floor":4,"turns":4},{"damage":11,"enemies":"Lagavulin","floor":7,"turns":6},{"damage":34,"enemies":"Gremlin Nob","floor":10,"turns":5},{"damage":0,"enemies":"2 Fungi Beasts","floor":11,"turns":2},{"damage":0,"enemies":"Blue Slaver","floor":13,"turns":2},{"damage":0,"enemies":"Lagavulin Event","floor":14,"turns":2},{"damage":22,"enemies":"Slime Boss","floor":16,"turns":8},{"damage":9,"enemies":"Spheric Guardian","floor":18,"turns":5},{"damage":9,"enemies":"Chosen","floor":19,"turns":5},{"damage":29,"enemies":"Snake Plant","floor":20,"turns":5},{"damage":12,"enemies":"Centurion and Healer","floor":21,"turns":4},{"damage":22,"enemies":"Slavers","floor":24,"turns":5},{"damage":3,"enemies":"Book of Stabbing","floor":28,"turns":3},{"damage":14,"enemies":"Shelled Parasite and Fungi","floor":31,"turns":5},{"damage":74,"enemies":"Collector","floor":33,"turns":10},{"damage":3,"enemies":"Orb Walker","floor":35,"turns":2},{"damage":8,"enemies":"3 Darklings","floor":38,"turns":7},{"damage":25,"enemies":"Jaw Worm Horde","floor":39,"turns":4},{"damage":33,"enemies":"Giant Head","floor":40,"turns":8},{"damage":30,"enemies":"Nemesis","floor":42,"turns":5},{"damage":0,"enemies":"Reptomancer","floor":44,"turns":5},{"damage":23,"enemies":"Transient","floor":48,"turns":5},{"damage":64,"enemies":"Time Eater","floor":50,"turns":5}],"seed_played":"-2784386791060450610","potions_obtained":[{"floor":0,"key":"Dexterity Potion"},{"floor":3,"key":"EssenceOfSteel"},{"floor":7,"key":"Energy Potion"},{"floor":16,"key":"Energy Potion"},{"floor":18,"key":"Strength Potion"},{"floor":24,"key":"FearPotion"}],"is_trial":false,"path_per_floor":["M","?","M","M","$","R","E","R","T","E","M","R","M","?","R","B",null,"M","M","M","M","$","R","E","R","T","?","E","R","?","M","R","B",null,"M","$","?","M","M","E","R","E","T","E","?","R","$","M","R","B",null],"character_chosen":"WATCHER","items_purchased":["HandOfGreed","HornCleat","Singing Bowl","Turnip","Ragnarok"],"campfire_rested":5,"item_purchase_floors":[5,22,22,36,47],"current_hp_per_floor":[67,67,67,63,63,63,52,52,62,28,28,28,28,28,54,32,73,64,55,26,14,14,40,18,44,44,44,55,55,88,76,76,4,80,77,77,77,71,48,15,47,29,29,41,47,47,47,38,73,21],"gold":41,"neow_bonus":"BOSS_RELIC","is_prod":false,"is_daily":false,"chose_seed":false,"campfire_upgraded":5,"win_rate":0,"timestamp":1570491597,"path_taken":["M","?","M","M","$","R","E","R","T","E","M","R","?","?","R","BOSS","M","M","M","M","$","R","E","R","T","?","E","R","?","M","R","BOSS","M","$","?","M","?","E","R","E","T","E","?","R","$","M","R","BOSS"],"build_version":"2019-10-07","purchased_purges":1,"victory":true,"max_hp_per_floor":[77,77,77,77,77,77,77,77,87,87,87,87,87,87,87,87,87,87,87,87,87,87,87,87,87,87,87,101,101,101,103,103,105,105,105,105,105,107,109,109,109,109,109,109,115,115,115,117,117,117],"card_choices":[{"not_picked":["ClearTheMind","Sanctity"],"picked":"Consecrate","floor":0},{"not_picked":["Prostrate","Halt"],"picked":"ClearTheMind","floor":1},{"not_picked":["SpiritShield","Weave"],"picked":"CutThroughFate","floor":3},{"not_picked":["Conclude","Weave"],"picked":"EmptyFist","floor":4},{"not_picked":["Halt","CutThroughFate"],"picked":"SashWhip","floor":7},{"not_picked":["WheelKick","WindmillStrike"],"picked":"Establishment","floor":10},{"not_picked":["Prostrate","Adaptation"],"picked":"EmptyBody","floor":11},{"not_picked":["Nirvana","Scrawl"],"picked":"FlyingSleeves","floor":13},{"not_picked":["Swivel","Wireheading"],"picked":"WreathOfFlame","floor":14},{"not_picked":["Discipline","Omniscience"],"picked":"LessonLearned","floor":16},{"not_picked":["CrushJoints+1","EmptyBody+1"],"picked":"Protect","floor":18},{"not_picked":["JustLucky","FlowState"],"picked":"Crescendo","floor":19},{"not_picked":["BowlingBash","SashWhip+1"],"picked":"Fasting2","floor":20},{"not_picked":["CrushJoints","Tantrum+1"],"picked":"FearNoEvil","floor":21},{"not_picked":["MasterReality","ReachHeaven"],"picked":"EmptyMind+1","floor":24},{"not_picked":["Sanctity","JustLucky"],"picked":"Meditate","floor":28},{"not_picked":["ClearTheMind+1","Halt","Worship"],"picked":"Singing Bowl","floor":31},{"not_picked":["Blasphemy","Brilliance","Omniscience"],"picked":"Singing Bowl","floor":33},{"not_picked":["Indignation","ThirdEye+1"],"picked":"Sanctity+1","floor":35},{"not_picked":["EmptyFist","JustLucky","SignatureMove"],"picked":"Singing Bowl","floor":38},{"not_picked":["SashWhip+1","Crescendo","BowlingBash+1"],"picked":"Singing Bowl","floor":39},{"not_picked":["WreathOfFlame+1","DevaForm"],"picked":"CarveReality+1","floor":40},{"not_picked":["FollowUp+1","Crescendo"],"picked":"WheelKick+1","floor":42},{"not_picked":["CutThroughFate","EmptyBody+1"],"picked":"MentalFortress","floor":44},{"not_picked":["SashWhip","CrushJoints","Evaluate"],"picked":"Singing Bowl","floor":48}],"player_experience":415560,"relics_obtained":[{"floor":7,"key":"Kunai"},{"floor":9,"key":"Pear"},{"floor":10,"key":"CaptainsWheel"},{"floor":14,"key":"Darkstone Periapt"},{"floor":24,"key":"TeardropLocket"},{"floor":26,"key":"Blue Candle"},{"floor":28,"key":"Mango"},{"floor":40,"key":"Meat on the Bone"},{"floor":42,"key":"Mercury Hourglass"},{"floor":43,"key":"Pocketwatch"},{"floor":44,"key":"Peace Pipe"}],"event_choices":[{"damage_healed":0,"gold_gain":0,"player_choice":"2 cards matched","damage_taken":0,"max_hp_gain":0,"max_hp_loss":0,"event_name":"Match and Keep!","floor":2,"gold_loss":0,"cards_obtained":["Swivel","Eruption"]},{"damage_healed":0,"gold_gain":0,"player_choice":"Searched \u00271\u0027 times","damage_taken":0,"max_hp_gain":0,"max_hp_loss":0,"event_name":"Dead Adventurer","floor":14,"gold_loss":0},{"damage_healed":0,"gold_gain":0,"player_choice":"Simplicity","damage_taken":0,"max_hp_gain":0,"max_hp_loss":0,"event_name":"Back to Basics","floor":27,"gold_loss":0,"cards_upgraded":["Strike_P","Strike_P","Strike_P","Strike_P","Defend_P","Defend_P","Defend_P"]},{"damage_healed":33,"gold_gain":0,"player_choice":"Heal","damage_taken":0,"max_hp_gain":0,"max_hp_loss":0,"event_name":"The Library","floor":30,"gold_loss":0},{"damage_healed":0,"gold_gain":0,"player_choice":"1 cards matched","damage_taken":0,"max_hp_gain":0,"max_hp_loss":0,"event_name":"Match and Keep!","floor":37,"gold_loss":0,"cards_obtained":["FlyingSleeves"]},{"damage_healed":0,"gold_gain":0,"player_choice":"Rummage","damage_taken":0,"relics_obtained":["WarpedTongs"],"max_hp_gain":0,"max_hp_loss":0,"event_name":"Accursed Blacksmith","floor":45,"gold_loss":0,"cards_obtained":["Pain"]}],"is_beta":true,"boss_relics":[{"not_picked":["Ectoplasm","SacredBark"],"picked":"SlaversCollar"},{"not_picked":["Astrolabe","Runic Pyramid"],"picked":"Sozu"}],"items_purged_floors":[36],"is_endless":false,"potions_floor_spawned":[3,7,13,16,18,19,24,38,39,44],"ascension_level":7}