{"gold_per_floor":[112,41,51,70,88,88,113,127,154,154,154,154,166,178,178,275,275,287,299,299,73,73,110,125,125,132,142,164,197,197,211,211,310,310,334,334,341,353,253,286,52,77,109,126,143,143,162,187,187,187],"floor_reached":50,"playtime":3673,"items_purged":["Strike_P","Writhe"],"score":776,"play_id":"60ad795e-c5b4-4f73-a9b7-0500477faa44","local_time":"20191004181621","is_ascension_mode":true,"campfire_choices":[{"data":"Eruption","floor":6,"key":"SMITH"},{"data":"Ragnarok","floor":11,"key":"SMITH"},{"data":"CrushJoints","floor":15,"key":"SMITH"},{"data":"Wallop","floor":25,"key":"SMITH"},{"floor":30,"key":"REST"},{"floor":32,"key":"REST"},{"floor":46,"key":"REST"},{"floor":49,"key":"REST"}],"neow_cost":"NONE","seed_source_timestamp":455547194090800,"circlet_count":0,"master_deck":["Strike_P","Strike_P","Defend_P","Defend_P","Defend_P","Defend_P+1","Eruption+1","Vigilance","FlyingSleeves","SandsOfTime","Evaluate+1","EmptyFist","ClearTheMind","Ragnarok+1","BowlingBash","CrushJoints+1","Blasphemy","FollowUp+1","Wallop+1","DevaForm","ThirdEye","Sanctity","Parasite","ForeignInfluence","TalkToTheHand","Perseverance+1","Writhe","SashWhip+1"],"relics":["Velvet Choker","StrikeDummy","Oddly Smooth Stone","War Paint","Cursed Key","PreservedInsect","Nloth\u0027s Gift","CeramicFish","Darkstone Periapt","Red Mask","SlaversCollar","MawBank","Lee\u0027s Waffle","Art of War","Ornamental Fan"],"potions_floor_usage":[7,16,19,23,28,29,29,33,44,45,45,47,48],"damage_taken":[{"damage":0,"enemies":"Small Slimes","floor":1,"turns":3},{"damage":0,"enemies":"Jaw Worm","floor":3,"turns":2},{"damage":0,"enemies":"Cultist","floor":4,"turns":2},{"damage":17,"enemies":"2 Fungi Beasts","floor":5,"turns":3},{"damage":9,"enemies":"3 Sentries","floor":7,"turns":5},{"damage":3,"enemies":"Exordium Thugs","floor":8,"turns":5},{"damage":0,"enemies":"Large Slime","floor":13,"turns":2},{"damage":0,"enemies":"Gremlin Gang","floor":14,"turns":1},{"damage":0,"enemies":"Slime Boss","floor":16,"turns":3},{"damage":2,"enemies":"Spheric Guardian","floor":18,"turns":3},{"damage":7,"enemies":"2 Thieves","floor":19,"turns":2},{"damage":0,"enemies":"Gremlin Leader","floor":23,"turns":2},{"damage":6,"enemies":"Snake Plant","floor":24,"turns":3},{"damage":12,"enemies":"Centurion and Healer","floor":27,"turns":4},{"damage":6,"enemies":"3 Cultists","floor":28,"turns":3},{"damage":24,"enemies":"Masked Bandits","floor":29,"turns":4},{"damage":38,"enemies":"Champ","floor":33,"turns":9},{"damage":26,"enemies":"3 Darklings","floor":35,"turns":5},{"damage":26,"enemies":"Orb Walker","floor":38,"turns":5},{"damage":24,"enemies":"Giant Head","floor":40,"turns":7},{"damage":7,"enemies":"3 Darklings","floor":42,"turns":4},{"damage":56,"enemies":"Transient","floor":44,"turns":5},{"damage":0,"enemies":"4 Shapes","floor":45,"turns":5},{"damage":0,"enemies":"Jaw Worm Horde","floor":47,"turns":2},{"damage":36,"enemies":"Nemesis","floor":48,"turns":5},{"damage":115,"enemies":"Awakened One","floor":50,"turns":8}],"seed_played":"5388432789777116287","potions_obtained":[{"floor":3,"key":"PowerPotion"},{"floor":5,"key":"SkillPotion"},{"floor":8,"key":"StancePotion"},{"floor":13,"key":"Dexterity Potion"},{"floor":14,"key":"AttackPotion"},{"floor":16,"key":"EssenceOfSteel"},{"floor":19,"key":"AttackPotion"},{"floor":24,"key":"Explosive Potion"},{"floor":29,"key":"Block Potion"},{"floor":40,"key":"SteroidPotion"},{"floor":42,"key":"Energy Potion"},{"floor":44,"key":"Explosive Potion"},{"floor":45,"key":"SteroidPotion"},{"floor":47,"key":"StancePotion"}],"is_trial":false,"path_per_floor":["M","$","M","M","M","R","E","M","T","?","R","T","M","M","R","B",null,"M","M","?","$","?","E","M","R","T","M","M","?","R","?","R","B",null,"M","?","?","M","$","E","$","M","T","M","M","R","M","E","R","B"],"character_chosen":"WATCHER","items_purchased":["SandsOfTime","PreservedInsect","Lee\u0027s Waffle","FairyPotion"],"campfire_rested":4,"item_purchase_floors":[2,21,41,41],"current_hp_per_floor":[72,72,72,72,55,55,46,43,43,25,25,25,25,25,25,25,60,58,51,51,51,51,51,45,45,45,33,27,3,24,30,53,15,62,36,36,62,36,36,12,91,84,90,34,34,63,63,27,56,0],"gold":187,"neow_bonus":"BOSS_RELIC","is_prod":false,"is_daily":false,"chose_seed":false,"campfire_upgraded":4,"win_rate":0,"timestamp":1570230981,"path_taken":["M","$","M","M","M","R","E","M","T","?","R","?","M","?","R","BOSS","M","M","?","?","?","E","M","R","T","?","M","?","R","?","R","BOSS","M","?","?","M","$","E","$","M","T","M","M","R","M","E","R","BOSS"],"build_version":"2019-10-04","purchased_purges":2,"victory":false,"max_hp_per_floor":[72,72,72,72,72,72,72,72,72,72,72,72,72,72,72,72,72,72,72,72,72,72,72,72,72,72,72,72,72,72,78,78,78,78,78,78,84,84,84,84,91,91,97,97,97,97,97,97,97,97],"card_choices":[{"not_picked":["Sanctity","EmptyBody"],"picked":"FlyingSleeves","floor":1},{"not_picked":["WaveOfTheHand","JustLucky"],"picked":"Evaluate","floor":3},{"not_picked":["SpiritShield","Prostrate"],"picked":"EmptyFist","floor":4},{"not_picked":["WaveOfTheHand","EmptyFist"],"picked":"ClearTheMind","floor":5},{"not_picked":["EmptyFist","FollowUp"],"picked":"Ragnarok","floor":7},{"not_picked":["SignatureMove","WheelKick"],"picked":"BowlingBash","floor":8},{"not_picked":["CutThroughFate","EmptyBody"],"picked":"BattleHymn","floor":13},{"not_picked":["Consecrate","FlurryOfBlows"],"picked":"CrushJoints","floor":14},{"not_picked":["Judgement","Discipline"],"picked":"Blasphemy","floor":16},{"not_picked":["ClearTheMind+1","FlyingSleeves"],"picked":"FollowUp+1","floor":18},{"not_picked":["EmptyMind+1","FlyingSleeves+1"],"picked":"Wallop","floor":19},{"not_picked":["FlyingSleeves","Consecrate"],"picked":"DevaForm","floor":23},{"not_picked":["Meditate","DeceiveReality+1","FlyingSleeves"],"picked":"SKIP","floor":24},{"not_picked":["FlyingSleeves","Nirvana","Prostrate+1"],"picked":"SKIP","floor":27},{"not_picked":["CrushJoints","Wallop"],"picked":"ThirdEye","floor":28},{"not_picked":["LessonLearned","DeceiveReality"],"picked":"Sanctity","floor":29},{"not_picked":["ThirdEye+1","ForeignInfluence+1"],"picked":"TalkToTheHand","floor":35},{"not_picked":["PathToVictory+1","EmptyMind","Consecrate+1"],"picked":"SKIP","floor":38},{"not_picked":["EmptyFist+1","CutThroughFate+1","BowlingBash+1"],"picked":"SKIP","floor":40},{"not_picked":["Blasphemy","SignatureMove"],"picked":"Perseverance+1","floor":42},{"not_picked":["CrushJoints","Protect+1"],"picked":"SashWhip+1","floor":44},{"not_picked":["Consecrate","FlyingSleeves+1","SashWhip"],"picked":"SKIP","floor":45},{"not_picked":["SashWhip+1","Establishment","FlowState"],"picked":"SKIP","floor":47},{"not_picked":["ClearTheMind","Collect","Devotion"],"picked":"SKIP","floor":48}],"player_experience":381536,"relics_obtained":[{"floor":7,"key":"StrikeDummy"},{"floor":9,"key":"Oddly Smooth Stone"},{"floor":12,"key":"White Beast Statue"},{"floor":23,"key":"CeramicFish"},{"floor":26,"key":"Darkstone Periapt"},{"floor":29,"key":"Red Mask"},{"floor":40,"key":"MawBank"},{"floor":43,"key":"Art of War"},{"floor":48,"key":"Ornamental Fan"}],"event_choices":[{"damage_healed":0,"gold_gain":0,"player_choice":"Success","damage_taken":18,"relics_obtained":["War Paint"],"max_hp_gain":0,"max_hp_loss":0,"event_name":"Scrap Ooze","floor":10,"gold_loss":0},{"damage_healed":0,"gold_gain":0,"player_choice":"Bought 0 Potions","damage_taken":0,"max_hp_gain":0,"max_hp_loss":0,"event_name":"The Woman in Blue","floor":20,"gold_loss":0},{"damage_healed":0,"gold_gain":0,"player_choice":"Traded Relic","damage_taken":0,"relics_obtained":["Nloth\u0027s Gift"],"max_hp_gain":0,"max_hp_loss":0,"event_name":"N\u0027loth","floor":22,"relics_lost":["White Beast Statue"],"gold_loss":0},{"damage_healed":0,"gold_gain":0,"player_choice":"Fought Bandits","damage_taken":0,"max_hp_gain":0,"max_hp_loss":0,"event_name":"Masked Bandits","floor":29,"gold_loss":0},{"damage_healed":0,"gold_gain":0,"cards_transformed":["Normality","Strike_P"],"player_choice":"Became Test Subject","damage_taken":0,"max_hp_gain":0,"max_hp_loss":0,"event_name":"Drug Dealer","floor":31,"gold_loss":0,"cards_obtained":["Parasite","ForeignInfluence"]},{"cards_removed":["BattleHymn"],"damage_healed":0,"gold_gain":0,"player_choice":"Removed Power","damage_taken":0,"max_hp_gain":0,"max_hp_loss":0,"event_name":"Falling","floor":36,"gold_loss":0},{"damage_healed":20,"gold_gain":0,"player_choice":"Writhe","damage_taken":0,"max_hp_gain":0,"max_hp_loss":0,"event_name":"Winding Halls","floor":37,"gold_loss":0,"cards_obtained":["Writhe"]}],"is_beta":true,"boss_relics":[{"not_picked":["Astrolabe","Fusion Hammer"],"picked":"Cursed Key"},{"not_picked":["Runic Pyramid","SacredBark"],"picked":"SlaversCollar"}],"items_purged_floors":[21,39],"is_endless":false,"potions_floor_spawned":[3,5,8,13,14,16,18,19,24,29,40,42,44,45,47],"killed_by":"Awakened One","ascension_level":5}