{"path_per_floor":["M","?","?","M","M","R","?","$","T","E","M","M","R","M","R","B",null,"M","?","?","?","M","E","M","R","T","E","T","R"],"character_chosen":"THE_SILENT","items_purchased":["Infinite Blades"],"gold_per_floor":[110,110,110,127,143,143,93,25,25,60,72,92,92,107,107,206,206,224,224,224,224,239,267,283,283,283,309,309,309],"floor_reached":30,"campfire_rested":2,"playtime":3680,"current_hp_per_floor":[70,70,70,68,65,65,65,65,65,59,57,57,57,49,49,49,70,69,69,69,69,61,40,32,55,55,34,34,57],"items_purged":[],"gold":309,"score":318,"play_id":"1045d59f-67eb-4fef-b9af-f77e1f6f6dd1","local_time":"20180304182741","is_prod":false,"is_daily":false,"is_ascension_mode":false,"campfire_upgraded":3,"timestamp":1520206061,"path_taken":["M","?","?","M","M","R","?","?","T","E","M","M","R","M","R","BOSS","M","?","?","?","?","E","M","R","T","E","?","R","E"],"build_version":"2018-03-01-PROD1","purchased_purges":0,"victory":false,"master_deck":["Defend_G","Defend_G","Defend_G","Defend_G","Strike_G","Strike_G","Strike_G","Survivor","Neutralize","Acrobatics+1","Deadly Poison+1","Footwork+1","Infinite Blades+1","Catalyst","Adrenaline","Writhe","Calculated Gamble"],"max_hp_per_floor":[70,70,70,70,70,70,70,70,70,70,70,70,70,70,70,70,70,70,70,70,70,70,77,77,77,77,77,77,77],"relics":["Ring of the Snake","Tough Bandages","Matryoshka","Velvet Choker","Mummified Hand","Strawberry","Juzu Bracelet","Oddly Smooth Stone","Bronze Scales","Bag of Marbles","Bird Faced Urn"],"card_choices":[{"not_picked":["Dodge and Roll","Dagger Spray"],"picked":"Acrobatics"},{"not_picked":["Flying Knee","Acrobatics"],"picked":"Deadly Poison"},{"not_picked":["Underhanded Strike","Tools of the Trade"],"picked":"Footwork"},{"not_picked":["Deadly Poison","PiercingWail"],"picked":"Catalyst"},{"not_picked":["Unload","Doppelganger"],"picked":"Adrenaline"},{"not_picked":["Dash","Quick Slash"],"picked":"Calculated Gamble"}],"player_experience":43882,"potions_floor_usage":[16,16,27,27],"damage_taken":[{"damage":0,"enemies":"Cultist","floor":1,"turns":5},{"damage":2,"enemies":"Jaw Worm","floor":4,"turns":7},{"damage":3,"enemies":"2 Louse","floor":5,"turns":3},{"damage":6,"enemies":"Lagavulin","floor":10,"turns":9},{"damage":2,"enemies":"Lots of Slimes","floor":11,"turns":7},{"damage":0,"enemies":"Large Slime","floor":12,"turns":8},{"damage":8,"enemies":"3 Louse","floor":14,"turns":5},{"damage":0,"enemies":"Hexaghost","floor":16,"turns":7},{"damage":1,"enemies":"3 Byrds","floor":18,"turns":6},{"damage":8,"enemies":"Spheric Guardian","floor":22,"turns":7},{"damage":28,"enemies":"Book of Stabbing","floor":23,"turns":8},{"damage":8,"enemies":"Snake Plant","floor":24,"turns":5},{"damage":21,"enemies":"Slavers","floor":27,"turns":11},{"damage":61,"enemies":"Gremlin Leader","floor":30,"turns":7}],"event_choices":[{"event_name":"Bonfire Elementals","player_choice":"BASIC","floor":2,"damage_taken":0},{"event_name":"Upgrade Shrine","player_choice":"Upgraded","floor":3,"damage_taken":0},{"event_name":"The Cleric","player_choice":"Card Removal","floor":7,"damage_taken":0},{"event_name":"Forgotten Altar","player_choice":"Smashed Altar","floor":19,"damage_taken":0},{"event_name":"The Mausoleum","player_choice":"Yes","floor":20,"damage_taken":0},{"event_name":"Purifier","player_choice":"One Purge","floor":21,"damage_taken":0}],"boss_relics":[{"not_picked":["Astrolabe","White Beast Statue"],"picked":"Velvet Choker"}],"potions_floor_spawned":[5,10,12,14,18,23],"seed_played":"-7176463324835325682","killed_by":"Gremlin Leader","ascension_level":0,"is_trial":false}