{"path_per_floor":["M","$","?","?","M","E","?","R","T","R","M","M","E","T","R","B",null,"M","$","M","M","M","R","E","R","T","M","M","M","R","M","R"],"character_chosen":"IRONCLAD","items_purchased":["Shrug It Off","True Grit","Pen Nib"],"gold_per_floor":[115,40,40,40,55,82,82,82,135,135,155,169,198,222,222,317,317,328,2,21,33,47,47,76,76,76,89,107,127,127,140,140,140],"floor_reached":33,"campfire_rested":1,"playtime":3889,"current_hp_per_floor":[80,80,80,73,79,51,51,51,51,51,55,61,61,61,61,56,80,80,80,76,77,78,78,47,47,47,53,59,57,57,51,77,0],"items_purged":["Strike_R","Strike_R"],"gold":140,"score":304,"play_id":"ae49ee9b-f81c-4909-b775-833e4d4fbf00","local_time":"20180428145948","is_prod":false,"is_daily":false,"chose_seed":false,"is_ascension_mode":false,"campfire_upgraded":6,"timestamp":1524952788,"path_taken":["M","$","?","?","?","E","?","R","T","R","?","M","E","?","R","BOSS","M","$","M","M","M","R","E","R","T","M","M","M","R","M","R","BOSS"],"build_version":"2018-04-26","seed_source_timestamp":9826260688832,"purchased_purges":2,"victory":false,"master_deck":["Strike_R+1","Strike_R","Defend_R","Defend_R","Defend_R","Defend_R","Bash","Spot Weakness+1","Pommel Strike+1","Whirlwind+1","Heavy Blade+1","Body Slam+1","Impervious+1","Ghostly Armor+1","Shrug It Off+1","True Grit+1","Feel No Pain+1","Shrug It Off+1","Flex+1"],"max_hp_per_floor":[80,80,80,80,80,80,80,80,80,80,80,80,80,80,80,80,80,80,80,80,80,80,80,87,87,87,87,87,87,87,87,87,87],"relics":["Burning Blood","Toxic Egg 2","Whetstone","Bronze Scales","Omamori","Black Star","Pen Nib","Strawberry","Bag of Marbles","Ornamental Fan"],"card_choices":[{"not_picked":["Clothesline","Combust"],"picked":"Spot Weakness","floor":0},{"not_picked":["Combust","Dual Wield"],"picked":"Pommel Strike","floor":1},{"not_picked":["Clothesline","Burning Pact"],"picked":"Whirlwind","floor":5},{"not_picked":["Twin Strike","Hemokinesis"],"picked":"Heavy Blade","floor":11},{"not_picked":["Twin Strike","Carnage"],"picked":"Body Slam","floor":13},{"not_picked":["Double Tap","Juggernaut"],"picked":"Impervious","floor":16},{"not_picked":["Rampage","Hemokinesis"],"picked":"Ghostly Armor","floor":18},{"not_picked":["Flame Barrier","Warcry"],"picked":"Feel No Pain","floor":21},{"not_picked":["Hemokinesis","Clash"],"picked":"Shrug It Off","floor":27},{"not_picked":["Burning Pact","Havoc"],"picked":"Flex","floor":29}],"player_experience":71397,"potions_floor_usage":[6,6,13,16,24,29,33],"damage_taken":[{"damage":1,"enemies":"Jaw Worm","floor":1,"turns":4},{"damage":0,"enemies":"Cultist","floor":5,"turns":3},{"damage":34,"enemies":"Lagavulin","floor":6,"turns":6},{"damage":2,"enemies":"2 Louse","floor":11,"turns":3},{"damage":0,"enemies":"2 Fungi Beasts","floor":12,"turns":1},{"damage":6,"enemies":"Gremlin Nob","floor":13,"turns":3},{"damage":11,"enemies":"Slime Boss","floor":16,"turns":11},{"damage":0,"enemies":"Chosen","floor":18,"turns":3},{"damage":10,"enemies":"3 Byrds","floor":20,"turns":2},{"damage":5,"enemies":"Snecko","floor":21,"turns":5},{"damage":5,"enemies":"Centurion and Healer","floor":22,"turns":7},{"damage":44,"enemies":"Book of Stabbing","floor":24,"turns":6},{"damage":0,"enemies":"Snake Plant","floor":27,"turns":1},{"damage":0,"enemies":"Cultist and Chosen","floor":28,"turns":9},{"damage":8,"enemies":"Sentry and Sphere","floor":29,"turns":8},{"damage":12,"enemies":"3 Cultists","floor":31,"turns":4},{"damage":88,"enemies":"Automaton","floor":33,"turns":10}],"event_choices":[{"event_name":"The Lab","player_choice":"Got Potions","floor":3,"damage_taken":0},{"event_name":"Golden Wing","player_choice":"Card Removal","floor":4,"damage_taken":0},{"event_name":"The Woman in Blue","player_choice":"Bought 0 Potions","floor":7,"damage_taken":0}],"boss_relics":[{"not_picked":["Philosopher\u0027s Stone","Snecko Eye"],"picked":"Black Star"}],"potions_floor_spawned":[5,6,12,13,22,24],"seed_played":"-1814252984518752552","killed_by":"Automaton","ascension_level":0,"is_trial":false}