{"gold_per_floor":[111,111,286,131,131,131,164,176,200,225,225,225,260,279,279,403,403,422,422,56,56,73,137,137,155,155,155,155,155,17,43,43,43],"floor_reached":33,"playtime":59477,"items_purged":["Doubt"],"score":356,"play_id":"25538b33-479b-4391-9747-0d01bcc881d4","local_time":"20190811122227","is_ascension_mode":true,"campfire_choices":[{"floor":6.0,"key":"REST"},{"floor":11.0,"key":"REST"},{"floor":15.0,"key":"REST"},{"floor":24,"key":"REST"},{"floor":27,"key":"REST"},{"floor":29,"key":"REST"},{"floor":32,"key":"REST"}],"neow_cost":"NONE","seed_source_timestamp":0,"circlet_count":0,"master_deck":["Strike_R","Strike_R","Strike_R+1","Strike_R","Defend_R","Defend_R","Defend_R","Defend_R","Bash","Impatience+1","Seeing Red","Feel No Pain","Cleave","True Grit","Uppercut","Rage","Shrug It Off","Heavy Blade","Inflame+1","Heavy Blade","Bludgeon","Pommel Strike","Pummel+1","Double Tap","Armaments","Bash","Flex","Finesse"],"special_seed":0,"relics":["Burning Blood","Blood Vial","Regal Pillow","Bottled Lightning","Bloody Idol","Bronze Scales","Runic Cube","Frozen Egg 2","Tiny Chest","Shuriken","Singing Bowl"],"potions_floor_usage":[23,23],"damage_taken":[{"damage":0.0,"enemies":"2 Louse","floor":1.0,"turns":4.0},{"damage":40.0,"enemies":"Lagavulin","floor":7.0,"turns":5.0},{"damage":0.0,"enemies":"Small Slimes","floor":8.0,"turns":3.0},{"damage":39.0,"enemies":"Gremlin Nob","floor":10.0,"turns":5.0},{"damage":40.0,"enemies":"Lagavulin","floor":13.0,"turns":6.0},{"damage":0.0,"enemies":"Jaw Worm","floor":14.0,"turns":3.0},{"damage":70.0,"enemies":"The Guardian","floor":16.0,"turns":14.0},{"damage":15.0,"enemies":"Shell Parasite","floor":18.0,"turns":11.0},{"damage":24.0,"enemies":"2 Thieves","floor":22.0,"turns":5.0},{"damage":59,"enemies":"Slavers","floor":23,"turns":5},{"damage":49,"enemies":"Centurion and Healer","floor":25,"turns":7},{"damage":65,"enemies":"Gremlin Leader","floor":31,"turns":7},{"damage":99,"enemies":"Automaton","floor":33,"turns":6}],"seed_played":"-393247260512445214","potions_obtained":[{"floor":7.0,"key":"Swift Potion"},{"floor":13.0,"key":"Energy Potion"},{"floor":16.0,"key":"GamblersBrew"},{"floor":18.0,"key":"Strength Potion"}],"is_trial":false,"path_per_floor":["M","?","?","$","?","R","E","M","T","E","R","?","E","M","R","B",null,"M","?","$","?","M","E","R","M","T","R","?","R","$","E","R","B"],"character_chosen":"IRONCLAD","items_purchased":["Feel No Pain","Frozen Egg 2","Inflame+1","Heavy Blade","Flex","Finesse"],"campfire_rested":7,"item_purchase_floors":[4,20,20,20,30,30],"current_hp_per_floor":[80,64,64,64,57,80,46,54,54,23,62,62,30,38,74,10,74,65,65,65,65,59,18,55,19,19,56,56,74,74,22,59,0],"gold":43,"neow_bonus":"RANDOM_COLORLESS","is_prod":false,"is_daily":false,"chose_seed":false,"campfire_upgraded":0,"win_rate":0,"timestamp":1565551347,"path_taken":["M","?","?","$","?","R","E","?","T","E","R","?","E","M","R","BOSS","M","?","$","?","M","E","R","?","T","R","?","R","?","E","R","BOSS"],"build_version":"2019-07-17","purchased_purges":1,"victory":false,"max_hp_per_floor":[80,80,80,80,80,80,80,80,80,80,80,74,74,74,74,74,74,74,74,74,74,74,74,74,74,74,74,74,74,74,76,76,76],"card_choices":[{"not_picked":["Blood for Blood","Disarm"],"picked":"Seeing Red","floor":1.0},{"not_picked":["Body Slam","Clothesline"],"picked":"Cleave","floor":7.0},{"not_picked":["Headbutt","Havoc"],"picked":"True Grit","floor":8.0},{"not_picked":["Headbutt","Heavy Blade"],"picked":"Uppercut","floor":10.0},{"not_picked":["Brutality","True Grit"],"picked":"Rage","floor":13.0},{"not_picked":["Seeing Red","Intimidate"],"picked":"Shrug It Off","floor":14.0},{"not_picked":["Rupture","Armaments"],"picked":"Heavy Blade","floor":18.0},{"not_picked":["Twin Strike","Entrench"],"picked":"Pummel+1","floor":22.0},{"not_picked":["Bloodletting+1","Intimidate+1"],"picked":"Double Tap","floor":23},{"not_picked":["True Grit","Clash"],"picked":"Armaments","floor":25},{"not_picked":["Armaments","Thunderclap","Twin Strike"],"picked":"Singing Bowl","floor":31}],"player_experience":2830275,"relics_obtained":[{"floor":7.0,"key":"Blood Vial"},{"floor":9.0,"key":"Regal Pillow"},{"floor":10.0,"key":"Bottled Lightning"},{"floor":13.0,"key":"Bronze Scales"},{"floor":23,"key":"Tiny Chest"},{"floor":26,"key":"Shuriken"},{"floor":31,"key":"Singing Bowl"}],"event_choices":[{"damage_healed":0.0,"max_hp_gain":0.0,"max_hp_loss":0.0,"gold_gain":0.0,"event_name":"Shining Light","player_choice":"Entered Light","floor":2.0,"gold_loss":0.0,"damage_taken":16.0,"cards_upgraded":["Strike_R","Impatience"]},{"damage_healed":0.0,"max_hp_gain":0.0,"max_hp_loss":0.0,"gold_gain":175.0,"event_name":"Liars Game","player_choice":"AGREE","floor":3.0,"gold_loss":0.0,"damage_taken":0.0,"cards_obtained":["Doubt"]},{"cards_removed":["Strike_R"],"damage_healed":0.0,"max_hp_gain":0.0,"max_hp_loss":0.0,"gold_gain":0.0,"event_name":"Golden Wing","player_choice":"Card Removal","floor":5.0,"gold_loss":0.0,"damage_taken":7.0},{"damage_healed":0.0,"max_hp_gain":0.0,"max_hp_loss":6.0,"gold_gain":0.0,"event_name":"Golden Idol","player_choice":"Lose Max HP","floor":12.0,"gold_loss":0.0,"damage_taken":0.0,"relics_obtained":["Golden Idol"]},{"damage_healed":0.0,"max_hp_gain":0.0,"max_hp_loss":0.0,"gold_gain":0.0,"event_name":"Forgotten Altar","player_choice":"Gave Idol","floor":19.0,"relics_lost":["Golden Idol"],"gold_loss":0.0,"damage_taken":0.0,"relics_obtained":["Bloody Idol"]},{"damage_healed":0.0,"max_hp_gain":0.0,"max_hp_loss":0.0,"gold_gain":0.0,"event_name":"Match and Keep!","player_choice":"2 cards matched","floor":21.0,"gold_loss":0.0,"damage_taken":0.0,"cards_obtained":["Bludgeon","Pommel Strike"]},{"damage_healed":0,"gold_gain":0,"player_choice":"1 cards matched","damage_taken":0,"max_hp_gain":0,"max_hp_loss":0,"event_name":"Match and Keep!","floor":28,"gold_loss":0,"cards_obtained":["Bash"]}],"is_beta":false,"boss_relics":[{"not_picked":["Pandora\u0027s Box","Busted Crown"],"picked":"Runic Cube"}],"items_purged_floors":[4],"is_endless":false,"potions_floor_spawned":[7,13,16,18],"killed_by":"Automaton","ascension_level":4}