{"gold_per_floor":[366,380,396,7,7,68,33,33,33,59,69,100,100,132,132,233,233,250,268,3,21,33,86,86,118,170,270,270,304,304,345,345,442,442,457,467,506,517,414,414,80,100,100,100,158,158,218,235,235,235,235,235,9,35,35],"floor_reached":55,"playtime":4840,"items_purged":["Decay","Parasite"],"score":1216,"play_id":"54c7a383-4f11-4634-acf9-1189ffc57346","local_time":"20191016204800","is_ascension_mode":true,"campfire_choices":[{"data":"Whirlwind","floor":8,"key":"SMITH"},{"data":"True Grit","floor":13,"key":"SMITH"},{"data":"Uppercut","floor":15,"key":"SMITH"},{"data":"HandOfGreed","floor":24,"key":"SMITH"},{"data":"Armaments","floor":28,"key":"SMITH"},{"data":"Dark Embrace","floor":32,"key":"SMITH"},{"data":"Feel No Pain","floor":40,"key":"SMITH"},{"data":"Fiend Fire","floor":44,"key":"SMITH"},{"data":"Dual Wield","floor":46,"key":"SMITH"},{"floor":49,"key":"RECALL"},{"data":"Reaper","floor":52,"key":"SMITH"}],"neow_cost":"CURSE","seed_source_timestamp":452344037228100,"circlet_count":0,"master_deck":["Strike_R","Strike_R","Strike_R","Strike_R","Strike_R+1","Defend_R","Defend_R","Defend_R","Defend_R","Bash","True Grit+1","Hemokinesis+1","Pommel Strike","Carnage","Whirlwind+1","Metallicize","Flash of Steel","Impervious","Uppercut+1","Sever Soul","Dark Embrace+1","Reckless Charge+1","Spot Weakness+1","HandOfGreed+1","Fire Breathing","Armaments+1","Perfected Strike+1","Dual Wield+1","Corruption","Evolve+1","Fiend Fire+1","Ghostly Armor","Reaper+1","Warcry","Feel No Pain+1","Shockwave","Inflame","Second Wind+1","Spot Weakness+1","Double Tap"],"relics":["Burning Blood","StrikeDummy","Tiny Chest","Whetstone","Meat on the Bone","Singing Bowl","Bird Faced Urn","Coffee Dripper","Dream Catcher","Akabeko","Blood Vial","Prayer Wheel","White Beast Statue","Bronze Scales","Busted Crown","Oddly Smooth Stone","HornCleat","StoneCalendar","Lantern","Blue Candle"],"potions_floor_usage":[14,21,23,25,25,27,33,33,37,38,45,47,48,50,50,55],"damage_taken":[{"damage":4,"enemies":"2 Louse","floor":1,"turns":4},{"damage":5,"enemies":"Small Slimes","floor":2,"turns":3},{"damage":10,"enemies":"Jaw Worm","floor":3,"turns":3},{"damage":32,"enemies":"Lagavulin","floor":6,"turns":5},{"damage":16,"enemies":"3 Sentries","floor":10,"turns":5},{"damage":3,"enemies":"Looter","floor":11,"turns":2},{"damage":12,"enemies":"Gremlin Nob","floor":12,"turns":3},{"damage":8,"enemies":"Lagavulin","floor":14,"turns":5},{"damage":4,"enemies":"Slime Boss","floor":16,"turns":7},{"damage":0,"enemies":"3 Byrds","floor":18,"turns":4},{"damage":14,"enemies":"Chosen","floor":19,"turns":3},{"damage":0,"enemies":"Snecko","floor":21,"turns":3},{"damage":17,"enemies":"Centurion and Healer","floor":22,"turns":6},{"damage":35,"enemies":"Book of Stabbing","floor":23,"turns":5},{"damage":38,"enemies":"Gremlin Leader","floor":25,"turns":7},{"damage":21,"enemies":"Colosseum Slavers","floor":27,"turns":3},{"damage":16,"enemies":"Colosseum Nobs","floor":27,"turns":5},{"damage":60,"enemies":"Book of Stabbing","floor":29,"turns":5},{"damage":7,"enemies":"Cultist and Chosen","floor":31,"turns":2},{"damage":55,"enemies":"Automaton","floor":33,"turns":8},{"damage":20,"enemies":"Orb Walker","floor":35,"turns":4},{"damage":52,"enemies":"3 Shapes","floor":36,"turns":5},{"damage":25,"enemies":"Spire Growth","floor":37,"turns":5},{"damage":32,"enemies":"Writhing Mass","floor":38,"turns":7},{"damage":9,"enemies":"Jaw Worm Horde","floor":42,"turns":3},{"damage":33,"enemies":"Nemesis","floor":45,"turns":5},{"damage":85,"enemies":"Reptomancer","floor":47,"turns":6},{"damage":0,"enemies":"4 Shapes","floor":48,"turns":3},{"damage":123,"enemies":"Awakened One","floor":50,"turns":12},{"damage":76,"enemies":"Shield and Spear","floor":54,"turns":6},{"damage":55,"enemies":"The Heart","floor":55,"turns":3}],"seed_played":"-180893610262093030","potions_obtained":[{"floor":3,"key":"PowerPotion"},{"floor":11,"key":"Strength Potion"},{"floor":12,"key":"HeartOfIron"},{"floor":14,"key":"ElixirPotion"},{"floor":16,"key":"Weak Potion"},{"floor":21,"key":"Weak Potion"},{"floor":25,"key":"Energy Potion"},{"floor":29,"key":"Ancient Potion"},{"floor":31,"key":"BloodPotion"},{"floor":33,"key":"SteroidPotion"},{"floor":35,"key":"Ancient Potion"},{"floor":36,"key":"FairyPotion"},{"floor":37,"key":"EssenceOfSteel"},{"floor":38,"key":"Energy Potion"},{"floor":42,"key":"PowerPotion"},{"floor":45,"key":"DuplicationPotion"},{"floor":47,"key":"PowerPotion"},{"floor":48,"key":"PowerPotion"},{"floor":54,"key":"SpeedPotion"}],"is_trial":false,"path_per_floor":["M","M","M","$","?","E","?","R","T","E","M","E","R","E","R","B",null,"M","M","$","M","M","E","R","E","T","?","R","E","?","M","R","B",null,"M","M","M","M","$","R","$","M","T","R","E","R","E","M","R","B",null,"R","$","E","B"],"character_chosen":"IRONCLAD","items_purchased":["Carnage","Whirlwind","Metallicize","Flash of Steel","HandOfGreed","Fire Breathing","Feel No Pain","Shockwave","Oddly Smooth Stone","Inflame","Lantern","Double Tap"],"campfire_rested":0,"item_purchase_floors":[4,4,4,4,20,20,39,39,41,41,53,53],"current_hp_per_floor":[74,75,71,71,64,38,58,58,58,48,51,59,59,57,57,61,77,82,76,76,82,77,54,54,40,40,51,51,19,19,34,34,25,69,67,59,66,68,68,68,68,75,75,75,72,72,51,71,71,48,89,89,89,41,0],"gold":35,"neow_bonus":"TWO_FIFTY_GOLD","is_prod":false,"is_daily":false,"chose_seed":false,"campfire_upgraded":10,"win_rate":0,"timestamp":1571276880,"path_taken":["M","M","M","$","?","E","?","R","T","E","M","E","R","E","R","BOSS","M","M","$","M","M","E","R","E","T","?","R","E","?","M","R","BOSS","M","M","M","M","$","R","$","M","T","R","E","R","E","M","R","BOSS","R","$","E","BOSS"],"build_version":"2019-10-16","purchased_purges":2,"victory":false,"max_hp_per_floor":[80,80,80,80,80,80,80,80,80,80,80,82,82,82,82,82,82,82,82,82,82,82,82,82,82,82,82,82,82,82,84,84,84,84,88,90,94,98,98,98,95,97,97,97,97,97,99,103,103,103,103,103,103,105,105],"card_choices":[{"not_picked":["Warcry","Pummel"],"picked":"True Grit","floor":1},{"not_picked":["Twin Strike","Flex"],"picked":"Hemokinesis","floor":2},{"not_picked":["Clash","Warcry"],"picked":"Pommel Strike","floor":3},{"not_picked":["Dropkick","Flex"],"picked":"Impervious","floor":6},{"not_picked":["Hemokinesis","Intimidate"],"picked":"Uppercut","floor":10},{"not_picked":["Heavy Blade","Havoc","True Grit"],"picked":"SKIP","floor":11},{"not_picked":["Whirlwind","Anger","Cleave"],"picked":"Singing Bowl","floor":12},{"not_picked":["Uppercut","Flex"],"picked":"Sever Soul","floor":14},{"not_picked":["Feed","Barricade"],"picked":"Dark Embrace","floor":16},{"not_picked":["Uppercut","Pommel Strike"],"picked":"Reckless Charge+1","floor":18},{"not_picked":["Shrug It Off","Thunderclap"],"picked":"Spot Weakness+1","floor":19},{"not_picked":["Rage","Searing Blow"],"picked":"Armaments","floor":21},{"not_picked":["Spot Weakness","Wild Strike"],"picked":"Perfected Strike+1","floor":22},{"not_picked":["Blood for Blood+1","Flame Barrier"],"picked":"Dual Wield","floor":23},{"not_picked":["Shrug It Off","Inflame"],"picked":"Corruption","floor":25},{"not_picked":["Dropkick","Sword Boomerang"],"picked":"Evolve+1","floor":27},{"not_picked":["Rage+1","Cleave+1"],"picked":"Fiend Fire","floor":29},{"not_picked":["Dropkick","Flex"],"picked":"Ghostly Armor","floor":31},{"not_picked":["Bloodletting","Metallicize","Carnage+1"],"picked":"Singing Bowl","floor":31},{"not_picked":["Bludgeon","Feed"],"picked":"Reaper","floor":33},{"not_picked":["Spot Weakness+1"],"picked":"Singing Bowl","floor":35},{"not_picked":["Clash+1"],"picked":"Singing Bowl","floor":35},{"not_picked":["Evolve+1"],"picked":"Singing Bowl","floor":36},{"not_picked":[],"picked":"Warcry","floor":36},{"not_picked":["Carnage"],"picked":"Singing Bowl","floor":37},{"not_picked":["Rage+1"],"picked":"Singing Bowl","floor":37},{"not_picked":["Clash+1"],"picked":"Singing Bowl","floor":38},{"not_picked":["Sword Boomerang+1"],"picked":"Singing Bowl","floor":38},{"not_picked":[],"picked":"Second Wind+1","floor":42},{"not_picked":["Wild Strike+1"],"picked":"Singing Bowl","floor":42},{"not_picked":[],"picked":"Spot Weakness+1","floor":45},{"not_picked":["Perfected Strike"],"picked":"Singing Bowl","floor":47},{"not_picked":["Twin Strike+1"],"picked":"Singing Bowl","floor":48},{"not_picked":["Warcry"],"picked":"Singing Bowl","floor":48},{"not_picked":["Feel No Pain"],"picked":"Singing Bowl","floor":54}],"player_experience":526117,"relics_obtained":[{"floor":6,"key":"Tiny Chest"},{"floor":9,"key":"Whetstone"},{"floor":10,"key":"Meat on the Bone"},{"floor":12,"key":"Singing Bowl"},{"floor":14,"key":"Bird Faced Urn"},{"floor":23,"key":"Dream Catcher"},{"floor":25,"key":"Akabeko"},{"floor":26,"key":"Blood Vial"},{"floor":27,"key":"Prayer Wheel"},{"floor":27,"key":"White Beast Statue"},{"floor":29,"key":"Bronze Scales"},{"floor":45,"key":"HornCleat"},{"floor":47,"key":"StoneCalendar"},{"floor":54,"key":"Blue Candle"}],"event_choices":[{"damage_healed":0,"gold_gain":0,"player_choice":"Success","damage_taken":7,"relics_obtained":["StrikeDummy"],"max_hp_gain":0,"max_hp_loss":0,"event_name":"Scrap Ooze","floor":5,"gold_loss":0},{"damage_healed":20,"gold_gain":0,"player_choice":"Healed","damage_taken":0,"max_hp_gain":0,"max_hp_loss":0,"event_name":"The Cleric","floor":7,"gold_loss":35},{"damage_healed":0,"gold_gain":0,"player_choice":"Fight","damage_taken":0,"max_hp_gain":0,"max_hp_loss":0,"event_name":"Colosseum","floor":27,"gold_loss":0},{"damage_healed":0,"gold_gain":0,"player_choice":"Fought Nobs","damage_taken":0,"max_hp_gain":0,"max_hp_loss":0,"event_name":"Colosseum","floor":27,"gold_loss":0},{"damage_healed":0,"gold_gain":0,"player_choice":"Ignored","damage_taken":0,"max_hp_gain":0,"max_hp_loss":0,"event_name":"The Mausoleum","floor":30,"gold_loss":0}],"is_beta":true,"boss_relics":[{"not_picked":["Pandora\u0027s Box","Cursed Key"],"picked":"Coffee Dripper"},{"not_picked":["Fusion Hammer","Runic Dome"],"picked":"Busted Crown"}],"items_purged_floors":[4,41],"is_endless":false,"potions_floor_spawned":[3,11,12,14,16,21,25,27,29,31,33,35,36,37,38,42,45,47,48,54],"killed_by":"The Heart","ascension_level":8}