{"path_per_floor":["M","$","M","M","?","R","M","R","T","M","M","M","R","E","R","B",null,"M","?","?","$","M","R","?","R","T","?","$","M","R","M","R","B",null,"M","M","$","?","M","R","E","$","T","M","?"],"character_chosen":"THE_SILENT","items_purchased":["Footwork","Adrenaline","Noxious Fumes","War Paint"],"gold_per_floor":[113,0,12,28,28,28,45,45,45,56,70,88,88,118,118,218,218,236,236,236,51,66,66,66,66,89,39,39,53,53,70,70,172,172,182,201,101,101,115,115,149,2,53,65,65,65],"floor_reached":46,"campfire_rested":3,"playtime":3262,"item_purchase_floors":[2,21,21,42],"current_hp_per_floor":[62,62,62,62,62,62,62,62,62,62,57,44,44,41,41,45,64,58,58,58,58,58,58,58,58,58,58,58,8,29,15,36,21,58,58,37,37,37,37,58,35,35,35,16,16,3],"items_purged":["Strike_G","Strike_G+1"],"gold":65,"score":585,"play_id":"85808c68-3430-40ea-aa89-443677ad83c2","local_time":"20180527013728","is_prod":false,"is_daily":false,"chose_seed":false,"is_ascension_mode":true,"campfire_upgraded":6,"win_rate":0,"timestamp":1527410248,"campfire_choices":[{"data":"Footwork","floor":6,"key":"SMITH"},{"data":"Deadly Poison","floor":8,"key":"SMITH"},{"data":"Neutralize","floor":13,"key":"SMITH"},{"data":"Outmaneuver","floor":15,"key":"SMITH"},{"data":"Noxious Fumes","floor":23,"key":"SMITH"},{"data":"Adrenaline","floor":25,"key":"SMITH"},{"floor":30,"key":"REST"},{"floor":32,"key":"REST"},{"floor":40,"key":"REST"}],"path_taken":["M","$","M","M","?","R","M","R","T","M","M","?","R","E","R","BOSS","M","?","?","$","M","R","?","R","T","?","$","?","R","M","R","BOSS","M","M","$","?","M","R","E","$","T","M","?","M"],"build_version":"2018-05-24","seed_source_timestamp":49850224863704,"purchased_purges":2,"victory":false,"master_deck":["Defend_G+1","Defend_G+1","Defend_G+1","Defend_G+1","Defend_G+1","Strike_G+1","Strike_G+1","Strike_G+1","Survivor","Neutralize+1","Flying Knee","Outmaneuver+1","Footwork+1","Deadly Poison+1","Blur","Deflect","Acrobatics+1","Dagger Throw","Noxious Fumes+1","Prepared+1","Poisoned Stab+1","Adrenaline+1","Noxious Fumes","Backflip","Burst","Adrenaline","Well Laid Plans+1","Backflip+1","Tools of the Trade"],"max_hp_per_floor":[70,70,70,70,70,70,70,70,70,70,70,70,70,70,70,70,70,70,70,70,70,70,70,70,70,70,70,70,70,70,70,70,70,70,70,70,70,70,70,70,70,70,70,70,70,70],"relics":["Ring of the Snake","Pantograph","Oddly Smooth Stone","Orrery","Bronze Scales","Lizard Tail","Regal Pillow","War Paint","Blood Vial"],"card_choices":[{"not_picked":["Outmaneuver","Bane"],"picked":"Flying Knee","floor":0},{"not_picked":["Slice","Deflect"],"picked":"Outmaneuver","floor":1},{"not_picked":["Malaise","Sucker Punch"],"picked":"Deadly Poison","floor":3},{"not_picked":["Slice","Dodge and Roll","Endless Agony"],"picked":"SKIP","floor":4},{"not_picked":["Malaise","PiercingWail"],"picked":"Blur","floor":7},{"not_picked":["Finisher","Sucker Punch"],"picked":"Deflect","floor":10},{"not_picked":["Dagger Spray","Slice","Envenom"],"picked":"SKIP","floor":11},{"not_picked":["Flechettes","Bouncing Flask"],"picked":"Acrobatics","floor":12},{"not_picked":["Deadly Poison","Dagger Spray"],"picked":"Dagger Throw","floor":14},{"not_picked":["Crippling Poison","Adrenaline"],"picked":"Noxious Fumes","floor":17},{"not_picked":["Infinite Blades","Backstab"],"picked":"Prepared","floor":17},{"not_picked":["Sucker Punch","Bane"],"picked":"Poisoned Stab+1","floor":18},{"not_picked":["PiercingWail","Riddle With Holes"],"picked":"Backflip","floor":22},{"not_picked":["Flying Knee","Dodge and Roll","Bane"],"picked":"SKIP","floor":29},{"not_picked":["Choke+1","Poisoned Stab"],"picked":"Burst","floor":31},{"not_picked":["Night Terror","Venomology"],"picked":"Adrenaline","floor":33},{"not_picked":["Setup+1","Slice"],"picked":"Well Laid Plans+1","floor":35},{"not_picked":["Setup+1","Finisher"],"picked":"Backflip+1","floor":36},{"not_picked":["Dodge and Roll+1","Endless Agony+1","Eviscerate"],"picked":"SKIP","floor":39},{"not_picked":["Deadly Poison","Masterful Stab","Backflip"],"picked":"SKIP","floor":41},{"not_picked":["Terror+1","Skewer+1"],"picked":"Tools of the Trade","floor":44}],"player_experience":409221,"potions_floor_usage":[14,22,33,44],"damage_taken":[{"damage":1,"enemies":"Jaw Worm","floor":1,"turns":7},{"damage":0,"enemies":"Cultist","floor":3,"turns":6},{"damage":0,"enemies":"Small Slimes","floor":4,"turns":4},{"damage":0,"enemies":"Exordium Wildlife","floor":7,"turns":4},{"damage":0,"enemies":"Blue Slaver","floor":10,"turns":5},{"damage":5,"enemies":"2 Fungi Beasts","floor":11,"turns":4},{"damage":13,"enemies":"3 Louse","floor":12,"turns":6},{"damage":3,"enemies":"Lagavulin","floor":14,"turns":8},{"damage":21,"enemies":"Hexaghost","floor":16,"turns":12},{"damage":6,"enemies":"Spheric Guardian","floor":18,"turns":7},{"damage":0,"enemies":"3 Byrds","floor":22,"turns":5},{"damage":50,"enemies":"Cultist and Chosen","floor":29,"turns":7},{"damage":14,"enemies":"Slaver and Parasite","floor":31,"turns":6},{"damage":40,"enemies":"Collector","floor":33,"turns":9},{"damage":0,"enemies":"Orb Walker","floor":35,"turns":4},{"damage":21,"enemies":"3 Darklings","floor":36,"turns":4},{"damage":0,"enemies":"Maw","floor":39,"turns":8},{"damage":70,"enemies":"2 Orb Walkers","floor":41,"turns":5},{"damage":21,"enemies":"Sphere and 2 Shapes","floor":44,"turns":6},{"damage":15,"enemies":"3 Darklings","floor":46,"turns":3}],"relics_obtained":[{"floor":9,"key":"Pantograph"},{"floor":14,"key":"Oddly Smooth Stone"},{"floor":26,"key":"Bronze Scales"},{"floor":41,"key":"Regal Pillow"},{"floor":43,"key":"Blood Vial"}],"event_choices":[{"event_name":"The Lab","player_choice":"Got Potions","floor":5,"damage_taken":0},{"event_name":"Back to Basics","player_choice":"Simplicity","floor":19,"damage_taken":0},{"event_name":"Drug Dealer","player_choice":"Ignored","floor":20,"damage_taken":0},{"event_name":"Ghosts","player_choice":"Ignored","floor":24,"damage_taken":0},{"event_name":"The Joust","player_choice":"Bet on Owner","floor":27,"damage_taken":0},{"event_name":"The Woman in Blue","player_choice":"Bought 0 Potions","floor":38,"damage_taken":0},{"event_name":"Mysterious Sphere","player_choice":"Ignore","floor":45,"damage_taken":0}],"boss_relics":[{"not_picked":["Runic Dome","Tiny House"],"picked":"Orrery"},{"not_picked":["Black Star","Calling Bell"],"picked":"Lizard Tail"}],"items_purged_floors":[2,37],"potions_floor_spawned":[3,7,10,12,14,18,33,36,44],"seed_played":"-5937477861799997290","killed_by":"3 Darklings","ascension_level":6,"potions_obtained":[{"floor":3,"key":"Explosive Potion"},{"floor":5,"key":"Poison Potion"},{"floor":5,"key":"SmokeBomb"},{"floor":14,"key":"Weak Potion"},{"floor":18,"key":"Poison Potion"},{"floor":33,"key":"Explosive Potion"},{"floor":36,"key":"Swift Potion"},{"floor":44,"key":"Weak Potion"}],"is_trial":false}