{"gold_per_floor":[112,112,123,123,123,154,154,198,198,233,196,196,235,255,255,385,385,385,385,385,385,385,385,385,385,385,385,52,52,52,52,52,52],"floor_reached":33,"playtime":1437,"items_purged":["Defend_G"],"score":382,"play_id":"7936e0bc-5d71-4149-a560-a737057cd526","local_time":"20190711111415","is_ascension_mode":true,"campfire_choices":[{"data":"1","floor":7.0,"key":"LIFT"},{"floor":12.0,"key":"REST"},{"floor":15,"key":"REST"},{"data":"2","floor":23,"key":"LIFT"},{"data":"3","floor":24,"key":"LIFT"},{"floor":27,"key":"REST"},{"floor":32,"key":"REST"}],"neow_cost":"NONE","seed_source_timestamp":42076039544825,"circlet_count":0,"master_deck":["Strike_G","Strike_G","Strike_G+1","Strike_G","Strike_G","Defend_G+1","Defend_G","Defend_G","Defend_G","Survivor","Neutralize","Leg Sweep","Dagger Spray","Blade Dance","Unload","Backstab","Backflip","Noxious Fumes","Well Laid Plans","Storm of Steel","Skewer","Terror+1","PiercingWail","Tools of the Trade","Outmaneuver+1","Tactician+1","Acrobatics+1","Infinite Blades","Die Die Die","Riddle With Holes+1","Calculated Gamble+1","Prepared+1","Predator+1"],"special_seed":0,"relics":["Ring of the Snake","NeowsBlessing","Golden Idol","Girya","Dream Catcher","Prayer Wheel","WingedGreaves","Art of War","Boot","Ectoplasm","Gremlin Horn","Toxic Egg 2","Shuriken"],"potions_floor_usage":[16,18,31,33,33,33],"damage_taken":[{"damage":0.0,"enemies":"2 Louse","floor":1.0,"turns":1.0},{"damage":0.0,"enemies":"Small Slimes","floor":3.0,"turns":1.0},{"damage":0.0,"enemies":"Lagavulin","floor":6.0,"turns":1.0},{"damage":12.0,"enemies":"Gremlin Nob","floor":8.0,"turns":4.0},{"damage":34.0,"enemies":"Lagavulin","floor":10.0,"turns":6.0},{"damage":20,"enemies":"Gremlin Nob","floor":13,"turns":5},{"damage":0,"enemies":"Cultist","floor":14,"turns":3},{"damage":20,"enemies":"Hexaghost","floor":16,"turns":11},{"damage":5,"enemies":"Shell Parasite","floor":18,"turns":4},{"damage":1,"enemies":"Chosen","floor":20,"turns":4},{"damage":13,"enemies":"Snecko","floor":22,"turns":5},{"damage":26,"enemies":"Book of Stabbing","floor":25,"turns":6},{"damage":13,"enemies":"Shelled Parasite and Fungi","floor":29,"turns":3},{"damage":11,"enemies":"Centurion and Healer","floor":30,"turns":3},{"damage":0,"enemies":"3 Cultists","floor":31,"turns":2},{"damage":35,"enemies":"Automaton","floor":33,"turns":4}],"seed_played":"9055855463499593285","potions_obtained":[{"floor":1.0,"key":"SteroidPotion"},{"floor":10.0,"key":"LiquidBronze"},{"floor":13,"key":"Poison Potion"},{"floor":16,"key":"SneckoOil"},{"floor":19,"key":"FearPotion"},{"floor":19,"key":"Explosive Potion"},{"floor":29,"key":"PowerPotion"},{"floor":31,"key":"Weak Potion"}],"is_trial":false,"path_per_floor":["M","?","M","?","?","E","R","E","T","E","$","R","E","M","R","B",null,"M","?","M","$","M","R","R","E","T","R","$","M","M","M","R","B"],"character_chosen":"THE_SILENT","items_purchased":["Backstab","Shuriken"],"campfire_rested":4,"item_purchase_floors":[11,28],"current_hp_per_floor":[70,56,56,56,49,49,49,37,37,3,3,22,2,2,21,1,65,60,60,59,59,46,46,46,20,20,39,39,26,15,15,34,0],"gold":52,"neow_bonus":"THREE_ENEMY_KILL","is_prod":false,"is_daily":false,"chose_seed":false,"campfire_upgraded":0,"win_rate":0,"timestamp":1562858055,"path_taken":["M","?","M","?","?","E","R","E","T","E","$","R","E","M","R","BOSS","M","?","M","$","M","R","R","E","T","R","$","?","M","?","R","BOSS"],"build_version":"2019-07-05","purchased_purges":1,"victory":false,"max_hp_per_floor":[70,70,70,65,65,65,65,65,65,65,65,65,65,65,65,65,65,65,65,65,65,65,65,65,65,65,65,65,65,65,65,65,65],"card_choices":[{"not_picked":["Cloak And Dagger","Flying Knee"],"picked":"Leg Sweep","floor":1.0},{"not_picked":["Caltrops","Deadly Poison"],"picked":"Dagger Spray","floor":3.0},{"not_picked":["All Out Attack","Underhanded Strike"],"picked":"Blade Dance","floor":6.0},{"not_picked":["Deflect","Distraction"],"picked":"Unload","floor":8.0},{"not_picked":["Underhanded Strike","Sucker Punch","Predator"],"picked":"SKIP","floor":10.0},{"not_picked":["Slice","Deflect"],"picked":"Backflip","floor":12.0},{"not_picked":["Deadly Poison","Dodge and Roll"],"picked":"Noxious Fumes","floor":13},{"not_picked":["Poisoned Stab","Dagger Throw","Outmaneuver"],"picked":"SKIP","floor":14},{"not_picked":["Reflex","Burst","All Out Attack"],"picked":"SKIP","floor":14},{"not_picked":["Deadly Poison","Reflex"],"picked":"Well Laid Plans","floor":15},{"not_picked":["Phantasmal Killer","Venomology"],"picked":"Storm of Steel","floor":16},{"not_picked":["Outmaneuver","Dodge and Roll+1"],"picked":"Skewer","floor":18},{"not_picked":["Slice","Deflect","Flechettes"],"picked":"SKIP","floor":18},{"not_picked":["Flying Knee","Sucker Punch"],"picked":"Terror+1","floor":20},{"not_picked":["Leg Sweep","Dagger Spray","Dodge and Roll"],"picked":"SKIP","floor":20},{"not_picked":["Dodge and Roll+1","Flying Knee"],"picked":"PiercingWail","floor":22},{"not_picked":["Slice","Flying Knee"],"picked":"Tools of the Trade","floor":22},{"not_picked":["Cloak And Dagger+1","Sucker Punch+1"],"picked":"Outmaneuver+1","floor":25},{"not_picked":["PiercingWail+1","Dash+1"],"picked":"Tactician+1","floor":27},{"not_picked":["Terror+1","Deadly Poison+1"],"picked":"Acrobatics+1","floor":29},{"not_picked":["Acrobatics+1","Bouncing Flask+1"],"picked":"Infinite Blades","floor":29},{"not_picked":["Choke+1","Quick Slash"],"picked":"Die Die Die","floor":30},{"not_picked":["Flechettes+1","Cloak And Dagger+1"],"picked":"Riddle With Holes+1","floor":30},{"not_picked":["Riddle With Holes","Underhanded Strike"],"picked":"Calculated Gamble+1","floor":31},{"not_picked":["Expertise+1","Dodge and Roll+1"],"picked":"Prepared+1","floor":31},{"not_picked":["Well Laid Plans","Sucker Punch"],"picked":"Predator+1","floor":32}],"player_experience":369570,"relics_obtained":[{"floor":6.0,"key":"Dream Catcher"},{"floor":8.0,"key":"Prayer Wheel"},{"floor":9.0,"key":"WingedGreaves"},{"floor":10.0,"key":"Art of War"},{"floor":13,"key":"Boot"},{"floor":25,"key":"Gremlin Horn"},{"floor":26,"key":"Toxic Egg 2"}],"event_choices":[{"damage_healed":0.0,"max_hp_gain":0.0,"max_hp_loss":0.0,"gold_gain":0.0,"event_name":"Shining Light","player_choice":"Entered Light","floor":2.0,"gold_loss":0.0,"damage_taken":14.0,"cards_upgraded":["Defend_G","Strike_G"]},{"damage_healed":0.0,"max_hp_gain":0.0,"max_hp_loss":5.0,"gold_gain":0.0,"event_name":"Golden Idol","player_choice":"Lose Max HP","floor":4.0,"gold_loss":0.0,"damage_taken":0.0,"relics_obtained":["Golden Idol"]},{"damage_healed":0.0,"max_hp_gain":0.0,"max_hp_loss":0.0,"gold_gain":0.0,"event_name":"Scrap Ooze","player_choice":"Success","floor":5.0,"gold_loss":0.0,"damage_taken":7.0,"relics_obtained":["Girya"]},{"damage_healed":0,"gold_gain":0,"player_choice":"Got Potions","damage_taken":0,"max_hp_gain":0,"max_hp_loss":0,"event_name":"Lab","floor":19,"gold_loss":0}],"is_beta":false,"boss_relics":[{"not_picked":["Runic Dome","White Beast Statue"],"picked":"Ectoplasm"}],"items_purged_floors":[28],"is_endless":false,"potions_floor_spawned":[1,10,13,16,29,31],"killed_by":"Automaton","ascension_level":4}