{"gold_per_floor":[116,131,143,143,46,46,121,164,215,215,258,271,295,295,295,414,414,427,442,442,442,100,144,144,144,144,187,203,243,243,268,268,391,391,412,427,448,598,623,623,203,203,256,295,307,239,572,602,602,602,602,602,140,174,174],"floor_reached":56,"playtime":4108,"items_purged":["Injury","Strike_P","Strike_P"],"score":1614,"play_id":"185f103c-546e-4d80-a44b-561d00cd27e9","local_time":"20191006140055","is_ascension_mode":true,"campfire_choices":[{"floor":6,"key":"REST"},{"floor":10,"key":"REST"},{"floor":15,"key":"REST"},{"floor":25,"key":"REST"},{"floor":30,"key":"REST"},{"floor":32,"key":"RECALL"},{"floor":40,"key":"REST"},{"floor":45,"key":"REST"},{"floor":49,"key":"REST"},{"floor":52,"key":"REST"}],"neow_cost":"NONE","seed_source_timestamp":612500137923400,"circlet_count":0,"master_deck":["Strike_P","Strike_P","Defend_P","Defend_P","Defend_P+1","Defend_P","Eruption","Vigilance+1","ThirdEye","Weave","BattleHymn","ClearTheMind","Devotion","ThirdEye","Weave","JustLucky","ClearTheMind","PanicButton","Ragnarok","Crescendo","Fasting2","CutThroughFate","Dramatic Entrance","FlyingSleeves+1","WaveOfTheHand+1","Halt+1","Wish","TalkToTheHand","CutThroughFate+1","Secret Technique","Wireheading","TalkToTheHand","Protect+1"],"relics":["Fusion Hammer","Pen Nib","Regal Pillow","FossilizedHelix","SlaversCollar","Akabeko","Bag of Preparation","Shuriken","Lizard Tail","Unceasing Top","Philosopher\u0027s Stone","Incense Burner","Ice Cream","MawBank","Toxic Egg 2","War Paint","Lee\u0027s Waffle","Ornamental Fan"],"potions_floor_usage":[11,16,23,23,33,48,54,55],"damage_taken":[{"damage":0,"enemies":"2 Louse","floor":1,"turns":3},{"damage":2,"enemies":"Small Slimes","floor":2,"turns":5},{"damage":0,"enemies":"Cultist","floor":3,"turns":3},{"damage":13,"enemies":"Lagavulin","floor":8,"turns":5},{"damage":20,"enemies":"Gremlin Nob","floor":11,"turns":4},{"damage":6,"enemies":"3 Louse","floor":12,"turns":3},{"damage":0,"enemies":"Large Slime","floor":13,"turns":2},{"damage":15,"enemies":"Hexaghost","floor":16,"turns":9},{"damage":0,"enemies":"Chosen","floor":18,"turns":3},{"damage":0,"enemies":"2 Thieves","floor":19,"turns":3},{"damage":13,"enemies":"Slavers","floor":23,"turns":3},{"damage":0,"enemies":"Gremlin Leader","floor":27,"turns":2},{"damage":0,"enemies":"Snecko","floor":28,"turns":4},{"damage":10,"enemies":"Book of Stabbing","floor":29,"turns":3},{"damage":0,"enemies":"Sentry and Sphere","floor":31,"turns":3},{"damage":42,"enemies":"Champ","floor":33,"turns":5},{"damage":11,"enemies":"3 Darklings","floor":35,"turns":2},{"damage":0,"enemies":"Orb Walker","floor":36,"turns":1},{"damage":0,"enemies":"Maw","floor":37,"turns":5},{"damage":0,"enemies":"Mind Bloom Boss Battle","floor":38,"turns":4},{"damage":0,"enemies":"Spire Growth","floor":39,"turns":3},{"damage":0,"enemies":"Giant Head","floor":44,"turns":4},{"damage":8,"enemies":"Nemesis","floor":48,"turns":3},{"damage":0,"enemies":"Time Eater","floor":50,"turns":7},{"damage":57,"enemies":"Shield and Spear","floor":54,"turns":4},{"damage":37,"enemies":"The Heart","floor":55,"turns":7}],"seed_played":"-205016969221573527","potions_obtained":[{"floor":2,"key":"Weak Potion"},{"floor":12,"key":"FearPotion"},{"floor":13,"key":"Block Potion"},{"floor":18,"key":"Explosive Potion"},{"floor":28,"key":"Ancient Potion"},{"floor":31,"key":"Strength Potion"},{"floor":33,"key":"Strength Potion"},{"floor":37,"key":"SkillPotion"},{"floor":48,"key":"BottledMiracle"}],"is_trial":false,"path_per_floor":["M","M","M","?","$","R","?","E","T","R","E","M","M","?","R","B",null,"M","M","?","?","$","E","?","R","T","E","M","E","R","M","R","B",null,"M","M","M","?","M","R","$","?","T","E","R","$","?","E","R","B",null,"R","$","E","B",null],"character_chosen":"WATCHER","items_purchased":["ClearTheMind","Akabeko","Dramatic Entrance","Ice Cream","Wireheading","War Paint","Lee\u0027s Waffle","Regen Potion","TalkToTheHand"],"campfire_rested":9,"item_purchase_floors":[5,22,22,41,46,53,53,53,53],"current_hp_per_floor":[72,70,70,70,70,72,61,48,48,72,52,46,46,46,72,57,68,68,68,68,68,68,55,42,77,77,77,77,67,77,77,77,35,67,56,56,56,56,56,77,77,77,77,77,77,77,77,69,77,77,77,77,84,27,5],"gold":174,"neow_bonus":"BOSS_RELIC","is_prod":false,"is_daily":false,"chose_seed":false,"campfire_upgraded":0,"win_rate":0,"timestamp":1570388455,"path_taken":["M","M","M","?","$","R","?","E","T","R","E","M","M","?","R","BOSS","M","?","?","?","$","E","?","R","T","E","M","E","R","M","R","BOSS","M","M","M","?","M","R","$","?","T","E","R","$","?","E","R","BOSS","R","$","E","BOSS"],"build_version":"2019-10-04","purchased_purges":3,"victory":true,"max_hp_per_floor":[72,72,72,72,72,72,72,72,72,72,72,72,72,72,72,72,72,72,72,72,72,72,72,77,77,77,77,77,77,77,77,77,77,77,77,77,77,77,77,77,77,77,77,77,77,77,77,77,77,77,77,77,84,84,84],"card_choices":[{"not_picked":["SpiritShield","ClearTheMind"],"picked":"ThirdEye","floor":1},{"not_picked":["Halt","EmptyFist"],"picked":"Weave","floor":2},{"not_picked":["Prostrate","SpiritShield"],"picked":"BattleHymn","floor":3},{"not_picked":["DeceiveReality","Prostrate"],"picked":"Devotion","floor":8},{"not_picked":["ForeignInfluence","EmptyFist"],"picked":"ThirdEye","floor":11},{"not_picked":["Protect","Meditate"],"picked":"Weave","floor":12},{"not_picked":["CrushJoints","ThirdEye"],"picked":"JustLucky","floor":13},{"not_picked":["Brilliance","Omniscience"],"picked":"Ragnarok","floor":16},{"not_picked":["FlurryOfBlows","Adaptation"],"picked":"Crescendo","floor":18},{"not_picked":["FollowUp","SignatureMove"],"picked":"Fasting2","floor":19},{"not_picked":["ClearTheMind","Prostrate"],"picked":"FlyingSleeves+1","floor":23},{"not_picked":["BowlingBash","Conclude","Brilliance"],"picked":"SKIP","floor":27},{"not_picked":["BattleHymn","SpiritShield+1","Weave"],"picked":"SKIP","floor":28},{"not_picked":["ConjureBlade","Conclude"],"picked":"WaveOfTheHand+1","floor":29},{"not_picked":["Consecrate","ForeignInfluence"],"picked":"Halt+1","floor":31},{"not_picked":["Brilliance","MasterReality"],"picked":"Wish","floor":33},{"not_picked":["Protect","EmptyBody"],"picked":"TalkToTheHand","floor":35},{"not_picked":["Halt+1","DeceiveReality","ThirdEye"],"picked":"SKIP","floor":36},{"not_picked":["ThirdEye+1","SashWhip+1","JustLucky+1"],"picked":"SKIP","floor":37},{"not_picked":["Consecrate+1","Scrawl+1"],"picked":"CutThroughFate+1","floor":39},{"not_picked":["Blind","Finesse"],"picked":"Secret Technique","floor":42},{"not_picked":["FlurryOfBlows","Tantrum","WindmillStrike+1"],"picked":"SKIP","floor":44},{"not_picked":["Meditate","DevaForm","SashWhip"],"picked":"SKIP","floor":48},{"not_picked":["Weave","BowlingBash+1"],"picked":"Protect+1","floor":54}],"player_experience":399977,"relics_obtained":[{"floor":8,"key":"Pen Nib"},{"floor":9,"key":"Regal Pillow"},{"floor":11,"key":"FossilizedHelix"},{"floor":23,"key":"Bag of Preparation"},{"floor":26,"key":"Shuriken"},{"floor":27,"key":"Lizard Tail"},{"floor":29,"key":"Unceasing Top"},{"floor":38,"key":"Incense Burner"},{"floor":44,"key":"MawBank"},{"floor":48,"key":"Toxic Egg 2"},{"floor":54,"key":"Ornamental Fan"}],"event_choices":[{"damage_healed":0,"gold_gain":0,"player_choice":"Take Wound","damage_taken":0,"relics_obtained":["Golden Idol"],"max_hp_gain":0,"max_hp_loss":0,"event_name":"Golden Idol","floor":4,"gold_loss":0,"cards_obtained":["Injury"]},{"damage_healed":0,"gold_gain":75,"player_choice":"Gather Gold","damage_taken":11,"max_hp_gain":0,"max_hp_loss":0,"event_name":"World of Goop","floor":7,"gold_loss":0},{"damage_healed":0,"gold_gain":0,"player_choice":"2 cards matched","damage_taken":0,"max_hp_gain":0,"max_hp_loss":0,"event_name":"Match and Keep!","floor":14,"gold_loss":0,"cards_obtained":["ClearTheMind","PanicButton"]},{"damage_healed":0,"gold_gain":0,"player_choice":"Ignored","damage_taken":0,"max_hp_gain":0,"max_hp_loss":0,"event_name":"Vampires","floor":20,"gold_loss":0},{"damage_healed":0,"gold_gain":0,"player_choice":"Read","damage_taken":0,"max_hp_gain":0,"max_hp_loss":0,"event_name":"The Library","floor":21,"gold_loss":0,"cards_obtained":["CutThroughFate"]},{"damage_healed":0,"gold_gain":0,"player_choice":"Shed Blood","damage_taken":18,"max_hp_gain":5,"max_hp_loss":0,"event_name":"Forgotten Altar","floor":24,"gold_loss":0},{"damage_healed":0,"gold_gain":0,"player_choice":"Fight","damage_taken":0,"max_hp_gain":0,"max_hp_loss":0,"event_name":"MindBloom","floor":38,"gold_loss":0},{"damage_healed":0,"gold_gain":0,"player_choice":"Memory 1","damage_taken":0,"max_hp_gain":0,"max_hp_loss":0,"event_name":"SensoryStone","floor":42,"gold_loss":0},{"damage_healed":0,"gold_gain":333,"player_choice":"Gave Idol","damage_taken":0,"max_hp_gain":0,"max_hp_loss":0,"event_name":"The Moai Head","floor":47,"relics_lost":["Golden Idol"],"gold_loss":0}],"is_beta":true,"boss_relics":[{"not_picked":["Velvet Choker","Runic Dome"],"picked":"SlaversCollar"},{"not_picked":["Pandora\u0027s Box","Tiny House"],"picked":"Philosopher\u0027s Stone"}],"items_purged_floors":[5,22,41],"is_endless":false,"potions_floor_spawned":[2,12,13,18,28,31,33,37,48],"ascension_level":5}