{"path_per_floor":["M","M","M","?","$","E","M","$","T","R","?","R","?","M","R","B",null,"M","?","M","?","$","R","M","?","T","M","M","R","?","M","R"],"character_chosen":"THE_SILENT","items_purchased":["Infinite Blades","Backstab"],"gold_per_floor":[112,130,146,146,0,31,44,44,44,44,219,219,219,238,238,340,340,356,356,368,283,110,110,123,123,123,140,157,157,157,174,174],"floor_reached":33,"campfire_rested":3,"playtime":2256,"current_hp_per_floor":[69,69,69,62,62,50,48,48,48,48,48,48,36,36,57,28,70,46,30,25,39,39,64,44,44,44,31,38,38,38,30,55],"items_purged":["Strike_G","Doubt"],"gold":174,"score":247,"play_id":"918afa88-ea53-4f4c-9fbb-420d0ebadd7e","local_time":"20180315162756","is_prod":false,"is_daily":false,"is_ascension_mode":false,"campfire_upgraded":0,"timestamp":1521145676,"path_taken":["M","M","?","?","?","E","M","?","T","R","?","R","?","M","R","BOSS","M","?","M","?","?","R","?","?","T","?","M","R","?","?","R","BOSS"],"build_version":"2018-03-09","purchased_purges":2,"victory":false,"master_deck":["Defend_G","Defend_G","Defend_G","Defend_G","Defend_G","Strike_G","Strike_G","Survivor","Neutralize","Flying Knee","Endless Agony","Accuracy","Infinite Blades","Slice","Envenom","Skewer+1","Necronomicurse","Backstab","Infinite Blades","Decay","Adrenaline","Writhe"],"max_hp_per_floor":[70,70,70,70,70,70,70,70,70,70,70,70,70,70,70,70,70,70,70,70,84,84,84,84,84,84,84,84,84,84,84,84],"relics":["Ring of the Snake","Bag of Preparation","Girya","Bronze Scales","Lizard Tail","Necronomicon","Mango","Calipers","Unceasing Top"],"card_choices":[{"not_picked":["Masterful Stab","Eviscerate"],"picked":"Flying Knee"},{"not_picked":["Acrobatics","Predator"],"picked":"Endless Agony"},{"not_picked":["Cloak And Dagger","Heel Hook"],"picked":"Accuracy"},{"not_picked":["Outmaneuver","Predator"],"picked":"Slice"},{"not_picked":["Night Terror","Phantasmal Killer"],"picked":"Envenom"},{"not_picked":["Dagger Spray","Backflip"],"picked":"Skewer"},{"not_picked":["Cloak And Dagger","Heel Hook"],"picked":"Infinite Blades"},{"not_picked":["Escape Plan","Crippling Poison"],"picked":"Adrenaline"}],"player_experience":88489,"potions_floor_usage":[16,33,33],"damage_taken":[{"damage":1,"enemies":"Cultist","floor":1,"turns":4},{"damage":0,"enemies":"2 Louse","floor":2,"turns":3},{"damage":0,"enemies":"Small Slimes","floor":3,"turns":3},{"damage":12,"enemies":"3 Sentries","floor":6,"turns":9},{"damage":2,"enemies":"Exordium Wildlife","floor":7,"turns":4},{"damage":0,"enemies":"Blue Slaver","floor":14,"turns":3},{"damage":29,"enemies":"Slime Boss","floor":16,"turns":12},{"damage":24,"enemies":"Spheric Guardian","floor":18,"turns":5},{"damage":5,"enemies":"3 Byrds","floor":20,"turns":2},{"damage":20,"enemies":"Cultist and Chosen","floor":24,"turns":4},{"damage":13,"enemies":"3 Cultists","floor":27,"turns":5},{"damage":38,"enemies":"Slaver and Parasite","floor":28,"turns":5},{"damage":8,"enemies":"Snake Plant","floor":31,"turns":3},{"damage":58,"enemies":"Collector","floor":33,"turns":4}],"event_choices":[{"event_name":"Golden Wing","player_choice":"Card Removal","floor":4,"damage_taken":0},{"event_name":"Liars Game","player_choice":"agreed","floor":11,"damage_taken":0},{"event_name":"Scrap Ooze","player_choice":"success","floor":13,"damage_taken":12},{"event_name":"Cursed Tome","player_choice":"Obtained Book","floor":19,"damage_taken":0},{"event_name":"Addict","player_choice":"Obtained Relic","floor":21,"damage_taken":0},{"event_name":"Forgotten Altar","player_choice":"Smashed Altar","floor":25,"damage_taken":0},{"event_name":"The Mausoleum","player_choice":"Yes","floor":30,"damage_taken":0}],"boss_relics":[{"not_picked":["White Beast Statue","Runic Dome"],"picked":"Lizard Tail"}],"potions_floor_spawned":[3,16,24,27],"seed_played":"4629180158660725523","killed_by":"Collector","ascension_level":0,"is_trial":false}