{"gold_per_floor":[117,117,133,146,164,198,198,223,249,8,8,8,18,18,18,123,123,139,156,175,188,198,198,6,6],"floor_reached":25,"playtime":1128,"items_purged":[],"score":237,"play_id":"133e44e1-f59a-4b80-b2ee-f4c7586005a6","local_time":"20190626203940","is_ascension_mode":true,"campfire_choices":[{"floor":7,"key":"REST"},{"floor":12,"key":"RECALL"},{"floor":15,"key":"REST"},{"data":"Zap","floor":23,"key":"SMITH"}],"neow_cost":"NONE","seed_source_timestamp":1188522744857974,"circlet_count":0,"master_deck":["Strike_B","Strike_B","Strike_B","Strike_B","Defend_B","Defend_B","Defend_B","Defend_B","Zap+1","Dualcast","White Noise+1","Multi-Cast","Conserve Battery","Static Discharge","Double Energy","Core Surge","Reprogram+1"],"relics":["Cracked Core","NeowsBlessing","Pantograph","Happy Flower","Cables","Orichalcum","Coffee Dripper","Chemical X"],"potions_floor_usage":[6,6,19,22],"damage_taken":[{"damage":0,"enemies":"2 Louse","floor":1,"turns":1},{"damage":0,"enemies":"Cultist","floor":3,"turns":1},{"damage":0,"enemies":"Small Slimes","floor":4,"turns":1},{"damage":10,"enemies":"Gremlin Gang","floor":5,"turns":2},{"damage":14,"enemies":"Lagavulin","floor":6,"turns":5},{"damage":18,"enemies":"3 Sentries","floor":8,"turns":3},{"damage":14,"enemies":"Blue Slaver","floor":13,"turns":3},{"damage":23,"enemies":"The Guardian","floor":16,"turns":9},{"damage":6,"enemies":"Spheric Guardian","floor":18,"turns":3},{"damage":0,"enemies":"3 Byrds","floor":19,"turns":2},{"damage":25,"enemies":"Snecko","floor":20,"turns":6},{"damage":19,"enemies":"Snake Plant","floor":21,"turns":3},{"damage":13,"enemies":"Chosen and Byrds","floor":22,"turns":4},{"damage":11,"enemies":"3 Cultists","floor":25,"turns":3}],"seed_played":"7544566853152421030","potions_obtained":[{"floor":1,"key":"Strength Potion"},{"floor":3,"key":"Fire Potion"},{"floor":5,"key":"Fire Potion"},{"floor":16,"key":"Poison Potion"},{"floor":18,"key":"Explosive Potion"},{"floor":21,"key":"PowerPotion"}],"is_trial":false,"path_per_floor":["M","?","M","M","M","E","R","E","T","$","?","R","M","?","R","B",null,"M","M","M","M","M","R","$","M"],"character_chosen":"DEFECT","items_purchased":["Cables","Chemical X"],"campfire_rested":2,"item_purchase_floors":[10,24],"current_hp_per_floor":[75,75,75,75,65,51,73,55,55,55,43,43,29,29,51,52,75,69,69,44,25,12,12,12,1],"gold":6,"neow_bonus":"THREE_ENEMY_KILL","is_prod":false,"is_daily":false,"chose_seed":false,"campfire_upgraded":1,"win_rate":0,"timestamp":1561595980,"path_taken":["M","?","M","?","M","E","R","E","T","$","?","R","M","?","R","BOSS","M","M","M","M","?","R","$","M"],"build_version":"2019-01-23","purchased_purges":0,"victory":false,"max_hp_per_floor":[75,75,75,75,75,75,75,75,75,75,75,75,75,75,75,75,75,75,75,75,75,75,75,75,75],"card_choices":[{"not_picked":["Hologram","Redo"],"picked":"White Noise","floor":1},{"not_picked":["Steam","Go for the Eyes"],"picked":"Conserve Battery","floor":3},{"not_picked":["Glacier","Compile Driver"],"picked":"Static Discharge","floor":4},{"not_picked":["Barrage","Auto Shields"],"picked":"Double Energy","floor":5},{"not_picked":["Skim","Scrape"],"picked":"Core Surge","floor":6},{"not_picked":["Double Energy","Streamline","Leap"],"picked":"SKIP","floor":8},{"not_picked":["Cold Snap","Fusion","Consume"],"picked":"SKIP","floor":13},{"not_picked":["Cold Snap+1","Compile Driver","Streamline"],"picked":"SKIP","floor":18},{"not_picked":["Go for the Eyes","Coolheaded","Ball Lightning"],"picked":"SKIP","floor":19},{"not_picked":["Gash","Lockon"],"picked":"Reprogram+1","floor":20},{"not_picked":["Barrage","Streamline","Rip and Tear+1"],"picked":"SKIP","floor":21},{"not_picked":["Steam","Beam Cell+1","Hyperbeam"],"picked":"SKIP","floor":22}],"player_experience":227855,"relics_obtained":[{"floor":6,"key":"Pantograph"},{"floor":8,"key":"Happy Flower"}],"event_choices":[{"damage_healed":0,"gold_gain":0,"player_choice":"1 cards matched","damage_taken":0,"max_hp_gain":0,"max_hp_loss":0,"event_name":"Match and Keep!","floor":2,"gold_loss":0,"cards_obtained":["Multi-Cast"]},{"damage_healed":0,"gold_gain":0,"player_choice":"Success","damage_taken":12,"relics_obtained":["Orichalcum"],"max_hp_gain":0,"max_hp_loss":0,"event_name":"Scrap Ooze","floor":11,"gold_loss":0},{"damage_healed":0,"gold_gain":0,"player_choice":"Upgraded","damage_taken":0,"max_hp_gain":0,"max_hp_loss":0,"event_name":"Upgrade Shrine","floor":14,"gold_loss":0,"cards_upgraded":["White Noise"]}],"is_beta":false,"boss_relics":[{"not_picked":["Cursed Key","Velvet Choker"],"picked":"Coffee Dripper"}],"items_purged_floors":[],"is_endless":false,"potions_floor_spawned":[1,3,5,16,18,21],"killed_by":"3 Cultists","ascension_level":2}