{"gold_per_floor":[109,129,79,79,79,111,128,128,128,128,128],"floor_reached":11,"playtime":365,"items_purged":[],"score":75,"play_id":"6bd008f5-0966-4bed-bf39-088f2c391443","local_time":"20190624093000","is_ascension_mode":true,"campfire_choices":[{"data":"1","floor":8,"key":"LIFT"}],"neow_cost":"NONE","seed_source_timestamp":976309165510113,"circlet_count":0,"master_deck":["Strike_R","Strike_R","Strike_R","Strike_R","Strike_R","Defend_R","Defend_R","Defend_R","Bash","Juggernaut","Whirlwind"],"relics":["Burning Blood","Girya","GremlinMask"],"potions_floor_usage":[],"damage_taken":[{"damage":1,"enemies":"Cultist","floor":1,"turns":4},{"damage":5,"enemies":"Small Slimes","floor":2,"turns":3},{"damage":49,"enemies":"Lagavulin","floor":6,"turns":8},{"damage":6,"enemies":"Jaw Worm","floor":7,"turns":4},{"damage":56,"enemies":"Gremlin Nob","floor":11,"turns":4}],"seed_played":"-5782918829452547859","potions_obtained":[{"floor":1,"key":"FearPotion"}],"is_trial":false,"path_per_floor":["M","M","?","?","?","E","M","R","T","?","E"],"character_chosen":"IRONCLAD","items_purchased":[],"campfire_rested":0,"item_purchase_floors":[],"current_hp_per_floor":[88,88,88,88,93,50,50,50,50,50,0],"gold":128,"neow_bonus":"TEN_PERCENT_HP_BONUS","is_prod":false,"is_daily":false,"chose_seed":false,"campfire_upgraded":0,"win_rate":0,"timestamp":1561383000,"path_taken":["M","?","?","?","?","E","?","R","T","?","E"],"build_version":"2019-01-23","purchased_purges":0,"victory":false,"max_hp_per_floor":[88,88,88,88,93,93,93,93,93,93,93],"card_choices":[{"not_picked":["Dual Wield","Perfected Strike","Wild Strike"],"picked":"SKIP","floor":1},{"not_picked":["Sword Boomerang","Headbutt"],"picked":"Juggernaut","floor":2},{"not_picked":["Rage","Perfected Strike"],"picked":"Whirlwind","floor":6},{"not_picked":["Infernal Blade","Pommel Strike","Warcry"],"picked":"SKIP","floor":7}],"player_experience":200488,"relics_obtained":[{"floor":6,"key":"Girya"}],"event_choices":[{"cards_removed":["Defend_R"],"damage_healed":0,"gold_gain":0,"player_choice":"Card Removal","damage_taken":0,"max_hp_gain":0,"max_hp_loss":0,"event_name":"The Cleric","floor":3,"gold_loss":50},{"damage_healed":0,"gold_gain":0,"player_choice":"Ignored","damage_taken":0,"max_hp_gain":0,"max_hp_loss":0,"event_name":"Shining Light","floor":4,"gold_loss":0},{"damage_healed":0,"gold_gain":0,"player_choice":"Donut","damage_taken":0,"max_hp_gain":5,"max_hp_loss":0,"event_name":"Big Fish","floor":5,"gold_loss":0},{"damage_healed":0,"gold_gain":0,"player_choice":"Trade","damage_taken":0,"relics_obtained":["GremlinMask"],"max_hp_gain":0,"max_hp_loss":0,"event_name":"FaceTrader","floor":10,"gold_loss":0}],"is_beta":false,"boss_relics":[],"items_purged_floors":[],"is_endless":false,"potions_floor_spawned":[1],"killed_by":"Gremlin Nob","ascension_level":1}