{"path_per_floor":["M","?","?","$","M","R","E","M","T","R","M","M","T","M","R","B",null,"M","?","M","M","?","R","M","T","T","R","M","R","M"],"character_chosen":"IRONCLAD","items_purchased":[],"gold_per_floor":[119,119,119,44,59,59,86,100,100,100,119,134,181,195,195,295,295,306,306,288,308,308,308,325,397,448,448,459,459,475,475],"floor_reached":31,"campfire_rested":1,"playtime":2254,"current_hp_per_floor":[80,85,68,68,73,73,58,64,64,64,70,69,69,71,71,45,85,78,78,80,21,21,46,59,59,66,66,59,59,48,0],"items_purged":["Strike_R"],"gold":475,"score":239,"play_id":"cb9f83ee-f377-45a7-b71e-c8497b255a6c","local_time":"20180426224622","is_prod":false,"is_daily":false,"chose_seed":false,"is_ascension_mode":false,"campfire_upgraded":5,"timestamp":1524807982,"path_taken":["M","?","?","$","M","R","E","?","T","R","M","M","?","M","R","BOSS","M","?","M","M","?","R","M","?","T","R","M","R","M","M"],"build_version":"2018-04-26","seed_source_timestamp":17408552316197,"purchased_purges":1,"victory":false,"master_deck":["Strike_R","Strike_R","Strike_R+1","Defend_R","Defend_R","Defend_R","Defend_R","Bash+1","Flex+1","Heavy Blade+1","Iron Wave","Flame Barrier+1","Twin Strike","Evolve+1","Reaper","Ghostly Armor+1","Flame Barrier+1","Heavy Blade","Battle Trance+1","Spot Weakness+1","Whirlwind"],"max_hp_per_floor":[80,85,85,85,85,85,85,85,85,85,85,85,85,85,85,85,85,85,85,85,85,85,85,85,85,92,92,92,92,92,92],"relics":["Burning Blood","Sundial","Ginger","Omamori","Runic Cube","Bottled Flame","Strawberry"],"card_choices":[{"not_picked":["Clash","Twin Strike"],"picked":"Flex","floor":1},{"not_picked":["Power Through","Cleave"],"picked":"Heavy Blade","floor":5},{"not_picked":["Feel No Pain","Warcry"],"picked":"Iron Wave","floor":7},{"not_picked":["Dual Wield","Dropkick"],"picked":"Flame Barrier","floor":8},{"not_picked":["Metallicize","Dropkick"],"picked":"Twin Strike","floor":12},{"not_picked":["True Grit","Warcry"],"picked":"Evolve","floor":14},{"not_picked":["Offering","Brutality"],"picked":"Reaper","floor":16},{"not_picked":["Seeing Red","Flex"],"picked":"Ghostly Armor","floor":18},{"not_picked":["Feel No Pain","Anger"],"picked":"Heavy Blade","floor":20},{"not_picked":["Ghostly Armor","Flame Barrier"],"picked":"Battle Trance","floor":21},{"not_picked":["Clothesline","Sentinel"],"picked":"Spot Weakness","floor":28},{"not_picked":["Carnage","Iron Wave"],"picked":"Whirlwind","floor":30}],"player_experience":47939,"potions_floor_usage":[21,28,30,31,31],"damage_taken":[{"damage":1,"enemies":"2 Louse","floor":1,"turns":4},{"damage":1,"enemies":"Cultist","floor":5,"turns":3},{"damage":21,"enemies":"Lagavulin","floor":7,"turns":5},{"damage":0,"enemies":"Jaw Worm","floor":8,"turns":2},{"damage":0,"enemies":"Blue Slaver","floor":11,"turns":2},{"damage":7,"enemies":"Lots of Slimes","floor":12,"turns":4},{"damage":4,"enemies":"Exordium Thugs","floor":14,"turns":4},{"damage":32,"enemies":"Hexaghost","floor":16,"turns":10},{"damage":13,"enemies":"Chosen","floor":18,"turns":5},{"damage":4,"enemies":"2 Thieves","floor":20,"turns":4},{"damage":72,"enemies":"3 Cultists","floor":21,"turns":9},{"damage":9,"enemies":"Centurion and Healer","floor":24,"turns":11},{"damage":16,"enemies":"Snake Plant","floor":28,"turns":3},{"damage":41,"enemies":"3 Cultists","floor":30,"turns":5},{"damage":56,"enemies":"Cultist and Chosen","floor":31,"turns":6}],"event_choices":[{"event_name":"Big Fish","player_choice":"Donut","floor":2,"damage_taken":0},{"event_name":"Shining Light","player_choice":"Entered Light","floor":3,"damage_taken":0},{"event_name":"Duplicator","player_choice":"One dupe","floor":19,"damage_taken":0},{"event_name":"Forgotten Altar","player_choice":"Smashed Altar","floor":22,"damage_taken":0}],"boss_relics":[{"not_picked":["Astrolabe","Runic Dome"],"picked":"Runic Cube"}],"potions_floor_spawned":[8,11,16,18,24,28,30],"seed_played":"3939464629513387092","killed_by":"Cultist and Chosen","ascension_level":0,"is_trial":false}