{"path_per_floor":["M","M","?","T","?","E","R","E","T","M","R","M","T","M","R","B",null,"M","?","?","?","T","R","$","M","T","M","M","M","M","M","R","B",null,"M","?","M","$","M"],"character_chosen":"THE_SILENT","items_purchased":["Blur","Escape Plan","Well Laid Plans","Footwork","Poisoned Stab","Kunai","Letter Opener"],"gold_per_floor":[144,156,256,305,305,340,340,365,447,459,459,479,479,491,491,589,589,606,606,606,606,632,632,106,119,119,119,134,150,166,176,176,278,278,289,289,304,22,39,39],"floor_reached":40,"campfire_rested":2,"playtime":4711,"current_hp_per_floor":[70,68,68,68,68,62,62,19,19,18,18,18,18,18,39,26,70,53,40,40,40,40,40,40,40,40,40,35,20,20,20,42,10,75,60,60,57,57,44,0],"items_purged":["Strike_G","Strike_G"],"gold":39,"score":400,"play_id":"08add314-7026-46dd-aa08-a964615ae90c","local_time":"20180517182346","is_prod":false,"is_daily":false,"chose_seed":false,"is_ascension_mode":false,"campfire_upgraded":3,"timestamp":1526606626,"campfire_choices":[],"path_taken":["M","?","?","?","?","E","R","E","T","M","R","M","?","M","R","BOSS","M","?","?","?","?","R","$","M","T","M","?","M","M","M","R","BOSS","M","?","M","$","M","E"],"build_version":"2018-05-17","seed_source_timestamp":0,"purchased_purges":2,"victory":false,"master_deck":["Defend_G","Defend_G+1","Defend_G","Defend_G","Defend_G","Survivor+1","Neutralize+1","Dagger Spray","Outmaneuver","Dodge and Roll+1","Dash","Deadly Poison","Envenom+1","Noxious Fumes+1","Night Terror+1","Flying Knee","Dagger Spray","Blur","Escape Plan","Well Laid Plans","Footwork","Poisoned Stab","Cloak And Dagger+1","Die Die Die","Mind Blast","Backflip"],"max_hp_per_floor":[70,70,70,70,70,70,70,70,70,70,70,70,70,70,70,70,70,70,75,75,75,75,75,75,75,75,75,75,75,75,75,75,75,75,75,75,75,75,75,75],"relics":["Ring of the Snake","Tiny Chest","Vajra","Orichalcum","Ancient Tea Set","The Courier","Matryoshka","Astrolabe","Art of War","War Paint","Kunai","Happy Flower","Tough Bandages","Sozu","Letter Opener"],"card_choices":[{"not_picked":["Acrobatics","Sucker Punch"],"picked":"Dagger Spray","floor":1.0},{"not_picked":["Acrobatics","PiercingWail"],"picked":"Outmaneuver","floor":2.0},{"not_picked":["Dagger Spray","Dagger Throw"],"picked":"Dodge and Roll","floor":8.0},{"not_picked":["Prepared","Dagger Throw"],"picked":"Dash","floor":10.0},{"not_picked":["Distraction","Infinite Blades"],"picked":"Deadly Poison","floor":14.0},{"not_picked":["Wraith Form v2","Adrenaline"],"picked":"Envenom","floor":16.0},{"not_picked":["Deadly Poison","Dodge and Roll"],"picked":"Flying Knee","floor":18.0},{"not_picked":["Acrobatics","Doppelganger"],"picked":"Cloak And Dagger","floor":30.0},{"not_picked":["Unload","Phantasmal Killer"],"picked":"Die Die Die","floor":33.0},{"not_picked":["Dagger Spray+1","Poisoned Stab","Eviscerate+1"],"picked":"SKIP","floor":35},{"not_picked":["Madness","Purity"],"picked":"Mind Blast","floor":36},{"not_picked":["Outmaneuver+1","Flying Knee","Sucker Punch+1"],"picked":"SKIP","floor":37},{"not_picked":["Blade Dance","Quick Slash"],"picked":"Backflip","floor":39}],"player_experience":182219,"potions_floor_usage":[40],"damage_taken":[{"damage":0.0,"enemies":"Cultist","floor":1.0,"turns":5.0},{"damage":2.0,"enemies":"Small Slimes","floor":2.0,"turns":4.0},{"damage":6.0,"enemies":"3 Sentries","floor":6.0,"turns":8.0},{"damage":43.0,"enemies":"Lagavulin","floor":8.0,"turns":11.0},{"damage":1.0,"enemies":"Jaw Worm","floor":10.0,"turns":4.0},{"damage":0.0,"enemies":"Exordium Wildlife","floor":12.0,"turns":4.0},{"damage":0.0,"enemies":"Large Slime","floor":14.0,"turns":4.0},{"damage":13.0,"enemies":"The Guardian","floor":16.0,"turns":16.0},{"damage":17.0,"enemies":"Spheric Guardian","floor":18.0,"turns":9.0},{"damage":0.0,"enemies":"3 Byrds","floor":25.0,"turns":4.0},{"damage":0.0,"enemies":"Slaver and Parasite","floor":27.0,"turns":1.0},{"damage":5.0,"enemies":"Centurion and Healer","floor":28.0,"turns":9.0},{"damage":15.0,"enemies":"Snake Plant","floor":29.0,"turns":6.0},{"damage":0.0,"enemies":"3 Cultists","floor":30.0,"turns":6.0},{"damage":0.0,"enemies":"Centurion and Healer","floor":31.0,"turns":7.0},{"damage":32.0,"enemies":"Champ","floor":33.0,"turns":13.0},{"damage":15,"enemies":"3 Shapes","floor":35,"turns":7},{"damage":3,"enemies":"3 Darklings","floor":37,"turns":5},{"damage":13,"enemies":"4 Shapes","floor":39,"turns":5},{"damage":48,"enemies":"2 Orb Walkers","floor":40,"turns":4}],"relics_obtained":[],"event_choices":[{"event_name":"Golden Shrine","player_choice":"Pray","floor":3.0,"damage_taken":0.0},{"event_name":"Liars Game","player_choice":"disagreed","floor":5.0,"damage_taken":0.0},{"event_name":"Forgotten Altar","player_choice":"Shed Blood","floor":19.0,"damage_taken":0.0},{"event_name":"Vampires","player_choice":"Ignored","floor":20.0,"damage_taken":0.0},{"event_name":"Transmorgrifier","player_choice":"Transform","floor":21.0,"damage_taken":0.0},{"event_name":"SensoryStone","player_choice":"Memory 1","floor":36,"damage_taken":0}],"boss_relics":[],"potions_floor_spawned":[2,6,12,16,29,33,35],"seed_played":"-1903995752985517082","killed_by":"2 Orb Walkers","ascension_level":0,"potions_obtained":[],"is_trial":false}