{"gold_per_floor":[116,133,133,149,166,194,206,238,275,316,328],"floor_reached":11,"playtime":668,"items_purged":[],"score":98,"play_id":"b7db7fde-826b-48ce-9d5d-b24fc270e68a","local_time":"20190702000820","is_ascension_mode":true,"campfire_choices":[{"floor":7,"key":"REST"}],"neow_cost":"NONE","seed_source_timestamp":1633495980719067,"circlet_count":0,"master_deck":["Strike_G","Strike_G","Strike_G","Strike_G","Strike_G","Defend_G","Defend_G","Defend_G","Defend_G","Defend_G","Survivor","Neutralize","Deflect","All Out Attack","Dodge and Roll","Crippling Poison","Deadly Poison","Infinite Blades","Bouncing Flask"],"relics":["Ring of the Snake","MawBank","Potion Belt"],"potions_floor_usage":[6,10,10,11],"damage_taken":[{"damage":6,"enemies":"Small Slimes","floor":1,"turns":4},{"damage":6,"enemies":"Jaw Worm","floor":2,"turns":7},{"damage":0,"enemies":"Cultist","floor":4,"turns":4},{"damage":0,"enemies":"Looter","floor":5,"turns":4},{"damage":38,"enemies":"Lagavulin","floor":6,"turns":10},{"damage":23,"enemies":"Exordium Thugs","floor":8,"turns":6},{"damage":20,"enemies":"Gremlin Nob","floor":10,"turns":4},{"damage":13,"enemies":"Lots of Slimes","floor":11,"turns":3}],"seed_played":"3942197358493657690","potions_obtained":[{"floor":2,"key":"AttackPotion"},{"floor":4,"key":"SkillPotion"},{"floor":6,"key":"AttackPotion"},{"floor":8,"key":"Weak Potion"}],"is_trial":false,"path_per_floor":["M","M","?","M","M","E","R","M","T","E","M"],"character_chosen":"THE_SILENT","items_purchased":[],"campfire_rested":1,"item_purchase_floors":[],"current_hp_per_floor":[71,65,70,70,70,32,56,33,33,13,0],"gold":328,"neow_bonus":"TEN_PERCENT_HP_BONUS","is_prod":false,"is_daily":false,"chose_seed":false,"campfire_upgraded":0,"win_rate":0,"timestamp":1562040500,"path_taken":["M","M","?","M","M","E","R","M","T","E","M"],"build_version":"2019-07-01","purchased_purges":0,"victory":false,"max_hp_per_floor":[77,77,82,82,82,82,82,82,82,82,82],"card_choices":[{"not_picked":["Bane","Riddle With Holes"],"picked":"Deflect","floor":1},{"not_picked":["Finisher","Flying Knee"],"picked":"All Out Attack","floor":2},{"not_picked":["Concentrate","All Out Attack"],"picked":"Dodge and Roll","floor":4},{"not_picked":["Acrobatics","Bane"],"picked":"Crippling Poison","floor":5},{"not_picked":["Reflex","Dagger Throw"],"picked":"Deadly Poison","floor":6},{"not_picked":["Sucker Punch","Deflect"],"picked":"Infinite Blades","floor":8},{"not_picked":["Tools of the Trade","Blade Dance"],"picked":"Bouncing Flask","floor":10}],"player_experience":321677,"relics_obtained":[{"floor":6,"key":"MawBank"},{"floor":10,"key":"Potion Belt"}],"event_choices":[{"damage_healed":0,"gold_gain":0,"player_choice":"Donut","damage_taken":0,"max_hp_gain":5,"max_hp_loss":0,"event_name":"Big Fish","floor":3,"gold_loss":0}],"is_beta":false,"boss_relics":[],"items_purged_floors":[],"is_endless":false,"potions_floor_spawned":[2,4,6,8],"killed_by":"Lots of Slimes","ascension_level":3}