{"gold_per_floor":[112,122,122,132,56,56,56,56,80,5,30,50,50,81,81,181,181,198,198,198,18,28,59,59,76,76,140,15,50,50,50,50,147,147,162,182,197,197,211,230,230,80,106,123,150,167,198,198],"floor_reached":48,"playtime":6077,"items_purged":["Strike_G","Riddle With Holes","Storm of Steel","Parasite"],"score":779,"play_id":"c17c872c-4702-4775-979b-7943151e48ca","local_time":"20190625091032","is_ascension_mode":true,"campfire_choices":[{"floor":6,"key":"RECALL"},{"data":"Noxious Fumes","floor":8,"key":"SMITH"},{"floor":15,"key":"REST"},{"data":"Footwork","floor":24,"key":"SMITH"},{"data":"Footwork","floor":30,"key":"SMITH"},{"data":"Crippling Poison","floor":32,"key":"SMITH"},{"data":"Burst","floor":41,"key":"SMITH"}],"neow_cost":"NONE","seed_source_timestamp":1055823817485993,"circlet_count":0,"master_deck":["Defend_G","Defend_G","Survivor","Neutralize","Poisoned Stab","Blur+1","Noxious Fumes+1","Crippling Poison+1","Prepared+1","Adrenaline+1","Footwork+1","Footwork+1","Escape Plan+1","Burst+1","Deadly Poison"],"relics":["Ring of the Snake","NeowsBlessing","Boot","Gremlin Horn","Astrolabe","Lantern","Matryoshka","Tiny Chest","Bag of Marbles","Busted Crown","Oddly Smooth Stone","Orichalcum","Vajra","Pantograph"],"potions_floor_usage":[14,16,48,48,48],"damage_taken":[{"damage":0,"enemies":"Cultist","floor":1,"turns":1},{"damage":0,"enemies":"Small Slimes","floor":2,"turns":1},{"damage":0,"enemies":"2 Louse","floor":4,"turns":1},{"damage":22,"enemies":"3 Sentries","floor":11,"turns":8},{"damage":16,"enemies":"Exordium Wildlife","floor":12,"turns":5},{"damage":15,"enemies":"Gremlin Nob","floor":14,"turns":4},{"damage":8,"enemies":"Hexaghost","floor":16,"turns":10},{"damage":0,"enemies":"Shell Parasite","floor":18,"turns":7},{"damage":2,"enemies":"Spheric Guardian","floor":22,"turns":5},{"damage":0,"enemies":"Book of Stabbing","floor":23,"turns":8},{"damage":0,"enemies":"Centurion and Healer","floor":25,"turns":9},{"damage":22,"enemies":"Slavers","floor":27,"turns":6},{"damage":0,"enemies":"Book of Stabbing","floor":29,"turns":9},{"damage":0,"enemies":"Champ","floor":33,"turns":18},{"damage":0,"enemies":"Orb Walker","floor":35,"turns":6},{"damage":17,"enemies":"3 Shapes","floor":36,"turns":3},{"damage":0,"enemies":"Writhing Mass","floor":37,"turns":7},{"damage":10,"enemies":"Transient","floor":39,"turns":5},{"damage":13,"enemies":"Spire Growth","floor":40,"turns":8},{"damage":0,"enemies":"4 Shapes","floor":44,"turns":4},{"damage":0,"enemies":"Giant Head","floor":45,"turns":10},{"damage":0,"enemies":"Maw","floor":46,"turns":7},{"damage":0,"enemies":"Nemesis","floor":47,"turns":8},{"damage":46,"enemies":"2 Orb Walkers","floor":48,"turns":6}],"seed_played":"529528950384115413","potions_obtained":[{"floor":1,"key":"Poison Potion"},{"floor":2,"key":"Block Potion"},{"floor":11,"key":"Poison Potion"},{"floor":23,"key":"LiquidBronze"},{"floor":27,"key":"GhostInAJar"},{"floor":29,"key":"PowerPotion"},{"floor":36,"key":"Poison Potion"},{"floor":45,"key":"Dexterity Potion"}],"is_trial":false,"path_per_floor":["M","M","?","M","$","R","$","R","T","$","E","M","?","E","R","B",null,"M","?","?","$","M","E","R","M","T","E","$","E","R","?","R","B",null,"M","M","M","?","M","M","R","$","T","M","E","M","E","?"],"character_chosen":"THE_SILENT","items_purchased":["Noxious Fumes","Footwork"],"campfire_rested":1,"item_purchase_floors":[5,21],"current_hp_per_floor":[70,70,70,70,70,70,70,70,70,70,48,32,25,10,31,23,70,70,70,70,70,68,68,68,68,68,46,46,46,46,46,46,46,70,70,53,53,53,43,30,30,30,30,30,30,30,30,0],"gold":198,"neow_bonus":"THREE_ENEMY_KILL","is_prod":false,"is_daily":false,"chose_seed":false,"campfire_upgraded":5,"win_rate":0,"timestamp":1561468232,"path_taken":["M","M","?","M","?","R","$","R","T","$","E","M","?","E","R","BOSS","M","?","?","$","M","E","R","?","T","E","?","E","R","?","R","BOSS","M","?","M","?","?","?","R","$","T","?","E","M","E","?"],"build_version":"2019-01-23","purchased_purges":4,"victory":false,"max_hp_per_floor":[70,70,70,70,70,70,70,70,70,70,70,70,70,70,70,70,70,70,70,70,70,70,70,70,70,70,70,70,70,70,70,70,70,70,70,70,70,70,70,70,70,67,67,67,67,67,67,67],"card_choices":[{"not_picked":["Crippling Poison","Expertise"],"picked":"Poisoned Stab","floor":1},{"not_picked":["Skewer","Crippling Poison"],"picked":"Blur","floor":2},{"not_picked":["Backflip","Deflect","Flying Knee"],"picked":"SKIP","floor":4},{"not_picked":["Blade Dance","Endless Agony","Accuracy"],"picked":"SKIP","floor":11},{"not_picked":["Blade Dance","Endless Agony","Accuracy"],"picked":"SKIP","floor":11},{"not_picked":["Endless Agony","Deflect","PiercingWail"],"picked":"SKIP","floor":12},{"not_picked":["Acrobatics","Flechettes"],"picked":"Crippling Poison","floor":14},{"not_picked":["Poisoned Stab+1","Cloak And Dagger","Deflect"],"picked":"SKIP","floor":18},{"not_picked":["Deflect","Acrobatics","Outmaneuver+1"],"picked":"SKIP","floor":22},{"not_picked":["Deadly Poison","Masterful Stab+1","Predator"],"picked":"SKIP","floor":23},{"not_picked":["All Out Attack","Endless Agony"],"picked":"Footwork","floor":25},{"not_picked":["Poisoned Stab","Expertise"],"picked":"Escape Plan+1","floor":27},{"not_picked":["Predator","PiercingWail+1","Dash"],"picked":"SKIP","floor":29},{"not_picked":["Wraith Form v2","Night Terror"],"picked":"Burst","floor":33},{"not_picked":["Well Laid Plans+1"],"picked":"SKIP","floor":35},{"not_picked":["Sucker Punch+1"],"picked":"SKIP","floor":36},{"not_picked":["Terror"],"picked":"SKIP","floor":37},{"not_picked":["PiercingWail+1"],"picked":"SKIP","floor":39},{"not_picked":["PiercingWail+1"],"picked":"SKIP","floor":39},{"not_picked":[],"picked":"Deadly Poison","floor":40},{"not_picked":["Distraction"],"picked":"SKIP","floor":44},{"not_picked":["Deadly Poison+1"],"picked":"SKIP","floor":45},{"not_picked":["Backstab"],"picked":"SKIP","floor":46},{"not_picked":["Distraction+1"],"picked":"SKIP","floor":47}],"player_experience":215652,"relics_obtained":[{"floor":11,"key":"Boot"},{"floor":14,"key":"Gremlin Horn"},{"floor":23,"key":"Lantern"},{"floor":26,"key":"Matryoshka"},{"floor":27,"key":"Tiny Chest"},{"floor":29,"key":"Bag of Marbles"},{"floor":43,"key":"Oddly Smooth Stone"},{"floor":43,"key":"Orichalcum"},{"floor":45,"key":"Vajra"},{"floor":47,"key":"Pantograph"}],"event_choices":[{"damage_healed":0,"gold_gain":0,"player_choice":"Forge","damage_taken":0,"max_hp_gain":0,"max_hp_loss":0,"event_name":"Accursed Blacksmith","floor":3,"gold_loss":0,"cards_upgraded":["Blur"]},{"cards_removed":["Strike_G"],"damage_healed":0,"gold_gain":0,"player_choice":"Card Removal","damage_taken":7,"max_hp_gain":0,"max_hp_loss":0,"event_name":"Golden Wing","floor":13,"gold_loss":0},{"cards_removed":["Strike_G"],"damage_healed":0,"gold_gain":0,"player_choice":"Elegance","damage_taken":0,"max_hp_gain":0,"max_hp_loss":0,"event_name":"Back to Basics","floor":19,"gold_loss":0},{"damage_healed":0,"gold_gain":0,"cards_transformed":["Defend_G","Defend_G"],"player_choice":"Became Test Subject","damage_taken":0,"max_hp_gain":0,"max_hp_loss":0,"event_name":"Drug Dealer","floor":20,"gold_loss":0,"cards_obtained":["Riddle With Holes","Storm of Steel"]},{"cards_removed":["Choke"],"damage_healed":0,"gold_gain":0,"player_choice":"Purged","damage_taken":0,"max_hp_gain":0,"max_hp_loss":0,"event_name":"Purifier","floor":31,"gold_loss":0},{"damage_healed":0,"gold_gain":0,"player_choice":"Bought 0 Potions","damage_taken":0,"max_hp_gain":0,"max_hp_loss":0,"event_name":"The Woman in Blue","floor":38,"gold_loss":0},{"damage_healed":0,"gold_gain":0,"player_choice":"Fight","damage_taken":0,"max_hp_gain":0,"max_hp_loss":0,"event_name":"Mysterious Sphere","floor":48,"gold_loss":0}],"is_beta":false,"boss_relics":[{"not_picked":["Ectoplasm","Philosopher\u0027s Stone"],"picked":"Astrolabe"},{"not_picked":["White Beast Statue","WristBlade"],"picked":"Busted Crown"}],"items_purged_floors":[10,21,28,42],"is_endless":false,"potions_floor_spawned":[1,2,11,12,23,27,29,33,35,36,39,45,47],"killed_by":"2 Orb Walkers","ascension_level":2}