{"path_per_floor":["M","$","?","$","M","E","R","M","T","?","M","R","?","M","R","B",null,"M","M","$","?","M","E","M"],"character_chosen":"THE_SILENT","items_purchased":["Poisoned Stab","Noxious Fumes","Adrenaline"],"gold_per_floor":[113,38,38,16,26,54,54,72,95,95,110,110,110,120,120,218,218,230,240,49,49,65,97,107,107],"floor_reached":25,"campfire_rested":1,"playtime":2235,"item_purchase_floors":[4,20,20],"current_hp_per_floor":[63,63,56,56,56,20,20,16,16,9,4,25,25,25,25,9,55,50,33,33,33,33,23,5,0],"items_purged":["Strike_G"],"gold":107,"score":290,"play_id":"df8027ee-a467-4afa-a574-297481062c46","local_time":"20180527205720","is_prod":false,"is_daily":false,"chose_seed":false,"is_ascension_mode":true,"campfire_upgraded":2,"win_rate":0,"timestamp":1527479840,"campfire_choices":[{"data":"Neutralize","floor":7,"key":"SMITH"},{"floor":12,"key":"REST"},{"data":"Bouncing Flask","floor":15,"key":"SMITH"}],"path_taken":["M","$","?","$","M","E","R","?","T","?","M","R","?","M","R","BOSS","M","M","$","?","M","E","M","E"],"build_version":"2018-05-24","seed_source_timestamp":128152839409,"purchased_purges":1,"victory":false,"master_deck":["Defend_G","Defend_G","Defend_G","Defend_G","Defend_G","Strike_G","Strike_G","Survivor","Neutralize+1","Dagger Throw","Poisoned Stab","Outmaneuver","Acrobatics","Well Laid Plans","Deflect","Bouncing Flask+1","Burst","Noxious Fumes","Adrenaline","Sucker Punch+1","Backflip","Catalyst"],"max_hp_per_floor":[70,70,70,70,70,70,70,70,70,70,70,70,70,70,70,70,70,70,70,70,70,70,70,70,70],"relics":["Ring of the Snake","Oddly Smooth Stone","Art of War","White Beast Statue","Ancient Tea Set"],"card_choices":[{"not_picked":["Poisoned Stab","Terror"],"picked":"Dagger Throw","floor":1},{"not_picked":["Blade Dance","Prepared"],"picked":"Outmaneuver","floor":5},{"not_picked":["Setup","Bane"],"picked":"Acrobatics","floor":6},{"not_picked":["Cloak And Dagger","Underhanded Strike"],"picked":"Well Laid Plans","floor":8},{"not_picked":["Choke","Sucker Punch"],"picked":"Deflect","floor":11},{"not_picked":["Deflect","Accuracy"],"picked":"Bouncing Flask","floor":14},{"not_picked":["Bullet Time","Tactician"],"picked":"Burst","floor":16},{"not_picked":["Bane","Acrobatics","Dagger Throw+1"],"picked":"SKIP","floor":18},{"not_picked":["Reflex+1","Eviscerate","Flechettes"],"picked":"SKIP","floor":19},{"not_picked":["Bouncing Flask","Cloak And Dagger"],"picked":"Sucker Punch+1","floor":22},{"not_picked":["Flying Knee","Cloak And Dagger"],"picked":"Backflip","floor":23},{"not_picked":["Poisoned Stab","Underhanded Strike+1"],"picked":"Catalyst","floor":24}],"player_experience":412483,"potions_floor_usage":[6,19,22,23],"damage_taken":[{"damage":0,"enemies":"Small Slimes","floor":1,"turns":3},{"damage":0,"enemies":"2 Louse","floor":5,"turns":5},{"damage":36,"enemies":"Lagavulin","floor":6,"turns":10},{"damage":4,"enemies":"Cultist","floor":8,"turns":3},{"damage":5,"enemies":"Lots of Slimes","floor":11,"turns":7},{"damage":0,"enemies":"2 Fungi Beasts","floor":14,"turns":4},{"damage":16,"enemies":"The Guardian","floor":16,"turns":11},{"damage":5,"enemies":"Shell Parasite","floor":18,"turns":9},{"damage":17,"enemies":"2 Thieves","floor":19,"turns":4},{"damage":0,"enemies":"Snecko","floor":22,"turns":5},{"damage":10,"enemies":"Book of Stabbing","floor":23,"turns":6},{"damage":18,"enemies":"Centurion and Healer","floor":24,"turns":9},{"damage":10,"enemies":"Gremlin Leader","floor":25,"turns":2}],"relics_obtained":[{"floor":6,"key":"Oddly Smooth Stone"},{"floor":9,"key":"Art of War"},{"floor":23,"key":"Ancient Tea Set"}],"event_choices":[{"event_name":"Golden Wing","player_choice":"Card Removal","floor":3,"damage_taken":0},{"event_name":"Wheel of Change","player_choice":"Damage","floor":10,"damage_taken":0},{"event_name":"Scrap Ooze","player_choice":"unsuccessful","floor":13,"damage_taken":0},{"event_name":"The Lab","player_choice":"Got Potions","floor":21,"damage_taken":0}],"boss_relics":[{"not_picked":["Ectoplasm","Philosopher\u0027s Stone"],"picked":"White Beast Statue"}],"items_purged_floors":[2],"potions_floor_spawned":[5,11,18,19,22,23,24],"seed_played":"7119315127856201036","killed_by":"Gremlin Leader","ascension_level":6,"potions_obtained":[{"floor":5,"key":"Ancient Potion"},{"floor":11,"key":"Weak Potion"},{"floor":18,"key":"EssenceOfSteel"},{"floor":19,"key":"Explosive Potion"},{"floor":21,"key":"Weak Potion"},{"floor":22,"key":"Weak Potion"},{"floor":23,"key":"GamblersBrew"},{"floor":24,"key":"Strength Potion"}],"is_trial":false}