{"gold_per_floor":[216,18,118,137,148,183,43,43,43,78,130,130,143,155,155,155],"floor_reached":16,"playtime":671,"items_purged":[],"score":116,"play_id":"497b8e09-6ccd-4b82-941f-45122e63d0f8","local_time":"20190803113112","is_ascension_mode":true,"campfire_choices":[{"data":"Exhume","floor":8,"key":"SMITH"},{"floor":15,"key":"REST"}],"neow_cost":"NONE","seed_source_timestamp":408100121463277,"circlet_count":0,"master_deck":["Strike_R","Strike_R","Strike_R","Strike_R","Strike_R","Defend_R","Defend_R","Defend_R","Defend_R","Bash","Body Slam","Fiend Fire","Havoc","Fire Breathing","Exhume+1","Corruption","Infernal Blade+1","Second Wind+1","Burning Pact+1"],"relics":["Burning Blood","Strange Spoon","Shuriken","Toxic Egg 2","Bag of Marbles","Juzu Bracelet"],"potions_floor_usage":[13,13],"damage_taken":[{"damage":12,"enemies":"Jaw Worm","floor":1,"turns":5},{"damage":5,"enemies":"Cultist","floor":4,"turns":4},{"damage":3,"enemies":"Small Slimes","floor":5,"turns":3},{"damage":28,"enemies":"Gremlin Nob","floor":6,"turns":4},{"damage":45,"enemies":"Lagavulin","floor":10,"turns":6},{"damage":4,"enemies":"Gremlin Gang","floor":13,"turns":4},{"damage":7,"enemies":"2 Fungi Beasts","floor":14,"turns":3},{"damage":45,"enemies":"Hexaghost","floor":16,"turns":7}],"seed_played":"-3514101200602072341","potions_obtained":[{"floor":4,"key":"Fire Potion"},{"floor":5,"key":"LiquidBronze"},{"floor":6,"key":"AttackPotion"},{"floor":13,"key":"Dexterity Potion"},{"floor":14,"key":"Ancient Potion"}],"is_trial":false,"path_per_floor":["M","$","?","M","M","E","$","R","T","E","T","?","M","M","R","B"],"character_chosen":"IRONCLAD","items_purchased":["Strange Spoon","Exhume","Corruption"],"campfire_rested":1,"item_purchase_floors":[2,7,7],"current_hp_per_floor":[74,74,74,75,78,56,56,56,56,17,17,17,19,18,42,0],"gold":155,"neow_bonus":"HUNDRED_GOLD","is_prod":false,"is_daily":false,"chose_seed":false,"campfire_upgraded":1,"win_rate":0,"timestamp":1564857072,"path_taken":["M","$","?","?","?","E","$","R","T","E","?","?","M","M","R","BOSS"],"build_version":"2019-07-17","purchased_purges":0,"victory":false,"max_hp_per_floor":[80,80,80,80,80,80,80,80,80,80,80,80,80,80,80,80],"card_choices":[{"not_picked":["Havoc","Cleave"],"picked":"Body Slam","floor":1},{"not_picked":["Whirlwind","Warcry"],"picked":"Fiend Fire","floor":4},{"not_picked":["Thunderclap","Intimidate"],"picked":"Havoc","floor":5},{"not_picked":["Warcry","Rupture"],"picked":"Fire Breathing","floor":6},{"not_picked":["Pommel Strike","Warcry+1"],"picked":"Infernal Blade+1","floor":10},{"not_picked":["Headbutt","Armaments+1"],"picked":"Second Wind+1","floor":13},{"not_picked":["Carnage","Perfected Strike"],"picked":"Burning Pact+1","floor":14}],"player_experience":2495746,"relics_obtained":[{"floor":6,"key":"Shuriken"},{"floor":9,"key":"Toxic Egg 2"},{"floor":10,"key":"Bag of Marbles"},{"floor":11,"key":"Juzu Bracelet"}],"event_choices":[{"damage_healed":0,"gold_gain":100,"player_choice":"Pray","damage_taken":0,"max_hp_gain":0,"max_hp_loss":0,"event_name":"Golden Shrine","floor":3,"gold_loss":0},{"damage_healed":0,"gold_gain":0,"player_choice":"Bought 0 Potions","damage_taken":0,"max_hp_gain":0,"max_hp_loss":0,"event_name":"The Woman in Blue","floor":12,"gold_loss":0}],"is_beta":false,"boss_relics":[],"items_purged_floors":[],"is_endless":false,"potions_floor_spawned":[4,5,6,13,14],"killed_by":"Hexaghost","ascension_level":1}