{"gold_per_floor":[110,110,110,285,301,311,336,336,362,362,155,155,170,198,198,293,293,263,263,275,299,249,249],"floor_reached":23,"playtime":1307,"items_purged":["Strike_G"],"score":217,"play_id":"67aee889-4bb2-4d37-997b-f66acc77ce3a","local_time":"20190626091533","is_ascension_mode":true,"campfire_choices":[{"floor":10,"key":"REST"},{"floor":12,"key":"REST"},{"floor":15,"key":"RECALL"}],"neow_cost":"NONE","seed_source_timestamp":1147297173065540,"circlet_count":0,"master_deck":["Defend_G","Defend_G","Defend_G","Strike_G+1","Strike_G","Strike_G+1","Survivor","Neutralize","Cloak And Dagger","Unload","Blur","Backflip","Deadly Poison","Infinite Blades","Bullet Time","Endless Agony+1","Leg Sweep+1","Well Laid Plans+1","Blade Dance","Necronomicurse","Blade Dance"],"relics":["Ring of the Snake","Juzu Bracelet","Dream Catcher","Whetstone","Medical Kit","Darkstone Periapt","Astrolabe","Necronomicon","Smiling Mask"],"potions_floor_usage":[14,23],"damage_taken":[{"damage":0,"enemies":"Cultist","floor":1,"turns":3},{"damage":4,"enemies":"Jaw Worm","floor":5,"turns":5},{"damage":0,"enemies":"Small Slimes","floor":6,"turns":3},{"damage":49,"enemies":"3 Sentries","floor":7,"turns":11},{"damage":1,"enemies":"Looter","floor":13,"turns":3},{"damage":10,"enemies":"Gremlin Nob","floor":14,"turns":5},{"damage":28,"enemies":"The Guardian","floor":16,"turns":13},{"damage":8,"enemies":"2 Thieves","floor":18,"turns":5},{"damage":3,"enemies":"3 Byrds","floor":20,"turns":6},{"damage":62,"enemies":"Slavers","floor":23,"turns":5}],"seed_played":"-5308721474679993136","potions_obtained":[{"floor":7,"key":"AttackPotion"},{"floor":13,"key":"SpeedPotion"},{"floor":16,"key":"Dexterity Potion"},{"floor":18,"key":"Fire Potion"}],"is_trial":false,"path_per_floor":["M","?","$","?","M","M","E","?","T","R","$","R","M","E","R","B",null,"M","?","M","T","$","E"],"character_chosen":"THE_SILENT","items_purchased":["Medical Kit"],"campfire_rested":2,"item_purchase_floors":[11],"current_hp_per_floor":[70,63,63,63,59,59,10,10,10,31,31,52,51,41,41,13,70,62,52,49,49,49,0],"gold":249,"neow_bonus":"RANDOM_COMMON_RELIC","is_prod":false,"is_daily":false,"chose_seed":false,"campfire_upgraded":0,"win_rate":0,"timestamp":1561554933,"path_taken":["M","?","$","?","M","M","E","?","T","R","$","R","M","E","R","BOSS","M","?","M","?","$","E"],"build_version":"2019-01-23","purchased_purges":1,"victory":false,"max_hp_per_floor":[70,70,70,70,70,70,70,70,70,70,70,70,70,70,70,70,70,70,76,76,76,76,76],"card_choices":[{"not_picked":["Flying Knee","Poisoned Stab"],"picked":"Cloak And Dagger","floor":1},{"not_picked":["Deflect","Sucker Punch"],"picked":"Unload","floor":5},{"not_picked":["Dodge and Roll","PiercingWail","Eviscerate"],"picked":"SKIP","floor":6},{"not_picked":["Escape Plan","Dagger Throw"],"picked":"Blur","floor":7},{"not_picked":["Bane","Flechettes"],"picked":"Backflip","floor":10},{"not_picked":["Flying Knee","Terror"],"picked":"Deadly Poison","floor":13},{"not_picked":["Deadly Poison","Underhanded Strike"],"picked":"Infinite Blades","floor":14},{"not_picked":["Unload","Tools of the Trade"],"picked":"Bullet Time","floor":16},{"not_picked":["Masterful Stab","PiercingWail"],"picked":"Blade Dance","floor":18},{"not_picked":["Skewer","Sucker Punch"],"picked":"Blade Dance","floor":20}],"player_experience":223216,"relics_obtained":[{"floor":7,"key":"Whetstone"},{"floor":14,"key":"Darkstone Periapt"},{"floor":19,"key":"Necronomicon"},{"floor":21,"key":"Smiling Mask"}],"event_choices":[{"damage_healed":0,"gold_gain":0,"player_choice":"Success","damage_taken":7,"relics_obtained":["Dream Catcher"],"max_hp_gain":0,"max_hp_loss":0,"event_name":"Scrap Ooze","floor":2,"gold_loss":0},{"damage_healed":0,"gold_gain":175,"player_choice":"AGREE","damage_taken":0,"max_hp_gain":0,"max_hp_loss":0,"event_name":"Liars Game","floor":4,"gold_loss":0,"cards_obtained":["Doubt"]},{"cards_removed":["Doubt"],"damage_healed":0,"gold_gain":0,"player_choice":"Forget","damage_taken":0,"max_hp_gain":0,"max_hp_loss":0,"event_name":"Living Wall","floor":8,"gold_loss":0},{"damage_healed":0,"gold_gain":0,"player_choice":"Obtained Book","damage_taken":16,"max_hp_gain":0,"max_hp_loss":0,"event_name":"Cursed Tome","floor":19,"gold_loss":0}],"is_beta":false,"boss_relics":[{"not_picked":["White Beast Statue","Coffee Dripper"],"picked":"Astrolabe"}],"items_purged_floors":[22],"is_endless":false,"potions_floor_spawned":[7,13,16,18],"killed_by":"Slavers","ascension_level":2}