{"gold_per_floor":[114,114,64,77,88,115,115,129,129,143,172,191,191,209,209,307,307,322,237,257,274,274,274],"floor_reached":23,"playtime":4309,"items_purged":[],"score":236,"play_id":"94bcf9ba-0fb9-4d37-94c2-5f8104a71dde","local_time":"20190929095028","is_ascension_mode":true,"campfire_choices":[{"floor":7.0,"key":"REST"},{"floor":15.0,"key":"REST"}],"neow_cost":"NONE","seed_source_timestamp":648889612456837,"circlet_count":0,"master_deck":["Strike_P","Strike_P","Strike_P+1","Defend_P+1","Defend_P+1","Defend_P","Eruption","Vigilance+1","BowlingBash","Devotion","TalkToTheHand","MasterReality","FearNoEvil","Consecrate","FlyingSleeves","Vault","DeceiveReality+1","ConjureBlade+1","Indignation+1","SandsOfTime","Consecrate+1"],"special_seed":0,"relics":["HolyWater","Akabeko","Toxic Egg 2","Ice Cream","War Paint","Happy Flower"],"potions_floor_usage":[23,23,23],"damage_taken":[{"damage":0.0,"enemies":"2 Louse","floor":1.0,"turns":2.0},{"damage":7.0,"enemies":"Jaw Worm","floor":4.0,"turns":3.0},{"damage":0.0,"enemies":"Cultist","floor":5.0,"turns":2.0},{"damage":32.0,"enemies":"Gremlin Nob","floor":6.0,"turns":3.0},{"damage":24.0,"enemies":"2 Fungi Beasts","floor":8.0,"turns":3.0},{"damage":0.0,"enemies":"3 Louse","floor":10.0,"turns":1.0},{"damage":7.0,"enemies":"3 Sentries","floor":11.0,"turns":6.0},{"damage":1.0,"enemies":"Looter","floor":12.0,"turns":3.0},{"damage":5.0,"enemies":"Large Slime","floor":14.0,"turns":5.0},{"damage":2.0,"enemies":"Slime Boss","floor":16.0,"turns":9.0},{"damage":2,"enemies":"3 Byrds","floor":18,"turns":6},{"damage":1,"enemies":"2 Thieves","floor":20,"turns":4},{"damage":27,"enemies":"Cultist and Chosen","floor":21,"turns":8},{"damage":34,"enemies":"Book of Stabbing","floor":23,"turns":4}],"seed_played":"8989961417994918317","potions_obtained":[{"floor":4.0,"key":"EssenceOfSteel"},{"floor":6.0,"key":"StancePotion"},{"floor":10.0,"key":"Energy Potion"},{"floor":11.0,"key":"Fire Potion"},{"floor":16.0,"key":"BottledMiracle"}],"is_trial":false,"path_per_floor":["M","?","?","M","M","E","R","M","T","M","E","M","T","M","R","B",null,"M","?","M","M","?","E"],"character_chosen":"WATCHER","items_purchased":[],"campfire_rested":2,"item_purchase_floors":[],"current_hp_per_floor":[72,58,58,51,51,19,40,16,16,16,9,8,8,3,24,22,72,70,70,69,42,29,0],"gold":274,"neow_bonus":"REMOVE_CARD","is_prod":false,"is_daily":false,"chose_seed":false,"campfire_upgraded":0,"win_rate":0,"timestamp":1569775828,"path_taken":["M","?","?","M","M","E","R","M","T","M","E","M","?","?","R","BOSS","M","?","M","M","?","E"],"build_version":"2019-09-27","purchased_purges":0,"victory":false,"max_hp_per_floor":[72,72,72,72,72,72,72,72,72,72,72,72,72,72,72,72,72,72,72,72,72,77,77],"card_choices":[{"not_picked":["Consecrate","CrushJoints"],"picked":"BowlingBash","floor":1.0},{"not_picked":["SashWhip","FollowUp"],"picked":"Devotion","floor":4.0},{"not_picked":["EmptyFist","CrushJoints"],"picked":"TalkToTheHand","floor":5.0},{"not_picked":["Omniscience","Crescendo"],"picked":"MasterReality","floor":6.0},{"not_picked":["FlowState","Indignation"],"picked":"FearNoEvil","floor":8.0},{"not_picked":["ClearTheMind+1","Weave"],"picked":"Consecrate","floor":10.0},{"not_picked":["Crescendo+1","Wireheading"],"picked":"FlyingSleeves","floor":11.0},{"not_picked":["Wireheading","ClearTheMind+1"],"picked":"Vault","floor":12.0},{"not_picked":["SandsOfTime","JustLucky"],"picked":"DeceiveReality+1","floor":14.0},{"not_picked":["Vault","Establishment"],"picked":"ConjureBlade+1","floor":16.0},{"not_picked":["BowlingBash","FlyingSleeves+1"],"picked":"Indignation+1","floor":18},{"not_picked":["CutThroughFate+1","JustLucky"],"picked":"SandsOfTime","floor":20},{"not_picked":["Crescendo+1","Weave"],"picked":"Consecrate+1","floor":21}],"player_experience":47319,"relics_obtained":[{"floor":6.0,"key":"Akabeko"},{"floor":9.0,"key":"Toxic Egg 2"},{"floor":11.0,"key":"Ice Cream"},{"floor":13.0,"key":"War Paint"}],"event_choices":[{"damage_healed":0.0,"max_hp_gain":0.0,"max_hp_loss":0.0,"gold_gain":0.0,"event_name":"Shining Light","player_choice":"Entered Light","floor":2.0,"gold_loss":0.0,"damage_taken":14.0,"cards_upgraded":["Defend_P","Strike_P"]},{"cards_removed":["Defend_P"],"damage_healed":0.0,"max_hp_gain":0.0,"max_hp_loss":0.0,"gold_gain":0.0,"event_name":"The Cleric","player_choice":"Card Removal","floor":3.0,"gold_loss":50.0,"damage_taken":0.0},{"damage_healed":0,"gold_gain":0,"player_choice":"Obtained Relic","damage_taken":0,"relics_obtained":["Happy Flower"],"max_hp_gain":0,"max_hp_loss":0,"event_name":"Addict","floor":19,"gold_loss":85},{"damage_healed":0,"gold_gain":0,"player_choice":"Shed Blood","damage_taken":18,"max_hp_gain":5,"max_hp_loss":0,"event_name":"Forgotten Altar","floor":22,"gold_loss":0}],"is_beta":true,"boss_relics":[{"not_picked":["Cursed Key","Velvet Choker"],"picked":"HolyWater"}],"items_purged_floors":[],"is_endless":false,"potions_floor_spawned":[4,6,10,11,16,18],"killed_by":"Book of Stabbing","ascension_level":3}