{"path_per_floor":["M","M","?","M","?","E","$","?","T","R","M","$","?","M","R","B",null,"M","M","M","M","M","R","M","R","T","R","M","R","$","?","R","B",null,"M","$","?","M","$","R","?","R","T","M","M","M","M","M","R","B"],"character_chosen":"IRONCLAD","items_purchased":["Impervious","Body Slam","Matryoshka","Body Slam","Dodecahedron"],"gold_per_floor":[114,132,307,326,326,355,129,94,148,148,103,57,120,137,137,234,234,244,260,274,291,307,307,319,319,319,319,336,336,40,140,140,235,235,248,248,248,266,11,11,11,11,11,31,41,56,71,88,88,88],"floor_reached":51,"campfire_rested":1,"playtime":6718,"current_hp_per_floor":[80,80,80,78,78,34,34,54,54,54,60,60,28,28,52,58,80,80,80,80,80,80,80,80,80,80,80,80,80,80,80,80,80,80,80,80,80,80,80,80,80,80,80,80,80,80,80,80,80,80],"items_purged":["Doubt"],"gold":88,"score":602,"play_id":"2573d35f-c443-4860-bf6e-6529f69fa819","local_time":"20180304110017","is_prod":false,"is_daily":false,"is_ascension_mode":false,"campfire_upgraded":9,"timestamp":1520179217,"path_taken":["M","M","?","M","?","E","$","?","T","R","M","?","?","?","R","BOSS","M","M","?","M","M","R","M","R","T","R","M","R","?","?","R","BOSS","M","$","?","?","?","R","?","R","T","M","M","M","?","M","R","BOSS"],"build_version":"2018-03-01-PROD1","purchased_purges":1,"victory":true,"master_deck":["Strike_R","Strike_R","Strike_R","Strike_R","Strike_R","Defend_R","Defend_R","Defend_R","Defend_R","Bash","Flame Barrier+1","Entrench+1","Clash","Bash","Barricade+1","Impervious+1","Burning Pact","Body Slam+1","Pommel Strike+1","Body Slam+1","Impervious+1","Shrug It Off+1","Body Slam+1","Body Slam+1","Juggernaut+1","Impervious+1","Battle Trance+1"],"max_hp_per_floor":[80,80,80,80,80,80,80,80,80,80,80,80,80,80,80,80,80,80,80,80,80,80,80,80,80,80,80,80,80,80,80,80,80,80,80,80,80,80,80,80,80,80,80,80,80,80,80,80,80,80],"relics":["Burning Blood","Bottled Tornado","Anchor","Centennial Puzzle","Velvet Choker","Toolbox","Matryoshka","Orrery","Dodecahedron","Bag of Preparation","Whetstone"],"card_choices":[{"not_picked":["Headbutt","True Grit"],"picked":"Flame Barrier"},{"not_picked":["Body Slam","Perfected Strike"],"picked":"Entrench"},{"not_picked":["Armaments","Battle Trance"],"picked":"Barricade"},{"not_picked":["Perfected Strike","Sword Boomerang"],"picked":"Burning Pact"},{"not_picked":["Twin Strike","Warcry"],"picked":"Pommel Strike"},{"not_picked":["Bloodletting","Rage"],"picked":"Body Slam"},{"not_picked":["Bludgeon","Dark Embrace"],"picked":"Impervious"},{"not_picked":["Ghostly Armor","Clash"],"picked":"Shrug It Off"},{"not_picked":["Headbutt","Clash"],"picked":"Body Slam"},{"not_picked":["Pommel Strike","Warcry"],"picked":"Juggernaut"},{"not_picked":["Heavy Blade","Thunderclap"],"picked":"Battle Trance"}],"player_experience":34833,"potions_floor_usage":[16,16,33,33,50],"damage_taken":[{"damage":0,"enemies":"2 Louse","floor":1,"turns":4},{"damage":5,"enemies":"Small Slimes","floor":2,"turns":5},{"damage":8,"enemies":"Cultist","floor":4,"turns":5},{"damage":50,"enemies":"Gremlin Nob","floor":6,"turns":6},{"damage":0,"enemies":"Looter","floor":11,"turns":5},{"damage":38,"enemies":"Lagavulin Event","floor":13,"turns":13},{"damage":6,"enemies":"Blue Slaver","floor":14,"turns":5},{"damage":0,"enemies":"Hexaghost","floor":16,"turns":10},{"damage":0,"enemies":"Shell Parasite","floor":18,"turns":5},{"damage":0,"enemies":"Spheric Guardian","floor":19,"turns":4},{"damage":0,"enemies":"Snecko","floor":20,"turns":3},{"damage":0,"enemies":"3 Cultists","floor":21,"turns":7},{"damage":0,"enemies":"Chosen and Byrds","floor":22,"turns":7},{"damage":0,"enemies":"Snecko","floor":24,"turns":4},{"damage":0,"enemies":"3 Cultists","floor":28,"turns":3},{"damage":0,"enemies":"Automaton","floor":33,"turns":6},{"damage":0,"enemies":"3 Darklings","floor":35,"turns":6},{"damage":0,"enemies":"Orb Walker","floor":38,"turns":2},{"damage":0,"enemies":"Maw","floor":44,"turns":4},{"damage":0,"enemies":"Sphere and 2 Shapes","floor":45,"turns":4},{"damage":0,"enemies":"4 Shapes","floor":46,"turns":4},{"damage":0,"enemies":"Maw","floor":47,"turns":5},{"damage":0,"enemies":"Sphere and 2 Shapes","floor":48,"turns":3},{"damage":3,"enemies":"Time Eater","floor":50,"turns":6}],"event_choices":[{"event_name":"Liars Game","player_choice":"agreed","floor":3,"damage_taken":0},{"event_name":"Match and Keep!","player_choice":"2 cards matched","floor":5,"damage_taken":0},{"event_name":"The Cleric","player_choice":"Healed","floor":8,"damage_taken":0},{"event_name":"Dead Adventurer","player_choice":"Searched \u00271\u0027 times","floor":13,"damage_taken":0},{"event_name":"Golden Shrine","player_choice":"Pray","floor":31,"damage_taken":0},{"event_name":"Purifier","player_choice":"One Purge","floor":37,"damage_taken":0},{"event_name":"Duplicator","player_choice":"One dupe","floor":41,"damage_taken":0}],"boss_relics":[{"not_picked":["Ectoplasm","Astrolabe"],"picked":"Velvet Choker"},{"not_picked":["Philosopher\u0027s Stone","Black Blood"],"picked":"Orrery"}],"potions_floor_spawned":[2,6,13,18,22,24,28,44,45,48],"seed_played":"4113335599482896213","ascension_level":0,"is_trial":false}