{"gold_per_floor":[111,130,147,157,168,194,194,225,225,225,225,225,251,267,267,362,362,344,344,344,363,374,385,385,385],"floor_reached":25,"playtime":1409,"items_purged":[],"score":282,"play_id":"6ad451dc-6d4c-4e8c-b841-77c26377567f","local_time":"20190630064325","is_ascension_mode":true,"campfire_choices":[{"floor":7,"key":"REST"},{"floor":10,"key":"REST"},{"floor":12,"key":"REST"},{"data":"Poisoned Stab","floor":15,"key":"SMITH"}],"neow_cost":"NONE","seed_source_timestamp":1483663609503352,"circlet_count":0,"master_deck":["Defend_G","Defend_G","Defend_G","Defend_G","Defend_G","Strike_G","Strike_G","Strike_G","Strike_G","Survivor","Neutralize","Poisoned Stab+1","All Out Attack","Deadly Poison","PiercingWail","Dodge and Roll","Backstab+1","Well Laid Plans","Caltrops","Die Die Die+1","Grand Finale+1","Blur+1","Predator+1","Envenom"],"relics":["Runic Dome","Molten Egg 2","Meat on the Bone","Question Card","Philosopher\u0027s Stone","Nloth\u0027s Gift"],"potions_floor_usage":[6,8,16,24],"damage_taken":[{"damage":9,"enemies":"2 Louse","floor":1,"turns":3},{"damage":4,"enemies":"Jaw Worm","floor":2,"turns":4},{"damage":0,"enemies":"Cultist","floor":3,"turns":4},{"damage":3,"enemies":"3 Louse","floor":4,"turns":3},{"damage":3,"enemies":"Blue Slaver","floor":5,"turns":3},{"damage":25,"enemies":"Lagavulin","floor":6,"turns":6},{"damage":37,"enemies":"Gremlin Nob","floor":8,"turns":6},{"damage":31,"enemies":"3 Sentries","floor":13,"turns":8},{"damage":4,"enemies":"2 Fungi Beasts","floor":14,"turns":4},{"damage":10,"enemies":"Hexaghost","floor":16,"turns":10},{"damage":14,"enemies":"2 Thieves","floor":18,"turns":4},{"damage":11,"enemies":"Chosen","floor":21,"turns":5},{"damage":25,"enemies":"Snecko","floor":22,"turns":6},{"damage":31,"enemies":"Snake Plant","floor":23,"turns":5},{"damage":0,"enemies":"Book of Stabbing","floor":24,"turns":1},{"damage":0,"enemies":"Centurion and Healer","floor":25,"turns":1}],"seed_played":"-3894030980351345783","potions_obtained":[{"floor":3,"key":"Poison Potion"},{"floor":6,"key":"SkillPotion"},{"floor":8,"key":"Ancient Potion"},{"floor":13,"key":"PowerPotion"},{"floor":22,"key":"SmokeBomb"},{"floor":23,"key":"SkillPotion"}],"is_trial":false,"path_per_floor":["M","M","M","M","M","E","R","E","T","R","?","R","E","M","R","B",null,"M","?","$","M","M","M","E","M"],"character_chosen":"THE_SILENT","items_purchased":[],"campfire_rested":3,"item_purchase_floors":[],"current_hp_per_floor":[61,57,57,54,51,26,47,10,10,31,31,52,33,41,41,43,70,56,56,56,45,32,13,25,25],"gold":385,"neow_bonus":"BOSS_RELIC","is_prod":false,"is_daily":false,"chose_seed":false,"campfire_upgraded":1,"win_rate":0,"timestamp":1561891405,"path_taken":["M","M","M","M","M","E","R","E","T","R","?","R","E","M","R","BOSS","M","?","$","M","M","M","E","M"],"build_version":"2019-01-23","purchased_purges":0,"victory":false,"max_hp_per_floor":[70,70,70,70,70,70,70,70,70,70,70,70,70,70,70,70,70,70,70,70,70,70,70,70,70],"card_choices":[{"not_picked":["Quick Slash","Leg Sweep"],"picked":"Poisoned Stab","floor":1},{"not_picked":["Caltrops","Deflect"],"picked":"All Out Attack","floor":2},{"not_picked":["Bane","Flechettes"],"picked":"Deadly Poison","floor":3},{"not_picked":["Poisoned Stab","Distraction","Underhanded Strike"],"picked":"SKIP","floor":4},{"not_picked":["Acrobatics","Predator"],"picked":"PiercingWail","floor":5},{"not_picked":["Bane","Slice"],"picked":"Dodge and Roll","floor":6},{"not_picked":["Blade Dance","Dodge and Roll"],"picked":"Backstab+1","floor":8},{"not_picked":["Reflex","Leg Sweep","Cloak And Dagger"],"picked":"Caltrops","floor":13},{"not_picked":["Quick Slash+1","Underhanded Strike+1","Caltrops"],"picked":"Die Die Die+1","floor":14},{"not_picked":["Die Die Die+1","After Image","Night Terror"],"picked":"Grand Finale+1","floor":16},{"not_picked":["Sucker Punch+1","Underhanded Strike+1","Flying Knee+1","Outmaneuver"],"picked":"SKIP","floor":18},{"not_picked":["Masterful Stab+1","Outmaneuver","Flechettes+1"],"picked":"Blur+1","floor":21},{"not_picked":["Dodge and Roll","Outmaneuver+1","Prepared+1"],"picked":"Predator+1","floor":22},{"not_picked":["Outmaneuver","Slice+1","Dagger Spray+1"],"picked":"Envenom","floor":23}],"player_experience":305671,"relics_obtained":[{"floor":6,"key":"Molten Egg 2"},{"floor":8,"key":"Meat on the Bone"},{"floor":9,"key":"Question Card"},{"floor":13,"key":"The Courier"}],"event_choices":[{"damage_healed":0,"gold_gain":0,"cards_transformed":["Strike_G"],"player_choice":"Change","damage_taken":0,"max_hp_gain":0,"max_hp_loss":0,"event_name":"Living Wall","floor":11,"gold_loss":0,"cards_obtained":["Well Laid Plans"]},{"damage_healed":0,"gold_gain":0,"player_choice":"Traded Relic","damage_taken":0,"relics_obtained":["Nloth\u0027s Gift"],"max_hp_gain":0,"max_hp_loss":0,"event_name":"N\u0027loth","floor":19,"relics_lost":["The Courier"],"gold_loss":0}],"is_beta":false,"boss_relics":[{"not_picked":["Snecko Eye","Cursed Key"],"picked":"Philosopher\u0027s Stone"}],"items_purged_floors":[],"is_endless":false,"potions_floor_spawned":[3,6,8,13,22,23],"killed_by":"Centurion and Healer","ascension_level":3}