{"gold_per_floor":[20,32,51,69,69,98,108,133,160,110,122,137,137],"floor_reached":13,"playtime":586,"items_purged":[],"score":99,"play_id":"106d4552-3be1-4698-b088-51c0b5fecc7f","local_time":"20190915105246","is_ascension_mode":false,"campfire_choices":[],"neow_cost":"NO_GOLD","seed_source_timestamp":1009202401680300,"circlet_count":0,"master_deck":["Strike_B","Defend_B","Defend_B","Defend_B","Defend_B","Zap","Dualcast","Steam","Sunder","Lockon","Loop","Capacitor","Biased Cognition","Double Energy"],"relics":["Cracked Core","Bag of Marbles","InkBottle","Happy Flower"],"potions_floor_usage":[6,8,13],"damage_taken":[{"damage":1,"enemies":"Jaw Worm","floor":1,"turns":4},{"damage":0,"enemies":"Small Slimes","floor":2,"turns":3},{"damage":1,"enemies":"Cultist","floor":3,"turns":3},{"damage":14,"enemies":"3 Louse","floor":4,"turns":3},{"damage":8,"enemies":"Lagavulin","floor":6,"turns":5},{"damage":17,"enemies":"Exordium Wildlife","floor":7,"turns":4},{"damage":16,"enemies":"Gremlin Nob","floor":8,"turns":3},{"damage":9,"enemies":"Large Slime","floor":11,"turns":4},{"damage":2,"enemies":"Blue Slaver","floor":12,"turns":2},{"damage":16,"enemies":"Exordium Wildlife","floor":13,"turns":4}],"seed_played":"3857747683361051283","potions_obtained":[{"floor":3,"key":"Block Potion"},{"floor":4,"key":"SkillPotion"},{"floor":11,"key":"Strength Potion"}],"is_trial":false,"path_per_floor":["M","M","M","M","?","E","M","E","T","?","M","M","M"],"character_chosen":"DEFECT","items_purchased":[],"campfire_rested":0,"item_purchase_floors":[],"current_hp_per_floor":[74,74,73,59,64,56,39,23,23,23,14,12,0],"gold":137,"neow_bonus":"REMOVE_TWO","is_prod":false,"is_daily":false,"chose_seed":false,"campfire_upgraded":0,"win_rate":0,"timestamp":1568562766,"path_taken":["M","M","M","M","?","E","M","E","T","?","M","M","M"],"build_version":"2019-09-12","purchased_purges":0,"victory":false,"max_hp_per_floor":[75,75,75,75,80,80,80,80,80,80,80,80,80],"card_choices":[{"not_picked":["Rebound","Recycle"],"picked":"Steam","floor":1},{"not_picked":["Go for the Eyes","Rip and Tear"],"picked":"Sunder","floor":2},{"not_picked":["Cold Snap","Go for the Eyes"],"picked":"Lockon","floor":3},{"not_picked":["Go for the Eyes","Turbo"],"picked":"Loop","floor":4},{"not_picked":["Doom and Gloom","Gash"],"picked":"Capacitor","floor":6},{"not_picked":["Gash","Go for the Eyes","Hologram"],"picked":"SKIP","floor":7},{"not_picked":["Compile Driver","Auto Shields"],"picked":"Biased Cognition","floor":8},{"not_picked":["Beam Cell","Auto Shields"],"picked":"Double Energy","floor":11},{"not_picked":["Chill","Turbo","Barrage"],"picked":"SKIP","floor":12}],"player_experience":283684,"relics_obtained":[{"floor":6,"key":"Bag of Marbles"},{"floor":8,"key":"InkBottle"},{"floor":9,"key":"Happy Flower"}],"event_choices":[{"damage_healed":0,"gold_gain":0,"player_choice":"Donut","damage_taken":0,"max_hp_gain":5,"max_hp_loss":0,"event_name":"Big Fish","floor":5,"gold_loss":0},{"cards_removed":["Strike_B"],"damage_healed":0,"gold_gain":0,"player_choice":"Card Removal","damage_taken":0,"max_hp_gain":0,"max_hp_loss":0,"event_name":"The Cleric","floor":10,"gold_loss":50}],"is_beta":true,"boss_relics":[],"items_purged_floors":[],"is_endless":false,"potions_floor_spawned":[3,4,11],"killed_by":"Exordium Wildlife","ascension_level":0}