{"gold_per_floor":[115,16,35,51,69,94,94,94,94,104,104,104,132,142,142,237,237,250,265,281,295,308,340,240,240,295,328,328,341,341,351,351,448,498,513,527,197,197,208,208,220,253,277,277,277,297,317,317,317,317],"floor_reached":50,"playtime":5017,"items_purged":["Defend_R","Defend_R","Defend_R"],"score":615,"play_id":"5d9ed8bd-96ec-4993-acb4-b8f4f6922e1f","local_time":"20190623181548","is_ascension_mode":true,"campfire_choices":[{"floor":7,"key":"RECALL"},{"floor":15,"key":"REST"},{"floor":28,"key":"REST"},{"floor":32,"key":"REST"},{"floor":40,"key":"REST"},{"floor":44,"key":"REST"},{"floor":49,"key":"REST"}],"neow_cost":"NONE","seed_source_timestamp":916801541352952,"circlet_count":0,"master_deck":["Strike_R","Strike_R","Strike_R","Strike_R","Strike_R","Bash","Flex","Seeing Red","Inflame","Whirlwind+1","Double Tap+1","Parasite"],"relics":["Fusion Hammer","Orichalcum","Matryoshka","Busted Crown","Singing Bowl","Happy Flower","Blood Vial","Red Mask","Kunai","Sundial","Tiny House","Sling","Du-Vu Doll","Oddly Smooth Stone"],"potions_floor_usage":[16,16,16,16,22,23,23,33,33,46,48,48,50],"damage_taken":[{"damage":1,"enemies":"Cultist","floor":1,"turns":3},{"damage":5,"enemies":"Small Slimes","floor":3,"turns":2},{"damage":6,"enemies":"Jaw Worm","floor":4,"turns":2},{"damage":8,"enemies":"Red Slaver","floor":5,"turns":2},{"damage":24,"enemies":"Gremlin Nob","floor":6,"turns":4},{"damage":1,"enemies":"Blue Slaver","floor":10,"turns":2},{"damage":20,"enemies":"Lagavulin","floor":13,"turns":5},{"damage":9,"enemies":"Exordium Thugs","floor":14,"turns":3},{"damage":26,"enemies":"The Guardian","floor":16,"turns":6},{"damage":12,"enemies":"Shell Parasite","floor":18,"turns":3},{"damage":1,"enemies":"3 Byrds","floor":19,"turns":5},{"damage":37,"enemies":"Centurion and Healer","floor":20,"turns":5},{"damage":10,"enemies":"3 Cultists","floor":21,"turns":4},{"damage":5,"enemies":"Chosen and Byrds","floor":22,"turns":4},{"damage":19,"enemies":"Book of Stabbing","floor":23,"turns":3},{"damage":0,"enemies":"Masked Bandits","floor":27,"turns":1},{"damage":9,"enemies":"Snake Plant","floor":29,"turns":2},{"damage":18,"enemies":"Snecko","floor":31,"turns":4},{"damage":38,"enemies":"Champ","floor":33,"turns":9},{"damage":13,"enemies":"Orb Walker","floor":35,"turns":3},{"damage":30,"enemies":"3 Shapes","floor":36,"turns":2},{"damage":21,"enemies":"Jaw Worm Horde","floor":39,"turns":3},{"damage":14,"enemies":"Writhing Mass","floor":41,"turns":4},{"damage":64,"enemies":"Reptomancer","floor":42,"turns":6},{"damage":28,"enemies":"4 Shapes","floor":46,"turns":2},{"damage":7,"enemies":"Transient","floor":47,"turns":5},{"damage":0,"enemies":"Nemesis","floor":48,"turns":2},{"damage":81,"enemies":"Awakened One","floor":50,"turns":5}],"seed_played":"-7230755458440234231","potions_obtained":[{"floor":3,"key":"Dexterity Potion"},{"floor":4,"key":"EntropicBrew"},{"floor":6,"key":"EssenceOfSteel"},{"floor":10,"key":"SkillPotion"},{"floor":14,"key":"Energy Potion"},{"floor":18,"key":"Energy Potion"},{"floor":21,"key":"Block Potion"},{"floor":22,"key":"Explosive Potion"},{"floor":27,"key":"Dexterity Potion"},{"floor":33,"key":"Regen Potion"},{"floor":35,"key":"Strength Potion"},{"floor":41,"key":"FearPotion"},{"floor":47,"key":"SmokeBomb"}],"is_trial":false,"path_per_floor":["M","$","M","M","M","E","R","?","T","M","?","?","E","M","R","B",null,"M","M","M","M","M","E","$","?","T","?","R","M","T","M","R","B",null,"M","M","$","?","M","R","M","E","T","R","?","M","M","E","R","B"],"character_chosen":"IRONCLAD","items_purchased":["Flex","Sling"],"campfire_rested":6,"item_purchase_floors":[2,37],"current_hp_per_floor":[79,79,74,68,60,36,36,36,36,35,40,40,20,11,36,10,85,73,72,35,25,20,3,3,3,3,7,33,28,28,14,41,7,102,91,65,65,65,48,78,68,8,8,40,40,21,18,20,53,0],"gold":317,"neow_bonus":"BOSS_RELIC","is_prod":false,"is_daily":false,"chose_seed":false,"campfire_upgraded":0,"win_rate":0,"timestamp":1561328148,"path_taken":["M","$","M","M","M","E","R","?","T","?","?","?","E","?","R","BOSS","M","M","M","M","M","E","$","?","T","?","R","M","?","?","R","BOSS","M","M","$","?","M","R","M","E","T","R","?","M","?","E","R","BOSS"],"build_version":"2019-01-23","purchased_purges":3,"victory":false,"max_hp_per_floor":[80,80,80,80,80,80,80,80,80,80,85,85,85,85,85,85,85,85,85,85,85,85,87,87,87,87,89,89,91,91,93,93,95,102,104,106,106,101,103,103,105,107,107,107,107,109,111,111,111,111],"card_choices":[{"not_picked":["Headbutt","Armaments","Cleave"],"picked":"SKIP","floor":1},{"not_picked":["Havoc","Disarm","True Grit"],"picked":"SKIP","floor":3},{"not_picked":["Armaments","Rupture","Metallicize"],"picked":"SKIP","floor":4},{"not_picked":["Combust","Clash","Armaments"],"picked":"SKIP","floor":5},{"not_picked":["Searing Blow","Pommel Strike"],"picked":"Seeing Red","floor":6},{"not_picked":["Iron Wave","Clothesline","Searing Blow"],"picked":"SKIP","floor":10},{"not_picked":["Rampage","Warcry"],"picked":"Whirlwind","floor":13},{"not_picked":["Pommel Strike","Perfected Strike","Sword Boomerang"],"picked":"SKIP","floor":14},{"not_picked":["Demon Form","Feed"],"picked":"Double Tap","floor":16},{"not_picked":["Clash"],"picked":"SKIP","floor":18},{"not_picked":["Reckless Charge"],"picked":"SKIP","floor":19},{"not_picked":["Entrench"],"picked":"SKIP","floor":20},{"not_picked":["Searing Blow"],"picked":"SKIP","floor":21},{"not_picked":["True Grit+1"],"picked":"SKIP","floor":22},{"not_picked":["Thunderclap"],"picked":"Singing Bowl","floor":23},{"not_picked":["Anger"],"picked":"Singing Bowl","floor":27},{"not_picked":["Shrug It Off"],"picked":"Singing Bowl","floor":29},{"not_picked":["Shrug It Off"],"picked":"Singing Bowl","floor":31},{"not_picked":["Double Tap"],"picked":"Singing Bowl","floor":33},{"not_picked":["Ghostly Armor"],"picked":"Singing Bowl","floor":34},{"not_picked":["Power Through+1"],"picked":"Singing Bowl","floor":35},{"not_picked":["True Grit+1"],"picked":"Singing Bowl","floor":36},{"not_picked":["Armaments+1"],"picked":"Singing Bowl","floor":39},{"not_picked":["True Grit"],"picked":"Singing Bowl","floor":41},{"not_picked":["True Grit+1"],"picked":"Singing Bowl","floor":42},{"not_picked":["Metallicize+1"],"picked":"Singing Bowl","floor":46},{"not_picked":["Armaments+1"],"picked":"Singing Bowl","floor":47}],"player_experience":188425,"relics_obtained":[{"floor":6,"key":"Orichalcum"},{"floor":13,"key":"Matryoshka"},{"floor":23,"key":"Singing Bowl"},{"floor":26,"key":"Happy Flower"},{"floor":26,"key":"Blood Vial"},{"floor":27,"key":"Red Mask"},{"floor":30,"key":"Kunai"},{"floor":30,"key":"Sundial"},{"floor":42,"key":"Du-Vu Doll"},{"floor":43,"key":"Oddly Smooth Stone"}],"event_choices":[{"damage_healed":0,"gold_gain":0,"cards_transformed":["Defend_R"],"player_choice":"Transformed","damage_taken":0,"max_hp_gain":0,"max_hp_loss":0,"event_name":"Transmorgrifier","floor":8,"gold_loss":0,"cards_obtained":["Inflame"]},{"damage_healed":0,"gold_gain":0,"player_choice":"Donut","damage_taken":0,"max_hp_gain":5,"max_hp_loss":0,"event_name":"Big Fish","floor":11,"gold_loss":0},{"damage_healed":0,"gold_gain":0,"player_choice":"0 cards matched","damage_taken":0,"max_hp_gain":0,"max_hp_loss":0,"event_name":"Match and Keep!","floor":12,"gold_loss":0,"cards_obtained":[]},{"damage_healed":0,"gold_gain":0,"player_choice":"Ignored","damage_taken":0,"max_hp_gain":0,"max_hp_loss":0,"event_name":"Cursed Tome","floor":25,"gold_loss":0},{"damage_healed":0,"gold_gain":0,"player_choice":"Fought Bandits","damage_taken":0,"max_hp_gain":0,"max_hp_loss":0,"event_name":"Masked Bandits","floor":27,"gold_loss":0},{"damage_healed":0,"gold_gain":0,"player_choice":"Max HP","damage_taken":0,"max_hp_gain":0,"max_hp_loss":5,"event_name":"Winding Halls","floor":38,"gold_loss":0},{"damage_healed":0,"gold_gain":0,"player_choice":"Forge","damage_taken":0,"max_hp_gain":0,"max_hp_loss":0,"event_name":"Accursed Blacksmith","floor":45,"gold_loss":0,"cards_upgraded":["Whirlwind"]}],"is_beta":false,"boss_relics":[{"not_picked":["Runic Cube","Cursed Key"],"picked":"Busted Crown"},{"not_picked":["Mark of Pain","Coffee Dripper"],"picked":"Tiny House"}],"items_purged_floors":[2,24,37],"is_endless":false,"potions_floor_spawned":[3,4,6,10,14,18,21,22,27,33,35,41,47,48],"killed_by":"Awakened One","ascension_level":1}