{"path_per_floor":["M","M","M","?","$","R","M","E","T","R","M","M","R","E","R","B",null,"M","M","M","?","$","R","M","R","T","R","M","M","M","T","R","B",null,"M","?","?","?","$","R","?","R","T","M","M","R","E","$","R","B"],"character_chosen":"THE_SILENT","items_purchased":["Bouncing Flask","Gremlin Horn"],"gold_per_floor":[118,131,147,147,36,36,50,84,84,84,101,119,119,144,144,246,246,262,281,296,221,121,121,136,136,136,136,151,171,184,210,210,313,313,324,324,324,324,66,66,0,0,25,37,54,54,83,83,83,83],"floor_reached":51,"campfire_rested":3,"playtime":5504,"current_hp_per_floor":[77,77,77,77,77,77,77,56,56,56,54,37,60,60,60,50,79,79,79,75,75,75,79,67,75,75,79,80,71,56,56,83,69,83,63,63,63,63,63,71,71,79,79,78,56,64,54,54,85,52],"items_purged":["Strike_G","Strike_G"],"gold":83,"score":720,"play_id":"f627dcee-d8a9-40dd-944f-5c41fee672f3","local_time":"20180523212237","is_prod":false,"is_daily":false,"chose_seed":false,"is_ascension_mode":true,"campfire_upgraded":9,"timestamp":1527135757,"campfire_choices":[{"data":"Bouncing Flask","floor":6,"key":"SMITH"},{"data":"Neutralize","floor":10,"key":"SMITH"},{"floor":13,"key":"REST"},{"data":"Footwork","floor":15,"key":"SMITH"},{"data":"Deadly Poison","floor":23,"key":"SMITH"},{"data":"Outmaneuver","floor":25,"key":"SMITH"},{"data":"Escape Plan","floor":27,"key":"SMITH"},{"floor":32,"key":"REST"},{"data":"Burst","floor":40,"key":"SMITH"},{"data":"Finesse","floor":42,"key":"SMITH"},{"data":"Tactician","floor":46,"key":"SMITH"},{"floor":49,"key":"REST"}],"path_taken":["M","M","M","?","$","R","M","E","T","R","M","?","R","E","R","BOSS","M","M","M","?","$","R","M","R","T","R","?","M","M","?","R","BOSS","M","?","?","?","$","R","?","R","T","M","M","R","E","?","R","BOSS"],"build_version":"2018-05-17","seed_source_timestamp":8879114682600,"purchased_purges":2,"victory":true,"master_deck":["Defend_G","Defend_G","Defend_G","Defend_G","Defend_G","Strike_G+1","Survivor","Neutralize+1","Sucker Punch+1","Prepared","Outmaneuver+1","Bouncing Flask+1","Malaise","Deflect","Deadly Poison+1","Footwork+1","Well Laid Plans+1","Escape Plan+1","Prepared+1","Footwork+1","Burst+1","Escape Plan+1","Finesse+1","Tactician+1","Backflip+1"],"max_hp_per_floor":[77,77,77,77,77,77,77,77,77,77,77,77,77,77,77,79,79,79,79,79,79,79,79,79,79,79,79,81,81,83,83,83,83,83,83,83,83,83,83,83,83,83,83,85,85,85,85,85,85,85],"relics":["Ring of the Snake","Singing Bowl","Question Card","The Specimen","Eternal Feather","Lantern","Whetstone","Lizard Tail","Gremlin Horn","Red Mask","Oddly Smooth Stone","Happy Flower"],"card_choices":[{"not_picked":["Dodge and Roll","Slice"],"picked":"Sucker Punch","floor":1},{"not_picked":["Cloak And Dagger","PiercingWail"],"picked":"Prepared","floor":2},{"not_picked":["Bouncing Flask","Slice"],"picked":"Outmaneuver","floor":3},{"not_picked":["PiercingWail","Dodge and Roll","Sucker Punch"],"picked":"SKIP","floor":7},{"not_picked":["Calculated Gamble","Reflex"],"picked":"Malaise","floor":8},{"not_picked":["Cloak And Dagger","Accuracy","Night Terror"],"picked":"Deflect","floor":11},{"not_picked":["Backflip","Predator","Dagger Spray"],"picked":"Deadly Poison","floor":12},{"not_picked":["Endless Agony","Blur","Calculated Gamble"],"picked":"Footwork","floor":14},{"not_picked":["Doppelganger","Wraith Form v2","Storm of Steel","Grand Finale"],"picked":"Singing Bowl","floor":16},{"not_picked":["Flying Knee","Distraction","Backflip"],"picked":"Well Laid Plans+1","floor":18},{"not_picked":["Dagger Throw","Flying Knee","Dodge and Roll+1"],"picked":"Escape Plan+1","floor":19},{"not_picked":["Deflect","Quick Slash","Dagger Throw"],"picked":"Prepared+1","floor":20},{"not_picked":["Riddle With Holes+1","Heel Hook","Quick Slash"],"picked":"Escape Plan","floor":24},{"not_picked":["Dodge and Roll","Caltrops","Outmaneuver","Deflect"],"picked":"Singing Bowl","floor":28},{"not_picked":["Deflect","Storm of Steel","Dagger Throw+1"],"picked":"Footwork+1","floor":29},{"not_picked":["All Out Attack","Sucker Punch","Prepared","Dagger Throw"],"picked":"Singing Bowl","floor":30},{"not_picked":["Venomology","Tools of the Trade","Wraith Form v2"],"picked":"Burst","floor":33},{"not_picked":["Deflect","Dagger Spray","Concentrate+1"],"picked":"Escape Plan+1","floor":35},{"not_picked":["Dramatic Entrance","Good Instincts","Jack Of All Trades"],"picked":"Finesse","floor":36},{"not_picked":["Deadly Poison+1","Sucker Punch+1","Terror","Dodge and Roll"],"picked":"Singing Bowl","floor":44},{"not_picked":["Backstab","Bane+1","Cloak And Dagger+1"],"picked":"Tactician","floor":45},{"not_picked":["Crippling Poison","Bane+1","Slice+1"],"picked":"Backflip+1","floor":47}],"player_experience":320137,"potions_floor_usage":[12,20,24,24,33,33,35,45,50],"damage_taken":[{"damage":0,"enemies":"Small Slimes","floor":1,"turns":4},{"damage":0,"enemies":"Jaw Worm","floor":2,"turns":6},{"damage":0,"enemies":"Cultist","floor":3,"turns":4},{"damage":0,"enemies":"Blue Slaver","floor":7,"turns":3},{"damage":21,"enemies":"3 Sentries","floor":8,"turns":11},{"damage":2,"enemies":"Large Slime","floor":11,"turns":7},{"damage":17,"enemies":"Gremlin Gang","floor":12,"turns":5},{"damage":0,"enemies":"Lagavulin","floor":14,"turns":5},{"damage":12,"enemies":"Hexaghost","floor":16,"turns":10},{"damage":0,"enemies":"Shell Parasite","floor":18,"turns":8},{"damage":0,"enemies":"Spheric Guardian","floor":19,"turns":4},{"damage":4,"enemies":"Centurion and Healer","floor":20,"turns":8},{"damage":12,"enemies":"Slaver and Parasite","floor":24,"turns":7},{"damage":1,"enemies":"Snake Plant","floor":28,"turns":7},{"damage":9,"enemies":"Snecko","floor":29,"turns":7},{"damage":17,"enemies":"Slaver and Parasite","floor":30,"turns":8},{"damage":14,"enemies":"Collector","floor":33,"turns":11},{"damage":20,"enemies":"3 Shapes","floor":35,"turns":10},{"damage":3,"enemies":"3 Darklings","floor":44,"turns":8},{"damage":22,"enemies":"4 Shapes","floor":45,"turns":9},{"damage":10,"enemies":"Nemesis","floor":47,"turns":9},{"damage":33,"enemies":"Time Eater","floor":50,"turns":19}],"relics_obtained":[{"floor":8,"key":"Singing Bowl"},{"floor":9,"key":"Question Card"},{"floor":14,"key":"The Specimen"},{"floor":26,"key":"Lantern"},{"floor":31,"key":"Whetstone"},{"floor":43,"key":"Oddly Smooth Stone"},{"floor":47,"key":"Happy Flower"}],"event_choices":[{"event_name":"Living Wall","player_choice":"Forget","floor":4,"damage_taken":0},{"event_name":"Beggar","player_choice":"Gave Gold","floor":21,"damage_taken":0},{"event_name":"SensoryStone","player_choice":"Memory 1","floor":36,"damage_taken":0},{"event_name":"Mysterious Sphere","player_choice":"Ignore","floor":37,"damage_taken":0},{"event_name":"Tomb of Lord Red Mask","player_choice":"Paid","floor":41,"damage_taken":0}],"boss_relics":[{"not_picked":["Philosopher\u0027s Stone","Astrolabe"],"picked":"Eternal Feather"},{"not_picked":["Cursed Key","Velvet Choker"],"picked":"Lizard Tail"}],"potions_floor_spawned":[7,12,14,16,18,20,30,33,35,44],"seed_played":"-3334513140439890189","ascension_level":1,"potions_obtained":[{"floor":7,"key":"SteroidPotion"},{"floor":12,"key":"Fire Potion"},{"floor":14,"key":"FearPotion"},{"floor":16,"key":"Energy Potion"},{"floor":18,"key":"EssenceOfSteel"},{"floor":20,"key":"Energy Potion"},{"floor":30,"key":"Explosive Potion"},{"floor":33,"key":"Swift Potion"},{"floor":35,"key":"EssenceOfSteel"},{"floor":44,"key":"Weak Potion"}],"is_trial":false}