{"gold_per_floor":[111,36,136,156,156,156,187,187,187,204,204,231,242,256,256,351,351,361,361,133,153,165,165],"floor_reached":23,"playtime":1609,"items_purged":[],"score":231,"play_id":"2db50346-573e-443f-8956-437b884f8580","local_time":"20190702191519","is_ascension_mode":true,"campfire_choices":[{"data":"Dualcast","floor":6,"key":"SMITH"},{"data":"Sunder","floor":8,"key":"SMITH"},{"data":"Hologram","floor":11,"key":"SMITH"},{"data":"Defragment","floor":15,"key":"SMITH"}],"neow_cost":"NONE","seed_source_timestamp":1701354834282697,"circlet_count":0,"master_deck":["Strike_B+1","Strike_B+1","Strike_B+1","Strike_B+1","Defend_B+1","Defend_B+1","Defend_B+1","Defend_B+1","Zap+1","Dualcast+1","Coolheaded","Sunder+1","Loop","Hologram+1","Reinforced Body","Defragment+1","Capacitor","All For One","Force Field","Cold Snap","Go for the Eyes","Hello World","White Noise","Storm","Force Field"],"special_seed":0,"relics":["Cracked Core","Calipers","The Courier","Anchor","Orrery","Symbiotic Virus"],"potions_floor_usage":[7],"damage_taken":[{"damage":0,"enemies":"Cultist","floor":1,"turns":3},{"damage":0,"enemies":"2 Louse","floor":4,"turns":3},{"damage":18,"enemies":"3 Sentries","floor":7,"turns":10},{"damage":0,"enemies":"Small Slimes","floor":10,"turns":3},{"damage":6,"enemies":"Lagavulin","floor":12,"turns":6},{"damage":0,"enemies":"Blue Slaver","floor":13,"turns":4},{"damage":0,"enemies":"Looter","floor":14,"turns":2},{"damage":21,"enemies":"Hexaghost","floor":16,"turns":15},{"damage":7,"enemies":"Shell Parasite","floor":18,"turns":8},{"damage":8,"enemies":"Spheric Guardian","floor":21,"turns":3},{"damage":36,"enemies":"Shelled Parasite and Fungi","floor":22,"turns":4},{"damage":0,"enemies":"Slavers","floor":23,"turns":1}],"seed_played":"-4783315793640144627","potions_obtained":[{"floor":1,"key":"FocusPotion"},{"floor":12,"key":"GamblersBrew"},{"floor":16,"key":"Ancient Potion"},{"floor":21,"key":"PowerPotion"}],"is_trial":false,"path_per_floor":["M","$","?","M","?","R","E","R","T","M","R","E","M","M","R","B",null,"M","?","$","M","M","E"],"character_chosen":"DEFECT","items_purchased":["Sunder","Storm","Symbiotic Virus"],"campfire_rested":0,"item_purchase_floors":[2,20,20],"current_hp_per_floor":[82,82,82,82,82,82,64,64,64,64,64,58,58,58,58,37,82,75,75,75,67,31,31],"gold":165,"neow_bonus":"TEN_PERCENT_HP_BONUS","is_prod":false,"is_daily":false,"chose_seed":false,"campfire_upgraded":4,"win_rate":0,"timestamp":1562109319,"path_taken":["M","?","?","?","?","R","E","R","T","M","R","E","M","M","R","BOSS","M","?","$","M","M","E"],"build_version":"2019-07-01","purchased_purges":0,"victory":false,"max_hp_per_floor":[82,82,82,82,82,82,82,82,82,82,82,82,82,82,82,82,82,82,82,82,82,82,82],"card_choices":[{"not_picked":["Blizzard","Leap"],"picked":"Coolheaded","floor":1},{"not_picked":["Melter","Force Field"],"picked":"Loop","floor":4},{"not_picked":["BootSequence","Stack"],"picked":"Hologram","floor":7},{"not_picked":["Steam","Hologram","Streamline"],"picked":"SKIP","floor":10},{"not_picked":["Redo","Melter"],"picked":"Reinforced Body","floor":12},{"not_picked":["White Noise","Stack"],"picked":"Defragment","floor":13},{"not_picked":["Meteor Strike","Hologram"],"picked":"Capacitor","floor":14},{"not_picked":["Machine Learning","Amplify"],"picked":"All For One","floor":16},{"not_picked":["Rebound","Skim"],"picked":"Force Field","floor":17},{"not_picked":["Beam Cell","Gash"],"picked":"Cold Snap","floor":17},{"not_picked":["Redo","Leap"],"picked":"Go for the Eyes","floor":17},{"not_picked":["Turbo","Skim"],"picked":"Hello World","floor":17},{"not_picked":["Doom and Gloom+1","Hyperbeam"],"picked":"White Noise","floor":18},{"not_picked":["Conserve Battery","Reprogram"],"picked":"Force Field","floor":21},{"not_picked":["Go for the Eyes+1","Ball Lightning+1","Double Energy+1"],"picked":"SKIP","floor":22}],"player_experience":329299,"relics_obtained":[{"floor":7,"key":"Calipers"},{"floor":9,"key":"The Courier"},{"floor":12,"key":"Anchor"}],"event_choices":[{"damage_healed":0,"gold_gain":100,"player_choice":"Pray","damage_taken":0,"max_hp_gain":0,"max_hp_loss":0,"event_name":"Golden Shrine","floor":3,"gold_loss":0},{"damage_healed":0,"gold_gain":0,"player_choice":"Grow","damage_taken":0,"max_hp_gain":0,"max_hp_loss":0,"event_name":"Living Wall","floor":5,"gold_loss":0,"cards_upgraded":["Zap"]},{"damage_healed":0,"gold_gain":0,"player_choice":"Simplicity","damage_taken":0,"max_hp_gain":0,"max_hp_loss":0,"event_name":"Back to Basics","floor":19,"gold_loss":0,"cards_upgraded":["Strike_B","Strike_B","Strike_B","Strike_B","Defend_B","Defend_B","Defend_B","Defend_B"]}],"is_beta":false,"boss_relics":[{"not_picked":["Snecko Eye","Tiny House"],"picked":"Orrery"}],"items_purged_floors":[],"is_endless":false,"potions_floor_spawned":[1,12,16,21],"killed_by":"Slavers","ascension_level":3}