{"path_per_floor":["M","M","M","?","?","R","M","$","T","M","?","E","R","M","R"],"character_chosen":"THE_SILENT","items_purchased":["Bag of Marbles","Quick Slash"],"gold_per_floor":[110,129,148,223,223,223,241,33,33,44,44,71,71,89,89],"floor_reached":16,"campfire_rested":0,"playtime":1531,"current_hp_per_floor":[69,65,65,54,54,54,54,54,54,54,70,61,61,61,61],"items_purged":[],"gold":89,"score":102,"play_id":"b14b65a6-b8b8-44c7-a518-c7483dff11a2","local_time":"20180303150358","is_prod":false,"is_daily":false,"is_ascension_mode":false,"campfire_upgraded":3,"timestamp":1520107438,"path_taken":["M","M","M","?","?","R","M","$","T","?","?","E","R","M","R","BOSS"],"build_version":"2018-03-01-PROD1","purchased_purges":0,"victory":false,"master_deck":["Defend_G","Defend_G","Defend_G","Defend_G","Defend_G","Strike_G","Strike_G","Strike_G","Strike_G","Strike_G","Survivor","Neutralize","Poisoned Stab","Sucker Punch","Backstab+1","Regret","Slice","Quick Slash","All Out Attack+1","Infinite Blades+1"],"max_hp_per_floor":[70,70,70,70,70,70,70,70,70,70,70,70,70,70,70],"relics":["Ring of the Snake","Dodecahedron","Bag of Marbles","Thread and Needle","Blood Vial"],"card_choices":[{"not_picked":["Sucker Punch","Outmaneuver"],"picked":"Poisoned Stab"},{"not_picked":["Expertise","Outmaneuver"],"picked":"Sucker Punch"},{"not_picked":["After Image","Deadly Poison"],"picked":"Backstab"},{"not_picked":["Choke","Deflect"],"picked":"Slice"},{"not_picked":["Prepared","Deadly Poison"],"picked":"Calculated Gamble"},{"not_picked":["Leg Sweep","Quick Slash"],"picked":"All Out Attack"},{"not_picked":["Slice","Flying Knee"],"picked":"Infinite Blades"}],"player_experience":9792,"potions_floor_usage":[16,16,16],"damage_taken":[{"damage":1,"enemies":"Jaw Worm","floor":1,"turns":8},{"damage":4,"enemies":"2 Louse","floor":2,"turns":2},{"damage":0,"enemies":"Small Slimes","floor":3,"turns":3},{"damage":0,"enemies":"3 Louse","floor":7,"turns":2},{"damage":0,"enemies":"Lots of Slimes","floor":10,"turns":3},{"damage":9,"enemies":"Lagavulin","floor":12,"turns":7},{"damage":2,"enemies":"2 Fungi Beasts","floor":14,"turns":2},{"damage":64,"enemies":"The Guardian","floor":16,"turns":8}],"event_choices":[{"event_name":"World of Goop","player_choice":"Gather Gold","floor":4,"damage_taken":0},{"event_name":"Big Fish","player_choice":"Box","floor":5,"damage_taken":0},{"event_name":"Bonfire Elementals","player_choice":"UNCOMMON","floor":11,"damage_taken":0}],"boss_relics":[],"potions_floor_spawned":[7,10,14],"seed_played":"8610517868843705445","killed_by":"The Guardian","ascension_level":0,"is_trial":false}