{"gold_per_floor":[114,127,145,47,63,63,95,15,66,82,92,92,92,134,143,249,249,274,364,386,174,15,51,51,74,98,107,135,135,163,191,200,311,311,338,358,376,376,404,404,464,464,464,493,361,380,97,116,116,116],"floor_reached":51,"playtime":3291,"items_purged":["Injury","Strike_B","Parasite"],"score":1070,"play_id":"9142774f-bda9-40a0-b574-8a9233c1d3fc","local_time":"20191015000329","is_ascension_mode":true,"campfire_choices":[{"data":"Defragment","floor":6,"key":"SMITH"},{"data":"Sunder","floor":13,"key":"SMITH"},{"floor":15,"key":"REST"},{"floor":24,"key":"REST"},{"floor":27,"key":"REST"},{"floor":32,"key":"REST"},{"floor":40,"key":"DIG"},{"floor":49,"key":"REST"}],"neow_cost":"CURSE","seed_source_timestamp":292811808605300,"circlet_count":0,"master_deck":["Strike_B+1","Strike_B+1","Defend_B+1","Defend_B+1","Defend_B+1","Defend_B+1","Zap","Dualcast","Creative AI","Cold Snap","Defragment+1","Sweeping Beam","Cold Snap","Hologram","Sunder+1","Turbo","Reprogram","Streamline","Electrodynamics","Go for the Eyes+1","Genetic Algorithm+1","Glacier","Heatsinks","Beam Cell+1","White Noise+1","FTL","Compile Driver+1","Recycle+1","Conserve Battery","Storm","Thunder Strike","Conserve Battery+1","Force Field+1","Amplify","Capacitor","Skim","Stack","Reboot"],"relics":["Cracked Core","Mummified Hand","Bag of Marbles","Dream Catcher","CeramicFish","Runic Pyramid","ClockworkSouvenir","Shovel","Juzu Bracelet","Fusion Hammer","Pantograph","Lizard Tail","Kunai","Centennial Puzzle"],"potions_floor_usage":[11,16,23,36,39,50,50],"damage_taken":[{"damage":1,"enemies":"Cultist","floor":1,"turns":4},{"damage":5,"enemies":"2 Louse","floor":2,"turns":3},{"damage":9,"enemies":"Small Slimes","floor":3,"turns":4},{"damage":7,"enemies":"Exordium Wildlife","floor":5,"turns":4},{"damage":2,"enemies":"Lagavulin","floor":7,"turns":9},{"damage":1,"enemies":"3 Louse","floor":10,"turns":3},{"damage":0,"enemies":"2 Fungi Beasts","floor":11,"turns":1},{"damage":7,"enemies":"3 Sentries","floor":14,"turns":4},{"damage":21,"enemies":"Hexaghost","floor":16,"turns":8},{"damage":5,"enemies":"Spheric Guardian","floor":18,"turns":4},{"damage":0,"enemies":"3 Byrds","floor":20,"turns":3},{"damage":31,"enemies":"Book of Stabbing","floor":23,"turns":6},{"damage":34,"enemies":"Snecko","floor":25,"turns":5},{"damage":2,"enemies":"Sentry and Sphere","floor":28,"turns":5},{"damage":0,"enemies":"3 Cultists","floor":30,"turns":3},{"damage":12,"enemies":"Chosen and Byrds","floor":31,"turns":3},{"damage":2,"enemies":"Collector","floor":33,"turns":7},{"damage":0,"enemies":"Orb Walker","floor":35,"turns":3},{"damage":9,"enemies":"3 Shapes","floor":36,"turns":2},{"damage":5,"enemies":"3 Darklings","floor":37,"turns":4},{"damage":9,"enemies":"Writhing Mass","floor":39,"turns":5},{"damage":21,"enemies":"2 Orb Walkers","floor":41,"turns":4},{"damage":0,"enemies":"Nemesis","floor":44,"turns":7},{"damage":0,"enemies":"Maw","floor":46,"turns":6},{"damage":2,"enemies":"Transient","floor":48,"turns":5},{"damage":16,"enemies":"Donu and Deca","floor":50,"turns":7}],"seed_played":"-2577301768308405782","potions_obtained":[{"floor":3,"key":"Fire Potion"},{"floor":7,"key":"Weak Potion"},{"floor":10,"key":"FocusPotion"},{"floor":20,"key":"EssenceOfDarkness"},{"floor":28,"key":"DuplicationPotion"},{"floor":31,"key":"Fire Potion"},{"floor":35,"key":"PowerPotion"},{"floor":39,"key":"Energy Potion"},{"floor":41,"key":"AttackPotion"}],"is_trial":false,"path_per_floor":["M","M","M","$","M","R","E","?","T","M","M","?","R","E","R","B",null,"M","?","M","$","$","E","R","M","T","R","M","?","M","M","R","B",null,"M","M","M","?","M","R","?","?","T","E","$","M","$","M","R","B",null],"character_chosen":"DEFECT","items_purchased":["Cold Snap","Glacier","ClockworkSouvenir","Heatsinks","Amplify","Capacitor","Skim","Stack"],"campfire_rested":5,"item_purchase_floors":[4,21,21,22,45,47,47,47],"current_hp_per_floor":[67,62,53,53,46,46,44,44,44,43,43,43,43,36,58,37,66,61,47,47,47,47,16,38,4,4,26,24,24,24,12,34,32,64,64,55,50,50,41,41,20,20,20,20,20,20,20,18,38,47],"gold":116,"neow_bonus":"THREE_RARE_CARDS","is_prod":false,"is_daily":false,"chose_seed":false,"campfire_upgraded":2,"win_rate":0,"timestamp":1571115809,"path_taken":["M","M","M","$","M","R","E","?","T","?","M","?","R","E","R","BOSS","M","?","?","?","$","E","R","M","T","R","M","?","M","M","R","BOSS","M","M","M","?","M","R","?","?","T","E","$","M","$","M","R","BOSS"],"build_version":"2019-10-14","purchased_purges":3,"victory":true,"max_hp_per_floor":[75,75,75,75,75,75,75,75,75,75,75,75,75,75,75,75,75,75,75,75,75,75,75,75,75,75,75,75,75,75,75,75,75,75,75,75,75,71,71,71,71,71,71,71,71,71,68,68,68,68],"card_choices":[{"not_picked":["Fission","Thunder Strike"],"picked":"Creative AI","floor":0},{"not_picked":["Turbo","Beam Cell"],"picked":"Cold Snap","floor":1},{"not_picked":["Aggregate","Gash"],"picked":"Defragment","floor":2},{"not_picked":["Rebound","Turbo"],"picked":"Sweeping Beam","floor":3},{"not_picked":["Steam","Conserve Battery"],"picked":"Hologram","floor":5},{"not_picked":["Beam Cell","Blizzard"],"picked":"Sunder","floor":7},{"not_picked":["Double Energy","Creative AI"],"picked":"Ball Lightning","floor":10},{"not_picked":["Hologram","Sweeping Beam"],"picked":"Turbo","floor":11},{"not_picked":["Scrape","Lockon"],"picked":"Reprogram","floor":14},{"not_picked":["Static Discharge","Stack"],"picked":"Streamline","floor":15},{"not_picked":["Buffer","Amplify"],"picked":"Electrodynamics","floor":16},{"not_picked":["Ball Lightning","Conserve Battery"],"picked":"Go for the Eyes+1","floor":18},{"not_picked":["Leap","Cold Snap"],"picked":"Genetic Algorithm+1","floor":20},{"not_picked":["Storm","Cold Snap+1"],"picked":"Beam Cell+1","floor":23},{"not_picked":["Rip and Tear","Gash"],"picked":"White Noise+1","floor":25},{"not_picked":["Steam","Redo"],"picked":"FTL","floor":27},{"not_picked":["Darkness","White Noise"],"picked":"Compile Driver+1","floor":28},{"not_picked":["Go for the Eyes+1","White Noise"],"picked":"Recycle+1","floor":30},{"not_picked":["Gash","Barrage"],"picked":"Conserve Battery","floor":31},{"not_picked":["Redo","Go for the Eyes"],"picked":"Storm","floor":32},{"not_picked":["Creative AI","Hyperbeam"],"picked":"Thunder Strike","floor":33},{"not_picked":["Streamline","FTL"],"picked":"Conserve Battery+1","floor":35},{"not_picked":["Recycle+1","Redo","Barrage"],"picked":"SKIP","floor":36},{"not_picked":["Compile Driver","Streamline+1","Tempest+1"],"picked":"SKIP","floor":37},{"not_picked":["Auto Shields","Compile Driver","Go for the Eyes"],"picked":"SKIP","floor":39},{"not_picked":["Cold Snap","Gash"],"picked":"Force Field+1","floor":41},{"not_picked":["Streamline+1","Turbo","Reprogram"],"picked":"SKIP","floor":44},{"not_picked":["Ball Lightning","Doom and Gloom+1","Sunder+1"],"picked":"SKIP","floor":46},{"not_picked":["Stack","Rip and Tear"],"picked":"Reboot","floor":48}],"player_experience":497525,"relics_obtained":[{"floor":7,"key":"Mummified Hand"},{"floor":9,"key":"Dream Catcher"},{"floor":14,"key":"CeramicFish"},{"floor":23,"key":"Shovel"},{"floor":26,"key":"Juzu Bracelet"},{"floor":40,"key":"Pantograph"},{"floor":41,"key":"Lizard Tail"},{"floor":43,"key":"Kunai"},{"floor":44,"key":"Centennial Puzzle"}],"event_choices":[{"damage_healed":0,"gold_gain":0,"player_choice":"Paid Gold","damage_taken":0,"relics_obtained":["Bag of Marbles"],"max_hp_gain":0,"max_hp_loss":0,"event_name":"WeMeetAgain","floor":8,"gold_loss":80},{"cards_removed":["Strike_B"],"damage_healed":0,"gold_gain":0,"player_choice":"Offered Basic","damage_taken":0,"max_hp_gain":0,"max_hp_loss":0,"event_name":"Bonfire Elementals","floor":12,"gold_loss":0},{"damage_healed":0,"gold_gain":90,"player_choice":"GOLD ","damage_taken":14,"max_hp_gain":0,"max_hp_loss":0,"event_name":"Knowing Skull","floor":19,"potions_obtained":[],"gold_loss":0,"cards_obtained":[]},{"damage_healed":0,"gold_gain":0,"player_choice":"Simplicity","damage_taken":0,"max_hp_gain":0,"max_hp_loss":0,"event_name":"Back to Basics","floor":29,"gold_loss":0,"cards_upgraded":["Strike_B","Strike_B","Defend_B","Defend_B","Defend_B","Defend_B"]},{"damage_healed":0,"gold_gain":0,"player_choice":"Max HP","damage_taken":0,"max_hp_gain":0,"max_hp_loss":4,"event_name":"Winding Halls","floor":38,"gold_loss":0},{"damage_healed":0,"gold_gain":0,"player_choice":"Fight","damage_taken":0,"max_hp_gain":0,"max_hp_loss":0,"event_name":"Mysterious Sphere","floor":41,"gold_loss":0},{"cards_removed":["Ball Lightning"],"damage_healed":0,"gold_gain":0,"player_choice":"Removed Attack","damage_taken":0,"max_hp_gain":0,"max_hp_loss":0,"event_name":"Falling","floor":42,"gold_loss":0}],"is_beta":true,"boss_relics":[{"not_picked":["Black Star","Pandora\u0027s Box"],"picked":"Runic Pyramid"},{"not_picked":["Nuclear Battery","Sozu"],"picked":"Fusion Hammer"}],"items_purged_floors":[4,22,47],"is_endless":false,"potions_floor_spawned":[3,7,10,20,28,31,35,39,41,44],"ascension_level":9}