{"gold_per_floor":[119,134,147,167,143,168,168,168],"floor_reached":8,"playtime":412,"items_purged":[],"score":70,"play_id":"22e316e4-3cb8-49cd-9b63-22497bf12094","local_time":"20190703122726","is_ascension_mode":true,"campfire_choices":[],"neow_cost":"NONE","seed_source_timestamp":1764501569067223,"circlet_count":0,"master_deck":["Strike_G","Strike_G","Strike_G","Strike_G","Strike_G","Defend_G","Defend_G","Defend_G","Defend_G","Defend_G","Survivor","Neutralize","Deadly Poison","Bouncing Flask","Dodge and Roll","Dagger Spray","Underhanded Strike"],"relics":["Ring of the Snake","NeowsBlessing","Vajra","CultistMask"],"potions_floor_usage":[8],"damage_taken":[{"damage":0,"enemies":"Cultist","floor":1,"turns":1},{"damage":0,"enemies":"Jaw Worm","floor":2,"turns":1},{"damage":0,"enemies":"2 Louse","floor":3,"turns":1},{"damage":19,"enemies":"Large Slime","floor":4,"turns":8},{"damage":36,"enemies":"Gremlin Nob","floor":6,"turns":5},{"damage":11,"enemies":"Lagavulin","floor":8,"turns":5}],"seed_played":"4136004283831105398","potions_obtained":[{"floor":2,"key":"FearPotion"},{"floor":4,"key":"GamblersBrew"}],"is_trial":false,"path_per_floor":["M","M","M","M","$","E","?","E"],"character_chosen":"THE_SILENT","items_purchased":["Dagger Spray"],"campfire_rested":0,"item_purchase_floors":[5],"current_hp_per_floor":[70,70,70,51,51,15,15,4],"gold":168,"neow_bonus":"THREE_ENEMY_KILL","is_prod":false,"is_daily":false,"chose_seed":false,"campfire_upgraded":0,"win_rate":0,"timestamp":1562171246,"path_taken":["M","M","M","?","$","E","?","E"],"build_version":"2019-07-01","purchased_purges":0,"victory":false,"max_hp_per_floor":[70,70,70,70,70,70,70,70],"card_choices":[{"not_picked":["Dodge and Roll","Acrobatics"],"picked":"Deadly Poison","floor":1},{"not_picked":["Setup","Accuracy"],"picked":"Bouncing Flask","floor":2},{"not_picked":["Quick Slash","Outmaneuver"],"picked":"Dodge and Roll","floor":3},{"not_picked":["Concentrate","Slice","Tactician"],"picked":"SKIP","floor":4},{"not_picked":["Blur","Outmaneuver"],"picked":"Underhanded Strike","floor":6}],"player_experience":344611,"relics_obtained":[{"floor":6,"key":"Vajra"}],"event_choices":[{"damage_healed":0,"gold_gain":0,"player_choice":"Trade","damage_taken":0,"relics_obtained":["CultistMask"],"max_hp_gain":0,"max_hp_loss":0,"event_name":"FaceTrader","floor":7,"gold_loss":0}],"is_beta":false,"boss_relics":[],"items_purged_floors":[],"is_endless":false,"potions_floor_spawned":[2,4],"killed_by":"Lagavulin","ascension_level":4}