{"gold_per_floor":[111,286,304,304,25,59,59,93,93,93,93,43,43,63,63,189,189,213,213,20,44,44,44,63,63,63,98,121,156,156,55,55,55],"floor_reached":33,"playtime":1268,"items_purged":["Doubt","Bash"],"score":407,"play_id":"83b524d6-9278-4772-854f-71aeda85e26b","local_time":"20190902201212","is_ascension_mode":true,"campfire_choices":[{"data":"Uppercut","floor":7,"key":"SMITH"},{"data":"Flex","floor":13,"key":"SMITH"},{"data":"Heavy Blade","floor":15,"key":"SMITH"},{"data":"Double Tap","floor":23,"key":"SMITH"},{"data":"Anger","floor":25,"key":"SMITH"},{"data":"Spot Weakness","floor":30,"key":"SMITH"},{"data":"Flex","floor":32,"key":"SMITH"}],"neow_cost":"NONE","seed_source_timestamp":866451904975200,"circlet_count":0,"master_deck":["Strike_R+1","Strike_R+1","Strike_R+1","Strike_R+1","Defend_R+1","Defend_R+1","Defend_R+1","Defend_R+1","Flex+1","Heavy Blade+1","Uppercut+1","Shrug It Off+1","Dropkick","Double Tap+1","Anger+1","Flex+1","Spot Weakness+1","Inflame","Flex+1"],"relics":["Burning Blood","NeowsBlessing","Strawberry","Gremlin Horn","Lantern","Mercury Hourglass","Golden Idol","Black Star","ClockworkSouvenir","War Paint","Art of War","Vajra","Question Card","Smiling Mask"],"potions_floor_usage":[8,18,28,29],"damage_taken":[{"damage":0,"enemies":"2 Louse","floor":1,"turns":1},{"damage":0,"enemies":"Small Slimes","floor":3,"turns":2},{"damage":0,"enemies":"3 Sentries","floor":6,"turns":2},{"damage":35,"enemies":"Lagavulin","floor":8,"turns":4},{"damage":0,"enemies":"Cultist","floor":14,"turns":2},{"damage":44,"enemies":"The Guardian","floor":16,"turns":8},{"damage":16,"enemies":"Shell Parasite","floor":18,"turns":5},{"damage":0,"enemies":"Chosen","floor":21,"turns":2},{"damage":16,"enemies":"Snake Plant","floor":24,"turns":2},{"damage":10,"enemies":"Book of Stabbing","floor":27,"turns":4},{"damage":34,"enemies":"Snecko","floor":28,"turns":7},{"damage":0,"enemies":"Gremlin Leader","floor":29,"turns":2},{"damage":43,"enemies":"Champ","floor":33,"turns":5}],"seed_played":"5007065432077825646","potions_obtained":[{"floor":6,"key":"Strength Potion"},{"floor":8,"key":"FearPotion"},{"floor":24,"key":"Weak Potion"},{"floor":27,"key":"LiquidBronze"}],"is_trial":false,"path_per_floor":["M","?","M","?","$","E","R","E","T","?","?","?","R","M","R","B",null,"M","?","$","M","?","R","M","R","T","E","M","E","R","$","R","B"],"character_chosen":"IRONCLAD","items_purchased":["Heavy Blade","Strawberry","ClockworkSouvenir","Flex"],"campfire_rested":0,"item_purchase_floors":[5,5,20,31],"current_hp_per_floor":[80,80,80,64,71,77,77,48,48,77,77,77,77,81,81,43,81,71,71,71,77,77,77,67,67,67,63,35,41,41,41,41,0],"gold":55,"neow_bonus":"THREE_ENEMY_KILL","is_prod":false,"is_daily":false,"chose_seed":false,"campfire_upgraded":7,"win_rate":0,"timestamp":1567473132,"path_taken":["M","?","M","?","$","E","R","E","T","?","?","?","R","M","R","BOSS","M","?","$","M","?","R","M","R","T","E","M","E","R","$","R","BOSS"],"build_version":"2019-07-17","purchased_purges":2,"victory":false,"max_hp_per_floor":[80,80,80,80,87,87,87,87,87,87,81,81,81,81,81,81,81,81,81,81,81,81,81,81,81,81,81,81,81,81,81,81,81],"card_choices":[{"not_picked":["Headbutt","Pommel Strike"],"picked":"Flex","floor":1},{"not_picked":["Flex","Havoc","Body Slam"],"picked":"SKIP","floor":3},{"not_picked":["Dropkick","Clash"],"picked":"Uppercut","floor":6},{"not_picked":["Flame Barrier","Sentinel"],"picked":"Shrug It Off","floor":8},{"not_picked":["Armaments","Headbutt"],"picked":"Dropkick","floor":14},{"not_picked":["Barricade","Feed"],"picked":"Double Tap","floor":16},{"not_picked":["Flame Barrier","Sword Boomerang","Thunderclap"],"picked":"SKIP","floor":18},{"not_picked":["Perfected Strike","Heavy Blade"],"picked":"Anger","floor":21},{"not_picked":["Sever Soul","Bloodletting","Sword Boomerang"],"picked":"SKIP","floor":24},{"not_picked":["Flex","Power Through","Warcry"],"picked":"SKIP","floor":27},{"not_picked":["Whirlwind+1","Burning Pact"],"picked":"Spot Weakness","floor":28},{"not_picked":["Fire Breathing+1","Dropkick"],"picked":"Inflame","floor":29}],"player_experience":213563,"relics_obtained":[{"floor":6,"key":"Gremlin Horn"},{"floor":8,"key":"Lantern"},{"floor":9,"key":"Mercury Hourglass"},{"floor":26,"key":"War Paint"},{"floor":27,"key":"Art of War"},{"floor":27,"key":"Vajra"},{"floor":29,"key":"Question Card"},{"floor":29,"key":"Smiling Mask"}],"event_choices":[{"damage_healed":0,"gold_gain":175,"player_choice":"AGREE","damage_taken":0,"max_hp_gain":0,"max_hp_loss":0,"event_name":"Liars Game","floor":2,"gold_loss":0,"cards_obtained":["Doubt"]},{"damage_healed":0,"gold_gain":0,"player_choice":"Entered Light","damage_taken":16,"max_hp_gain":0,"max_hp_loss":0,"event_name":"Shining Light","floor":4,"gold_loss":0,"cards_upgraded":["Strike_R","Defend_R"]},{"damage_healed":29,"gold_gain":0,"player_choice":"Banana","damage_taken":0,"max_hp_gain":0,"max_hp_loss":0,"event_name":"Big Fish","floor":10,"gold_loss":0},{"damage_healed":0,"gold_gain":0,"player_choice":"Lose Max HP","damage_taken":0,"relics_obtained":["Golden Idol"],"max_hp_gain":0,"max_hp_loss":6,"event_name":"Golden Idol","floor":11,"gold_loss":0},{"cards_removed":["Strike_R"],"damage_healed":0,"gold_gain":0,"player_choice":"Card Removal","damage_taken":0,"max_hp_gain":0,"max_hp_loss":0,"event_name":"The Cleric","floor":12,"gold_loss":50},{"damage_healed":0,"gold_gain":0,"player_choice":"Simplicity","damage_taken":0,"max_hp_gain":0,"max_hp_loss":0,"event_name":"Back to Basics","floor":19,"gold_loss":0,"cards_upgraded":["Strike_R","Strike_R","Strike_R","Defend_R","Defend_R","Defend_R"]},{"damage_healed":0,"gold_gain":0,"player_choice":"Copied","damage_taken":0,"max_hp_gain":0,"max_hp_loss":0,"event_name":"Duplicator","floor":22,"gold_loss":0,"cards_obtained":["Flex"]}],"is_beta":false,"boss_relics":[{"not_picked":["White Beast Statue","Fusion Hammer"],"picked":"Black Star"}],"items_purged_floors":[5,31],"is_endless":false,"potions_floor_spawned":[6,8,24,27],"killed_by":"Champ","ascension_level":4}