{"path_per_floor":["M","M","$","?","M","R","M","M","T","R","M","R","E","?","R","B",null,"M","$","M","?","?","R","M","R","T","$","M","E","R","M","R","B",null,"M","$","M","M","M","R"],"character_chosen":"IRONCLAD","items_purchased":["Flex"],"gold_per_floor":[112,123,3,3,13,13,28,45,45,45,60,60,86,86,86,190,190,210,110,123,123,123,123,142,142,142,17,30,64,64,78,78,174,174,186,36,46,57,73,73,73],"floor_reached":41,"campfire_rested":2,"playtime":3448,"current_hp_per_floor":[80,80,80,64,73,73,79,85,85,85,83,83,80,80,80,27,89,76,76,85,85,69,69,30,30,30,30,28,24,24,23,50,56,92,71,71,69,43,26,53,0],"items_purged":["Strike_R","Strike_R","Strike_R","Strike_R"],"gold":73,"score":490,"play_id":"2ab73eb5-ab13-4074-bd46-ac286d800537","local_time":"20180427193458","is_prod":false,"is_daily":false,"chose_seed":false,"is_ascension_mode":false,"campfire_upgraded":7,"timestamp":1524882898,"path_taken":["M","M","$","?","?","R","M","M","T","R","M","R","E","?","R","BOSS","M","$","M","?","?","R","M","R","T","$","M","E","R","?","R","BOSS","M","$","M","M","M","R","M"],"build_version":"2018-04-26","seed_source_timestamp":7458748066528,"purchased_purges":4,"victory":false,"master_deck":["Strike_R","Defend_R","Defend_R","Defend_R","Defend_R","Bash","Headbutt+1","Feed","Flex+1","Heavy Blade","Cleave+1","Shrug It Off+1","True Grit+1","Limit Break+1","Shrug It Off","Iron Wave","Evolve","True Grit+1","Necronomicurse","Metallicize+1","Flame Barrier+1","Flame Barrier+1","Inflame+1","Demon Form","Shrug It Off","Flame Barrier"],"max_hp_per_floor":[80,80,80,80,83,83,83,86,86,86,86,86,86,86,86,89,89,89,89,92,92,92,92,92,92,92,92,92,92,92,92,92,92,92,92,92,92,92,92,92,92],"relics":["Burning Blood","Toolbox","Dream Catcher","Orrery","Necronomicon","Shuriken","Bottled Tornado","White Beast Statue"],"card_choices":[{"not_picked":["Armaments","Thunderclap"],"picked":"Headbutt","floor":1},{"not_picked":["Bloodletting","Clothesline"],"picked":"Feed","floor":2},{"not_picked":["Sword Boomerang","Burning Pact"],"picked":"Heavy Blade","floor":5},{"not_picked":["Flex","Body Slam"],"picked":"Cleave","floor":7},{"not_picked":["Havoc","Reckless Charge"],"picked":"Shrug It Off","floor":8},{"not_picked":["Flex","Body Slam"],"picked":"True Grit","floor":13},{"not_picked":["Offering","Berserk"],"picked":"Limit Break","floor":16},{"not_picked":["True Grit","Clothesline"],"picked":"Shrug It Off","floor":17},{"not_picked":["Combust","Sword Boomerang"],"picked":"Iron Wave","floor":17},{"not_picked":["Heavy Blade","Iron Wave"],"picked":"Evolve","floor":17},{"not_picked":["Sword Boomerang","Twin Strike"],"picked":"True Grit","floor":17},{"not_picked":["Bloodletting","Dual Wield"],"picked":"Metallicize","floor":24},{"not_picked":["Evolve","Heavy Blade"],"picked":"Flame Barrier","floor":29},{"not_picked":["Thunderclap","Bludgeon"],"picked":"Flame Barrier","floor":31},{"not_picked":["Dropkick","Twin Strike"],"picked":"Inflame","floor":32},{"not_picked":["Juggernaut","Bludgeon"],"picked":"Demon Form","floor":33},{"not_picked":["Twin Strike","Sword Boomerang"],"picked":"Shrug It Off","floor":35},{"not_picked":["Hemokinesis","Perfected Strike"],"picked":"Flame Barrier","floor":40}],"player_experience":58930,"potions_floor_usage":[8,13,16,16,24,29,29,31,33,38,39,41],"damage_taken":[{"damage":5,"enemies":"Cultist","floor":1,"turns":4},{"damage":0,"enemies":"2 Louse","floor":2,"turns":3},{"damage":0,"enemies":"Small Slimes","floor":5,"turns":3},{"damage":0,"enemies":"3 Louse","floor":7,"turns":3},{"damage":3,"enemies":"Exordium Wildlife","floor":8,"turns":2},{"damage":8,"enemies":"Red Slaver","floor":11,"turns":3},{"damage":9,"enemies":"Gremlin Nob","floor":13,"turns":4},{"damage":62,"enemies":"Hexaghost","floor":16,"turns":9},{"damage":19,"enemies":"Shell Parasite","floor":18,"turns":9},{"damage":0,"enemies":"Chosen","floor":20,"turns":5},{"damage":45,"enemies":"Slaver and Parasite","floor":24,"turns":10},{"damage":8,"enemies":"Centurion and Healer","floor":28,"turns":9},{"damage":10,"enemies":"Slavers","floor":29,"turns":6},{"damage":7,"enemies":"Snecko","floor":31,"turns":5},{"damage":0,"enemies":"Champ","floor":33,"turns":9},{"damage":27,"enemies":"3 Darklings","floor":35,"turns":5},{"damage":8,"enemies":"3 Shapes","floor":37,"turns":4},{"damage":36,"enemies":"Sphere and 2 Shapes","floor":38,"turns":10},{"damage":23,"enemies":"Maw","floor":39,"turns":9},{"damage":58,"enemies":"4 Shapes","floor":41,"turns":6}],"event_choices":[{"event_name":"Shining Light","player_choice":"Entered Light","floor":4,"damage_taken":0},{"event_name":"Liars Game","player_choice":"disagreed","floor":14,"damage_taken":0},{"event_name":"Match and Keep!","player_choice":"0 cards matched","floor":21,"damage_taken":0},{"event_name":"Cursed Tome","player_choice":"Obtained Book","floor":22,"damage_taken":0}],"boss_relics":[{"not_picked":["Runic Dome","Runic Pyramid"],"picked":"Orrery"},{"not_picked":["Calling Bell","Sozu"],"picked":"White Beast Statue"}],"potions_floor_spawned":[2,11,13,18,28,29,31,33,35,37,38,39],"seed_played":"-8552473626974703832","killed_by":"4 Shapes","ascension_level":0,"is_trial":false}