{"gold_per_floor":[114,124,88,88,88,123,198,225,249,249],"floor_reached":10,"playtime":189,"items_purged":[],"score":124,"play_id":"c9dea056-cc8b-4a99-a42a-afee083392f5","local_time":"20191010072927","is_ascension_mode":true,"campfire_choices":[],"neow_cost":"NONE","seed_source_timestamp":11753019374200,"circlet_count":0,"master_deck":["Strike_R","Strike_R","Strike_R","Strike_R","Strike_R","Defend_R","Defend_R","Defend_R","Bash","Body Slam","Whirlwind","Bloodletting","Armaments"],"relics":["Burning Blood","NeowsBlessing","Smiling Mask","Pear","Oddly Smooth Stone"],"potions_floor_usage":[],"damage_taken":[{"damage":0,"enemies":"Small Slimes","floor":1,"turns":2},{"damage":0,"enemies":"Jaw Worm","floor":2,"turns":1},{"damage":0,"enemies":"Lagavulin","floor":6,"turns":1},{"damage":40,"enemies":"Gremlin Nob","floor":8,"turns":5},{"damage":0,"enemies":"3 Sentries","floor":10,"turns":1}],"seed_played":"8159741413968917319","potions_obtained":[{"floor":1,"key":"Block Potion"},{"floor":8,"key":"BloodPotion"}],"is_trial":false,"path_per_floor":["M","M","$","?","$","E","?","E","T","E"],"character_chosen":"IRONCLAD","items_purchased":["Whirlwind"],"campfire_rested":0,"item_purchase_floors":[3],"current_hp_per_floor":[80,80,80,73,73,79,68,44,44,44],"gold":249,"neow_bonus":"THREE_ENEMY_KILL","is_prod":false,"is_daily":false,"chose_seed":false,"campfire_upgraded":0,"win_rate":0,"timestamp":1570706967,"path_taken":["M","M","$","?","$","E","?","E","T","E"],"build_version":"2019-07-17","purchased_purges":0,"victory":false,"max_hp_per_floor":[80,80,80,80,80,80,80,90,90,90],"card_choices":[{"not_picked":["Reckless Charge","Blood for Blood","Shockwave"],"picked":"SKIP","floor":1},{"not_picked":["Anger","Flex"],"picked":"Body Slam","floor":2},{"not_picked":["Disarm","Feel No Pain"],"picked":"Bloodletting","floor":6},{"not_picked":["Headbutt","Barricade"],"picked":"Armaments","floor":8}],"player_experience":383403,"relics_obtained":[{"floor":6,"key":"Smiling Mask"},{"floor":8,"key":"Pear"},{"floor":9,"key":"Oddly Smooth Stone"}],"event_choices":[{"cards_removed":["Defend_R"],"damage_healed":0,"gold_gain":0,"player_choice":"Card Removal","damage_taken":7,"max_hp_gain":0,"max_hp_loss":0,"event_name":"Golden Wing","floor":4,"gold_loss":0},{"damage_healed":0,"gold_gain":75,"player_choice":"Gather Gold","damage_taken":11,"max_hp_gain":0,"max_hp_loss":0,"event_name":"World of Goop","floor":7,"gold_loss":0}],"is_beta":false,"boss_relics":[],"items_purged_floors":[],"is_endless":false,"potions_floor_spawned":[1,8],"killed_by":"3 Sentries","ascension_level":5}