{"gold_per_floor":[113,127,144,4,4,35,35,52,52,52,70,70,97,114,114,212,212,223,223,111,129,140,170,170,204,204,204,222,22,50,66,66,161,161,179,196,206,36,50,84,84,17,17,31,42,76,0,19,19,19],"floor_reached":51,"playtime":5660,"items_purged":["Strike_B","Defend_B"],"score":927,"play_id":"48bbf0a4-a7e2-44ae-9da9-fcea613762ac","local_time":"20190816231447","is_ascension_mode":true,"campfire_choices":[{"data":"Hologram","floor":7,"key":"SMITH"},{"data":"Echo Form","floor":15,"key":"SMITH"},{"floor":27,"key":"REST"},{"data":"Buffer","floor":32,"key":"SMITH"},{"data":"Parasite","floor":41,"key":"PURGE"},{"floor":49,"key":"REST"}],"neow_cost":"NONE","seed_source_timestamp":74958032109300,"circlet_count":0,"master_deck":["Strike_B","Defend_B","Defend_B","Zap","Dualcast+1","Conserve Battery","Hologram+1","Chill+1","Redo+1","Loop","Echo Form+1","Lockon","Buffer+1","Buffer+1","Rainbow+1","Streamline+1","Consume+1","Capacitor","Sunder+1","Tempest","Capacitor","Storm+1","Multi-Cast","Sweeping Beam+1","Defragment","Machine Learning","Hello World","BootSequence+1"],"relics":["Cracked Core","Thread and Needle","Peace Pipe","FaceOfCleric","Ice Cream","Centennial Puzzle","Astrolabe","War Paint","Pear","Dream Catcher","Lee\u0027s Waffle","Happy Flower","Sozu","Mercury Hourglass","Strawberry","Bottled Tornado","Red Mask"],"potions_floor_usage":[6,13,16,23,23,25,30,33,37,39],"damage_taken":[{"damage":1,"enemies":"Cultist","floor":1,"turns":3},{"damage":1,"enemies":"2 Louse","floor":2,"turns":2},{"damage":0,"enemies":"Small Slimes","floor":3,"turns":3},{"damage":23,"enemies":"3 Sentries","floor":6,"turns":7},{"damage":0,"enemies":"Exordium Thugs","floor":8,"turns":4},{"damage":1,"enemies":"3 Louse","floor":11,"turns":3},{"damage":21,"enemies":"Lagavulin","floor":13,"turns":7},{"damage":2,"enemies":"Large Slime","floor":14,"turns":6},{"damage":18,"enemies":"The Guardian","floor":16,"turns":11},{"damage":0,"enemies":"Spheric Guardian","floor":18,"turns":5},{"damage":11,"enemies":"Shell Parasite","floor":21,"turns":4},{"damage":10,"enemies":"Centurion and Healer","floor":22,"turns":6},{"damage":19,"enemies":"Gremlin Leader","floor":23,"turns":8},{"damage":34,"enemies":"Book of Stabbing","floor":25,"turns":6},{"damage":20,"enemies":"Snake Plant","floor":28,"turns":3},{"damage":15,"enemies":"Gremlin Leader","floor":30,"turns":9},{"damage":4,"enemies":"Cultist and Chosen","floor":31,"turns":4},{"damage":28,"enemies":"Collector","floor":33,"turns":9},{"damage":5,"enemies":"Orb Walker","floor":35,"turns":3},{"damage":6,"enemies":"3 Shapes","floor":36,"turns":3},{"damage":0,"enemies":"Jaw Worm Horde","floor":37,"turns":5},{"damage":43,"enemies":"Writhing Mass","floor":39,"turns":4},{"damage":4,"enemies":"Giant Head","floor":40,"turns":6},{"damage":0,"enemies":"3 Darklings","floor":44,"turns":4},{"damage":5,"enemies":"4 Shapes","floor":45,"turns":4},{"damage":25,"enemies":"Reptomancer","floor":46,"turns":5},{"damage":0,"enemies":"Maw","floor":48,"turns":5},{"damage":10,"enemies":"Donu and Deca","floor":50,"turns":8}],"seed_played":"-2792224263697426848","potions_obtained":[{"floor":2,"key":"LiquidBronze"},{"floor":3,"key":"FearPotion"},{"floor":11,"key":"GamblersBrew"},{"floor":14,"key":"Swift Potion"},{"floor":16,"key":"SpeedPotion"},{"floor":21,"key":"GamblersBrew"},{"floor":23,"key":"SpeedPotion"},{"floor":25,"key":"Explosive Potion"},{"floor":30,"key":"EssenceOfSteel"},{"floor":31,"key":"Swift Potion"},{"floor":33,"key":"EssenceOfSteel"}],"is_trial":false,"path_per_floor":["M","M","M","$","?","E","R","M","T","?","M","?","E","M","R","B",null,"M","?","$","M","M","E","?","E","T","R","M","$","E","M","R","B",null,"M","M","M","$","M","E","R","$","T","M","M","E","?","M","R","B",null],"character_chosen":"DEFECT","items_purchased":["Multi-Cast","Capacitor","Lee\u0027s Waffle","Defragment","Hello World"],"campfire_rested":2,"item_purchase_floors":[4,20,29,38,42],"current_hp_per_floor":[74,73,73,73,85,62,62,62,62,62,62,62,42,41,41,24,89,90,90,90,80,71,53,53,30,30,61,42,112,98,95,95,68,115,111,106,107,107,65,62,62,62,69,70,66,42,42,43,81,72],"gold":19,"neow_bonus":"UPGRADE_CARD","is_prod":false,"is_daily":false,"chose_seed":false,"campfire_upgraded":3,"win_rate":0,"timestamp":1566015287,"path_taken":["M","M","M","$","?","E","R","?","T","?","?","?","E","M","R","BOSS","M","?","$","M","M","E","?","E","T","R","M","$","E","?","R","BOSS","M","M","M","$","M","E","R","$","T","M","M","E","?","M","R","BOSS"],"build_version":"2019-07-17","purchased_purges":2,"victory":true,"max_hp_per_floor":[75,75,75,75,85,85,85,85,85,85,86,86,87,88,88,89,89,90,90,90,91,92,93,93,104,104,104,105,112,113,114,114,115,115,116,117,118,118,119,120,117,117,124,125,126,127,127,128,128,129],"card_choices":[{"not_picked":["Streamline","Skim"],"picked":"Conserve Battery","floor":1},{"not_picked":["Go for the Eyes","Ball Lightning"],"picked":"Hologram","floor":2},{"not_picked":["Redo","Melter","Rebound"],"picked":"SKIP","floor":3},{"not_picked":["Darkness","Force Field"],"picked":"Chill","floor":6},{"not_picked":["Reprogram","Hyperbeam"],"picked":"Redo","floor":8},{"not_picked":["Doom and Gloom","Reinforced Body"],"picked":"Loop","floor":11},{"not_picked":["Leap","Compile Driver"],"picked":"Echo Form","floor":13},{"not_picked":["Doom and Gloom","Scrape"],"picked":"Lockon","floor":14},{"not_picked":["Rainbow","Echo Form"],"picked":"Buffer","floor":16},{"not_picked":["Rebound","Turbo+1"],"picked":"Consume","floor":18},{"not_picked":["Streamline","Turbo"],"picked":"Sunder+1","floor":21},{"not_picked":["Hologram+1","Chill","Stack+1"],"picked":"SKIP","floor":22},{"not_picked":["Beam Cell","Hologram+1"],"picked":"Tempest","floor":23},{"not_picked":["Stack","Steam","Rainbow"],"picked":"SKIP","floor":25},{"not_picked":["Streamline","Sweeping Beam"],"picked":"Capacitor","floor":27},{"not_picked":["Recycle","Gash","Barrage"],"picked":"SKIP","floor":28},{"not_picked":["Core Surge","Sweeping Beam"],"picked":"Storm+1","floor":30},{"not_picked":["Ball Lightning+1","Glacier","Steam"],"picked":"SKIP","floor":31},{"not_picked":["All For One","Buffer"],"picked":"Multi-Cast","floor":33},{"not_picked":["Gash+1","Doom and Gloom+1"],"picked":"Sweeping Beam+1","floor":35},{"not_picked":["Blizzard+1","Chaos+1","Ball Lightning+1"],"picked":"SKIP","floor":36},{"not_picked":["Glacier","Recycle","Sweeping Beam"],"picked":"SKIP","floor":37},{"not_picked":["Turbo","Conserve Battery+1","Beam Cell"],"picked":"SKIP","floor":39},{"not_picked":["Sweeping Beam+1","Force Field"],"picked":"Machine Learning","floor":40},{"not_picked":["Tempest+1","Genetic Algorithm+1"],"picked":"BootSequence+1","floor":44},{"not_picked":["Barrage+1","Steam","Compile Driver+1"],"picked":"SKIP","floor":45},{"not_picked":["Tempest+1","Redo","Hologram"],"picked":"SKIP","floor":46},{"not_picked":["Sunder","Gash","BootSequence"],"picked":"SKIP","floor":48}],"player_experience":164817,"relics_obtained":[{"floor":6,"key":"Thread and Needle"},{"floor":9,"key":"Peace Pipe"},{"floor":13,"key":"Centennial Puzzle"},{"floor":23,"key":"War Paint"},{"floor":25,"key":"Pear"},{"floor":26,"key":"Dream Catcher"},{"floor":30,"key":"Happy Flower"},{"floor":40,"key":"Mercury Hourglass"},{"floor":43,"key":"Strawberry"},{"floor":46,"key":"Bottled Tornado"}],"event_choices":[{"cards_removed":["Multi-Cast"],"damage_healed":2,"gold_gain":0,"player_choice":"Offered Rare","damage_taken":0,"max_hp_gain":10,"max_hp_loss":0,"event_name":"Bonfire Elementals","floor":5,"gold_loss":0},{"damage_healed":0,"gold_gain":0,"player_choice":"Trade","damage_taken":0,"relics_obtained":["FaceOfCleric"],"max_hp_gain":0,"max_hp_loss":0,"event_name":"FaceTrader","floor":10,"gold_loss":0},{"damage_healed":0,"gold_gain":0,"player_choice":"Gave Potion","damage_taken":0,"relics_obtained":["Ice Cream"],"max_hp_gain":0,"max_hp_loss":0,"event_name":"WeMeetAgain","floor":12,"gold_loss":0},{"damage_healed":0,"gold_gain":0,"player_choice":"Ignored","damage_taken":0,"max_hp_gain":0,"max_hp_loss":0,"event_name":"Vampires","floor":19,"gold_loss":0},{"damage_healed":0,"gold_gain":0,"player_choice":"Upgraded","damage_taken":0,"max_hp_gain":0,"max_hp_loss":0,"event_name":"Upgrade Shrine","floor":24,"gold_loss":0,"cards_upgraded":["Consume"]},{"damage_healed":0,"gold_gain":0,"player_choice":"Paid","damage_taken":0,"relics_obtained":["Red Mask"],"max_hp_gain":0,"max_hp_loss":0,"event_name":"Tomb of Lord Red Mask","floor":47,"gold_loss":76}],"is_beta":false,"boss_relics":[{"not_picked":["Ectoplasm","Runic Dome"],"picked":"Astrolabe"},{"not_picked":["Eternal Feather","Inserter"],"picked":"Sozu"}],"items_purged_floors":[20,38],"is_endless":false,"potions_floor_spawned":[2,3,11,14,16,21,23,25,30,31,33,36,44,45],"ascension_level":4}