{"gold_per_floor":[115,115,26,43,43,73,73,38,38,38,69,69,82,110,110,206,206,216,246,256,256,63,63,79,109,109,138,156,156,187,187,187,290,290,309,361,271,286,306,306,317,342,342,342,361,288,388,404,404,404],"floor_reached":50,"playtime":87253,"items_purged":[],"score":794,"play_id":"efd4acac-8f08-4756-8365-6a6c59d8bfb9","local_time":"20190911203427","is_ascension_mode":true,"campfire_choices":[{"floor":7.0,"key":"REST"},{"data":"Catalyst","floor":12.0,"key":"SMITH"},{"data":"Well Laid Plans","floor":15.0,"key":"SMITH"},{"floor":23.0,"key":"RECALL"},{"floor":29.0,"key":"REST"},{"floor":32,"key":"REST"},{"floor":40,"key":"REST"},{"floor":44,"key":"REST"},{"floor":49,"key":"REST"}],"neow_cost":"NONE","seed_source_timestamp":0,"circlet_count":0,"master_deck":["Strike_G","Strike_G","Strike_G","Strike_G","Defend_G","Defend_G","Defend_G","Defend_G","Defend_G","Survivor","Neutralize+1","Dagger Spray","Footwork+1","Deadly Poison","Dagger Throw","Catalyst+1","Well Laid Plans+1","Skewer","Catalyst","Burst","Deadly Poison","Night Terror","Acrobatics","Leg Sweep+1","Catalyst","Deflect","Crippling Poison","Adrenaline","Deadly Poison","Finesse","Setup+1","Concentrate","Backstab+1","Noxious Fumes+1"],"special_seed":0,"relics":["Ring of the Snake","NeowsBlessing","Bird Faced Urn","Ancient Tea Set","Matryoshka","Odd Mushroom","Fusion Hammer","Red Mask","Snake Skull","Blood Vial","Pen Nib","Gambling Chip","Potion Belt","Bottled Lightning","Snecko Eye","Shovel","Ginger","PreservedInsect","Toxic Egg 2"],"potions_floor_usage":[36,50,50,50,50,50],"damage_taken":[{"damage":0.0,"enemies":"Jaw Worm","floor":1.0,"turns":1.0},{"damage":0.0,"enemies":"Small Slimes","floor":4.0,"turns":1.0},{"damage":0.0,"enemies":"Gremlin Nob","floor":6.0,"turns":1.0},{"damage":13.0,"enemies":"3 Sentries","floor":11.0,"turns":12.0},{"damage":0.0,"enemies":"2 Louse","floor":13.0,"turns":2.0},{"damage":6.0,"enemies":"The Mushroom Lair","floor":14.0,"turns":4.0},{"damage":17.0,"enemies":"The Guardian","floor":16.0,"turns":9.0},{"damage":5.0,"enemies":"3 Byrds","floor":18.0,"turns":5.0},{"damage":37.0,"enemies":"Masked Bandits","floor":19.0,"turns":5.0},{"damage":4.0,"enemies":"Chosen","floor":20.0,"turns":4.0},{"damage":1.0,"enemies":"Snecko","floor":24.0,"turns":6.0},{"damage":32.0,"enemies":"Slavers","floor":25.0,"turns":6.0},{"damage":31.0,"enemies":"Gremlin Leader","floor":27.0,"turns":4.0},{"damage":14.0,"enemies":"Shelled Parasite and Fungi","floor":28.0,"turns":5.0},{"damage":0,"enemies":"Book of Stabbing","floor":30,"turns":3},{"damage":25,"enemies":"Collector","floor":33,"turns":4},{"damage":0,"enemies":"Orb Walker","floor":35,"turns":2},{"damage":57,"enemies":"2 Orb Walkers","floor":36,"turns":6},{"damage":0,"enemies":"3 Shapes","floor":38,"turns":6},{"damage":0,"enemies":"Sphere and 2 Shapes","floor":39,"turns":4},{"damage":13,"enemies":"Spire Growth","floor":41,"turns":4},{"damage":34,"enemies":"Nemesis","floor":42,"turns":5},{"damage":16,"enemies":"Writhing Mass","floor":45,"turns":4},{"damage":0,"enemies":"Transient","floor":48,"turns":5},{"damage":67,"enemies":"Awakened One","floor":50,"turns":9}],"seed_played":"2879061492760100162","potions_obtained":[{"floor":4.0,"key":"EssenceOfSteel"},{"floor":11.0,"key":"LiquidBronze"},{"floor":16.0,"key":"Dexterity Potion"},{"floor":25.0,"key":"EssenceOfSteel"},{"floor":28.0,"key":"AttackPotion"},{"floor":35,"key":"LiquidBronze"},{"floor":36,"key":"PowerPotion"}],"is_trial":false,"path_per_floor":["M","?","$","M","?","E","R","?","T","?","E","R","M","?","R","B",null,"M","?","M","?","$","R","M","E","T","E","M","R","E","?","R","B",null,"M","?","$","M","M","R","M","E","T","R","M","$","?","M","R","B"],"character_chosen":"THE_SILENT","items_purchased":["Footwork","Deadly Poison","Snake Skull","Acrobatics","Finesse","GhostInAJar"],"campfire_rested":6,"item_purchase_floors":[3,3,22,22,37,46],"current_hp_per_floor":[63,51,51,51,37,37,58,70,70,63,52,52,54,52,52,39,62,61,28,28,70,70,70,70,42,42,17,9,30,36,23,45,24,62,66,13,13,17,23,45,38,10,10,32,20,20,20,22,44,0],"gold":404,"neow_bonus":"THREE_ENEMY_KILL","is_prod":false,"is_daily":false,"chose_seed":false,"campfire_upgraded":2,"win_rate":0,"timestamp":1568259267,"path_taken":["M","?","$","M","?","E","R","?","T","?","E","R","?","?","R","BOSS","M","?","M","?","$","R","?","E","T","E","M","R","E","?","R","BOSS","M","?","?","M","?","R","M","E","T","R","M","$","?","M","R","BOSS"],"build_version":"2019-07-17","purchased_purges":0,"victory":false,"max_hp_per_floor":[70,70,70,70,70,70,70,70,70,70,70,70,70,70,70,70,70,70,70,70,70,70,70,70,70,70,70,70,70,70,75,75,75,75,75,75,75,75,75,75,75,75,75,75,75,75,75,75,75,75],"card_choices":[{"not_picked":["Infinite Blades","PiercingWail"],"picked":"Dagger Spray","floor":1.0},{"not_picked":["Backflip","Accuracy"],"picked":"Dagger Throw","floor":4.0},{"not_picked":["Deflect","Heel Hook"],"picked":"Catalyst","floor":6.0},{"not_picked":["Backflip","Infinite Blades"],"picked":"Well Laid Plans","floor":11.0},{"not_picked":["Calculated Gamble","Dodge and Roll"],"picked":"Skewer","floor":13.0},{"not_picked":["Bane","Outmaneuver"],"picked":"Catalyst","floor":14.0},{"not_picked":["Grand Finale","Glass Knife"],"picked":"Burst","floor":16.0},{"not_picked":["Dagger Throw","Backflip+1"],"picked":"Deadly Poison","floor":18.0},{"not_picked":["Deadly Poison","Dagger Throw"],"picked":"Night Terror","floor":19.0},{"not_picked":["Dodge and Roll","Riddle With Holes"],"picked":"Concentrate","floor":20.0},{"not_picked":["Terror+1","Dagger Throw+1"],"picked":"Leg Sweep+1","floor":24.0},{"not_picked":["Dagger Throw","Blade Dance"],"picked":"Catalyst","floor":25.0},{"not_picked":["Leg Sweep","Dash+1","Acrobatics"],"picked":"SKIP","floor":27.0},{"not_picked":["Sucker Punch+1","Blade Dance+1"],"picked":"Deflect","floor":28.0},{"not_picked":["Quick Slash","Distraction"],"picked":"Crippling Poison","floor":30},{"not_picked":["Doppelganger","Grand Finale"],"picked":"Adrenaline","floor":33},{"not_picked":["Dagger Spray","Leg Sweep"],"picked":"Deadly Poison","floor":35},{"not_picked":["All Out Attack+1","Underhanded Strike+1"],"picked":"Setup+1","floor":38},{"not_picked":["Masterful Stab+1","Eviscerate"],"picked":"Concentrate","floor":39},{"not_picked":["Flying Knee","Quick Slash+1"],"picked":"Backstab+1","floor":41},{"not_picked":["Grand Finale","Riddle With Holes","Dash+1"],"picked":"SKIP","floor":42},{"not_picked":["Accuracy","Deflect+1","Cloak And Dagger+1"],"picked":"SKIP","floor":45},{"not_picked":["Backstab","Dagger Throw+1"],"picked":"Noxious Fumes+1","floor":48}],"player_experience":3250110,"relics_obtained":[{"floor":6.0,"key":"Ancient Tea Set"},{"floor":11.0,"key":"Matryoshka"},{"floor":14.0,"key":"Odd Mushroom"},{"floor":19.0,"key":"Red Mask"},{"floor":25.0,"key":"Blood Vial"},{"floor":26.0,"key":"Pen Nib"},{"floor":26.0,"key":"Gambling Chip"},{"floor":27.0,"key":"Potion Belt"},{"floor":30,"key":"Bottled Lightning"},{"floor":36,"key":"Shovel"},{"floor":42,"key":"Ginger"},{"floor":43,"key":"PreservedInsect"},{"floor":43,"key":"Toxic Egg 2"}],"event_choices":[{"damage_healed":0.0,"max_hp_gain":0.0,"max_hp_loss":0.0,"gold_gain":0.0,"event_name":"Scrap Ooze","player_choice":"Success","floor":2.0,"gold_loss":0.0,"damage_taken":12.0,"relics_obtained":["Bird Faced Urn"]},{"damage_healed":0.0,"max_hp_gain":0.0,"max_hp_loss":0.0,"gold_gain":0.0,"event_name":"Shining Light","player_choice":"Entered Light","floor":5.0,"gold_loss":0.0,"damage_taken":14.0,"cards_upgraded":["Footwork","Neutralize"]},{"damage_healed":17.0,"max_hp_gain":0.0,"max_hp_loss":0.0,"gold_gain":0.0,"event_name":"The Cleric","player_choice":"Healed","floor":8.0,"gold_loss":35.0,"damage_taken":0.0},{"cards_removed":["Strike_G"],"damage_healed":0.0,"max_hp_gain":0.0,"max_hp_loss":0.0,"gold_gain":0.0,"event_name":"Golden Wing","player_choice":"Card Removal","floor":10.0,"gold_loss":0.0,"damage_taken":7.0},{"damage_healed":0.0,"max_hp_gain":0.0,"max_hp_loss":0.0,"gold_gain":0.0,"event_name":"Mushrooms","player_choice":"Fought Mushrooms","floor":14.0,"gold_loss":0.0,"damage_taken":0.0},{"damage_healed":0.0,"max_hp_gain":0.0,"max_hp_loss":0.0,"gold_gain":0.0,"event_name":"Masked Bandits","player_choice":"Fought Bandits","floor":19.0,"gold_loss":0.0,"damage_taken":0.0},{"cards_removed":["Concentrate"],"damage_healed":42.0,"max_hp_gain":0.0,"max_hp_loss":0.0,"gold_gain":0.0,"event_name":"Bonfire Elementals","player_choice":"Offered Uncommon","floor":21.0,"gold_loss":0.0,"damage_taken":0.0},{"damage_healed":0,"gold_gain":0,"player_choice":"Shed Blood","damage_taken":18,"max_hp_gain":5,"max_hp_loss":0,"event_name":"Forgotten Altar","floor":31,"gold_loss":0},{"damage_healed":0,"gold_gain":0,"player_choice":"Fight","damage_taken":0,"max_hp_gain":0,"max_hp_loss":0,"event_name":"Mysterious Sphere","floor":36,"gold_loss":0},{"damage_healed":0,"gold_gain":100,"player_choice":"Pray","damage_taken":0,"max_hp_gain":0,"max_hp_loss":0,"event_name":"Golden Shrine","floor":47,"gold_loss":0}],"is_beta":false,"boss_relics":[{"not_picked":["Ectoplasm","Philosopher\u0027s Stone"],"picked":"Fusion Hammer"},{"not_picked":["Orrery","Velvet Choker"],"picked":"Snecko Eye"}],"items_purged_floors":[],"is_endless":false,"potions_floor_spawned":[4,11,16,19,20,25,28,35,36,48],"killed_by":"Awakened One","ascension_level":6}