{"gold_per_floor":[12,12,28,46,46,86,101,126,152,152,152,173,217,217,217,336,336,349,349,372,372,372,412,412,428,428,440,476,488,410,435,447,459],"floor_reached":33,"playtime":2026,"items_purged":[],"score":374,"play_id":"2747c833-cdb1-4527-8613-effd0f07c437","local_time":"20191014111619","is_ascension_mode":true,"campfire_choices":[{"data":"Malaise","floor":11,"key":"SMITH"},{"data":"Noxious Fumes","floor":15,"key":"SMITH"},{"floor":24,"key":"REST"},{"data":"Burst","floor":27,"key":"SMITH"},{"data":"Bouncing Flask","floor":32,"key":"SMITH"}],"neow_cost":"NO_GOLD","seed_source_timestamp":248054709982500,"circlet_count":0,"master_deck":["Strike_G","Strike_G","Strike_G","Defend_G+1","Defend_G","Defend_G","Defend_G","Defend_G","Survivor","Neutralize","Malaise+1","Noxious Fumes+1","Infinite Blades","Poisoned Stab","Quick Slash","All Out Attack","Dagger Spray","Backstab","Blur","Burst+1","CurseOfTheBell","Deflect","PiercingWail","RitualDagger","Bouncing Flask+1","Cloak And Dagger+1","Backflip"],"relics":["Ring of the Snake","Golden Idol","Anchor","Blood Vial","Dream Catcher","Calling Bell","Juzu Bracelet","Gremlin Horn","Torii","MutagenicStrength","Centennial Puzzle","MawBank"],"potions_floor_usage":[16,20,20,23,33,33],"damage_taken":[{"damage":2,"enemies":"Cultist","floor":1,"turns":5},{"damage":0,"enemies":"2 Louse","floor":3,"turns":3},{"damage":0,"enemies":"Jaw Worm","floor":4,"turns":6},{"damage":23,"enemies":"3 Sentries","floor":6,"turns":8},{"damage":2,"enemies":"Gremlin Gang","floor":7,"turns":5},{"damage":0,"enemies":"Looter","floor":8,"turns":3},{"damage":0,"enemies":"3 Louse","floor":12,"turns":3},{"damage":6,"enemies":"Lagavulin","floor":13,"turns":7},{"damage":2,"enemies":"Hexaghost","floor":16,"turns":8},{"damage":0,"enemies":"3 Byrds","floor":18,"turns":4},{"damage":12,"enemies":"Spheric Guardian","floor":20,"turns":7},{"damage":26,"enemies":"Gremlin Leader","floor":23,"turns":8},{"damage":2,"enemies":"3 Cultists","floor":25,"turns":5},{"damage":1,"enemies":"Cultist and Chosen","floor":28,"turns":7},{"damage":4,"enemies":"Snake Plant","floor":31,"turns":8},{"damage":60,"enemies":"Collector","floor":33,"turns":8}],"seed_played":"6604971013131914642","potions_obtained":[{"floor":4,"key":"Ancient Potion"},{"floor":6,"key":"Poison Potion"},{"floor":7,"key":"Poison Potion"},{"floor":13,"key":"Swift Potion"},{"floor":18,"key":"Swift Potion"},{"floor":20,"key":"Energy Potion"},{"floor":31,"key":"SteroidPotion"}],"is_trial":false,"path_per_floor":["M","?","M","M","?","E","M","M","T","?","R","M","E","?","R","B",null,"M","?","M","?","?","E","R","M","T","R","M","?","?","M","R","B"],"character_chosen":"THE_SILENT","items_purchased":[],"campfire_rested":1,"item_purchase_floors":[],"current_hp_per_floor":[61,61,61,61,61,38,36,36,36,36,36,38,34,34,34,34,57,59,59,49,43,43,19,38,38,38,38,39,60,60,58,58,0],"gold":459,"neow_bonus":"THREE_RARE_CARDS","is_prod":false,"is_daily":false,"chose_seed":false,"campfire_upgraded":4,"win_rate":0,"timestamp":1571069779,"path_taken":["M","?","M","M","?","E","?","M","T","?","R","?","E","?","R","BOSS","M","?","M","?","?","E","R","M","T","R","M","?","?","M","R","BOSS"],"build_version":"2019-10-11","purchased_purges":0,"victory":false,"max_hp_per_floor":[70,65,65,65,65,65,65,65,65,65,65,65,65,65,65,65,65,65,65,65,65,65,65,65,65,65,65,65,65,65,65,65,65],"card_choices":[{"not_picked":["Corpse Explosion","Phantasmal Killer"],"picked":"Malaise","floor":0},{"not_picked":["Acrobatics","Underhanded Strike"],"picked":"Noxious Fumes","floor":1},{"not_picked":["Eviscerate","PiercingWail"],"picked":"Infinite Blades","floor":3},{"not_picked":["Dodge and Roll","Expertise"],"picked":"Poisoned Stab","floor":4},{"not_picked":["Reflex","Masterful Stab"],"picked":"Quick Slash","floor":6},{"not_picked":["Slice","Underhanded Strike"],"picked":"All Out Attack","floor":7},{"not_picked":["Masterful Stab","Blade Dance"],"picked":"Dagger Spray","floor":8},{"not_picked":["Expertise","Dodge and Roll"],"picked":"Backstab","floor":12},{"not_picked":["Flying Knee","Burst"],"picked":"Blur","floor":13},{"not_picked":["Doppelganger","Venomology"],"picked":"Burst","floor":16},{"not_picked":["Slice+1","Calculated Gamble"],"picked":"Deflect","floor":18},{"not_picked":["Distraction","Cloak And Dagger"],"picked":"PiercingWail","floor":20},{"not_picked":["Bane","Outmaneuver+1"],"picked":"Bouncing Flask","floor":23},{"not_picked":["Doppelganger","Underhanded Strike"],"picked":"Cloak And Dagger+1","floor":24},{"not_picked":["Flying Knee","Terror","Dodge and Roll"],"picked":"SKIP","floor":25},{"not_picked":["Prepared","Slice","Outmaneuver+1"],"picked":"SKIP","floor":28},{"not_picked":["Blade Dance","Prepared"],"picked":"Backflip","floor":31}],"player_experience":481970,"relics_obtained":[{"floor":6,"key":"Anchor"},{"floor":9,"key":"Blood Vial"},{"floor":13,"key":"Dream Catcher"},{"floor":17,"key":"Juzu Bracelet"},{"floor":17,"key":"Gremlin Horn"},{"floor":17,"key":"Torii"},{"floor":23,"key":"Centennial Puzzle"},{"floor":26,"key":"MawBank"}],"event_choices":[{"damage_healed":0,"gold_gain":0,"player_choice":"Lose Max HP","damage_taken":0,"relics_obtained":["Golden Idol"],"max_hp_gain":0,"max_hp_loss":5,"event_name":"Golden Idol","floor":2,"gold_loss":0},{"cards_removed":["Strike_G"],"damage_healed":0,"gold_gain":0,"player_choice":"Offered Basic","damage_taken":0,"max_hp_gain":0,"max_hp_loss":0,"event_name":"Bonfire Elementals","floor":5,"gold_loss":0},{"damage_healed":0,"gold_gain":0,"player_choice":"Bought 0 Potions","damage_taken":0,"max_hp_gain":0,"max_hp_loss":0,"event_name":"The Woman in Blue","floor":10,"gold_loss":0},{"damage_healed":0,"gold_gain":0,"player_choice":"Ignored","damage_taken":0,"max_hp_gain":0,"max_hp_loss":0,"event_name":"Liars Game","floor":14,"gold_loss":0},{"damage_healed":0,"gold_gain":0,"player_choice":"Inject Mutagens","damage_taken":0,"relics_obtained":["MutagenicStrength"],"max_hp_gain":0,"max_hp_loss":0,"event_name":"Drug Dealer","floor":19,"gold_loss":0},{"damage_healed":0,"gold_gain":0,"player_choice":"Joined the Cult","damage_taken":6,"max_hp_gain":0,"max_hp_loss":0,"event_name":"Nest","floor":21,"gold_loss":0,"cards_obtained":["RitualDagger"]},{"damage_healed":0,"gold_gain":0,"player_choice":"Ignored","damage_taken":0,"max_hp_gain":0,"max_hp_loss":0,"event_name":"Ghosts","floor":22,"gold_loss":0},{"damage_healed":21,"gold_gain":0,"player_choice":"Heal","damage_taken":0,"max_hp_gain":0,"max_hp_loss":0,"event_name":"The Library","floor":29,"gold_loss":0},{"cards_removed":["Strike_G"],"damage_healed":0,"gold_gain":0,"player_choice":"Upgrade and Remove","damage_taken":0,"max_hp_gain":0,"max_hp_loss":0,"event_name":"Designer","floor":30,"gold_loss":90,"cards_upgraded":["Defend_G"]}],"is_beta":true,"boss_relics":[{"not_picked":["Black Star","HoveringKite"],"picked":"Calling Bell"}],"items_purged_floors":[],"is_endless":false,"potions_floor_spawned":[4,6,7,12,13,18,20,31],"killed_by":"Collector","ascension_level":7}