{"path_per_floor":["M","?","M","M","M","R","?","R","T","$","M","R","M","$","R","B",null,"M","?","?","M","M","R","?","M","T","M","M"],"character_chosen":"THE_SILENT","items_purchased":["Noxious Fumes"],"gold_per_floor":[112,112,123,135,154,154,154,154,154,79,90,90,104,69,69,171,201,219,219,219,232,247,247,247,263,263,263,275,275],"floor_reached":29,"campfire_rested":0,"playtime":2905,"current_hp_per_floor":[70,70,70,70,61,61,61,61,75,75,64,64,64,64,64,29,89,82,82,66,61,39,39,39,35,35,25,8,0],"items_purged":["Strike_G"],"gold":275,"score":244,"play_id":"1a66c3d1-259d-4594-b758-b203b342e36d","local_time":"20180520162639","is_prod":false,"is_daily":false,"chose_seed":false,"is_ascension_mode":false,"campfire_upgraded":5,"timestamp":1526858799,"campfire_choices":[{"data":"Survivor","floor":6,"key":"SMITH"},{"data":"Deadly Poison","floor":8,"key":"SMITH"},{"data":"Prepared","floor":12,"key":"SMITH"},{"data":"Noxious Fumes","floor":15,"key":"SMITH"},{"data":"Phantasmal Killer","floor":23,"key":"SMITH"}],"path_taken":["M","?","M","M","M","R","?","R","T","$","?","R","M","$","R","BOSS","M","?","?","M","?","R","?","M","T","?","M","M"],"build_version":"2018-05-17","seed_source_timestamp":55929583732533,"purchased_purges":1,"victory":false,"master_deck":["Defend_G","Defend_G","Defend_G","Defend_G","Defend_G","Strike_G","Strike_G+1","Strike_G","Strike_G","Survivor+1","Neutralize","Bane","Prepared+1","Deadly Poison+1","Poisoned Stab","Noxious Fumes+1","Phantasmal Killer+1"],"max_hp_per_floor":[70,70,70,70,70,70,70,70,84,84,84,84,84,84,84,84,89,89,89,89,89,89,89,89,89,89,89,89,89],"relics":["Ring of the Snake","Mango","Tiny House","Nilry\u0027s Codex","Dodecahedron"],"card_choices":[{"not_picked":["Slice","Skewer"],"picked":"Bane","floor":0},{"not_picked":["PiercingWail","Distraction","Acrobatics"],"picked":"SKIP","floor":1},{"not_picked":["Sucker Punch","Bane"],"picked":"Prepared","floor":3},{"not_picked":["Prepared","Outmaneuver"],"picked":"Deadly Poison","floor":4},{"not_picked":["Riddle With Holes","Slice","Finisher"],"picked":"SKIP","floor":5},{"not_picked":["After Image","Underhanded Strike","Prepared"],"picked":"SKIP","floor":11},{"not_picked":["Bane","Backstab"],"picked":"Poisoned Stab","floor":13},{"not_picked":["Venomology","Corpse Explosion"],"picked":"Phantasmal Killer","floor":16},{"not_picked":["Prepared","Acrobatics+1","Poisoned Stab"],"picked":"SKIP","floor":18},{"not_picked":["Reflex","Phantasmal Killer","Distraction+1"],"picked":"SKIP","floor":21},{"not_picked":["Caltrops+1","Outmaneuver+1","Underhanded Strike+1"],"picked":"SKIP","floor":22},{"not_picked":["PiercingWail+1","Heel Hook","Slice"],"picked":"SKIP","floor":25},{"not_picked":["Deadly Poison","Acrobatics","Slice"],"picked":"SKIP","floor":28}],"player_experience":259778,"potions_floor_usage":[5,16,22,22,25,25,27],"damage_taken":[{"damage":0,"enemies":"Cultist","floor":1,"turns":3},{"damage":0,"enemies":"2 Louse","floor":3,"turns":3},{"damage":0,"enemies":"Small Slimes","floor":4,"turns":5},{"damage":9,"enemies":"Blue Slaver","floor":5,"turns":4},{"damage":11,"enemies":"Exordium Thugs","floor":11,"turns":6},{"damage":0,"enemies":"Looter","floor":13,"turns":3},{"damage":35,"enemies":"Hexaghost","floor":16,"turns":8},{"damage":7,"enemies":"Spheric Guardian","floor":18,"turns":5},{"damage":5,"enemies":"Shell Parasite","floor":21,"turns":7},{"damage":22,"enemies":"Snecko","floor":22,"turns":4},{"damage":18,"enemies":"3 Cultists","floor":25,"turns":6},{"damage":10,"enemies":"Slaver and Parasite","floor":27,"turns":3},{"damage":17,"enemies":"Centurion and Healer","floor":28,"turns":8},{"damage":10,"enemies":"Snake Plant","floor":29,"turns":2}],"relics_obtained":[{"floor":9,"key":"Mango"},{"floor":20,"key":"Nilry\u0027s Codex"},{"floor":26,"key":"Dodecahedron"}],"event_choices":[{"event_name":"Liars Game","player_choice":"disagreed","floor":2,"damage_taken":0},{"event_name":"Match and Keep!","player_choice":"0 cards matched","floor":7,"damage_taken":0},{"event_name":"Drug Dealer","player_choice":"Ignored","floor":19,"damage_taken":0},{"event_name":"Cursed Tome","player_choice":"Obtained Book","floor":20,"damage_taken":0},{"event_name":"The Mausoleum","player_choice":"No","floor":24,"damage_taken":0}],"boss_relics":[{"not_picked":["Calling Bell","Runic Dome"],"picked":"Tiny House"}],"potions_floor_spawned":[4,5,11,18,22,27],"seed_played":"-4895653303440275113","killed_by":"Snake Plant","ascension_level":0,"potions_obtained":[{"floor":4,"key":"AttackPotion"},{"floor":5,"key":"PowerPotion"},{"floor":11,"key":"SmokeBomb"},{"floor":17,"key":"EntropicBrew"},{"floor":18,"key":"Block Potion"}],"is_trial":false}