{"gold_per_floor":[119,4,19,119,130,130,160,160,186,186,197,228,239,258,258,360,360,379,70,90,90],"floor_reached":21,"playtime":962,"items_purged":[],"score":220,"play_id":"3b976ce1-6aee-4d41-aa20-9d45626844b8","local_time":"20191004172601","is_ascension_mode":true,"campfire_choices":[{"data":"Eruption","floor":6.0,"key":"SMITH"},{"floor":8.0,"key":"REST"},{"data":"TalkToTheHand","floor":10.0,"key":"SMITH"},{"floor":15.0,"key":"REST"}],"neow_cost":"NONE","seed_source_timestamp":0,"circlet_count":0,"master_deck":["Strike_P","Strike_P","Strike_P","Strike_P","Defend_P","Defend_P","Defend_P","Defend_P","Eruption+1","Vigilance","ReachHeaven","ClearTheMind","EmptyMind","Conclude","BowlingBash","TalkToTheHand+1","CarveReality","CutThroughFate","BattleHymn","ThirdEye","Pray","BowlingBash+1"],"special_seed":0,"relics":["PureWater","Regal Pillow","Bag of Preparation","Oddly Smooth Stone","SlaversCollar","Incense Burner"],"potions_floor_usage":[],"damage_taken":[{"damage":8.0,"enemies":"2 Louse","floor":1.0,"turns":2.0},{"damage":0.0,"enemies":"Cultist","floor":3.0,"turns":2.0},{"damage":2.0,"enemies":"Jaw Worm","floor":5.0,"turns":3.0},{"damage":30.0,"enemies":"Lagavulin","floor":7.0,"turns":4.0},{"damage":0.0,"enemies":"3 Louse","floor":11.0,"turns":2.0},{"damage":28.0,"enemies":"Gremlin Nob","floor":12.0,"turns":4.0},{"damage":2.0,"enemies":"Looter","floor":13.0,"turns":2.0},{"damage":2.0,"enemies":"Blue Slaver","floor":14.0,"turns":5.0},{"damage":34.0,"enemies":"Hexaghost","floor":16.0,"turns":9.0},{"damage":9.0,"enemies":"Chosen","floor":18.0,"turns":6.0},{"damage":13.0,"enemies":"2 Thieves","floor":20.0,"turns":4.0},{"damage":34,"enemies":"Shelled Parasite and Fungi","floor":21,"turns":8}],"seed_played":"-2247036465988853021","potions_obtained":[{"floor":3.0,"key":"SneckoOil"},{"floor":5.0,"key":"SpeedPotion"},{"floor":14.0,"key":"GamblersBrew"}],"is_trial":false,"path_per_floor":["M","$","M","?","M","R","E","R","T","R","M","E","M","M","R","B",null,"M","$","M","M"],"character_chosen":"WATCHER","items_purchased":["EmptyMind","Conclude","Incense Burner"],"campfire_rested":2,"item_purchase_floors":[2,2,19],"current_hp_per_floor":[64,64,64,64,62,62,32,68,68,68,68,40,38,36,72,38,72,63,63,50,16],"gold":90,"neow_bonus":"ONE_RANDOM_RARE_CARD","is_prod":false,"is_daily":false,"chose_seed":false,"campfire_upgraded":2,"win_rate":0,"timestamp":1570235161,"path_taken":["M","$","M","?","M","R","E","R","T","R","M","E","M","?","R","BOSS","M","$","M","M"],"build_version":"2019-10-04","purchased_purges":0,"victory":false,"max_hp_per_floor":[72,72,72,72,72,72,72,72,72,72,72,72,72,72,72,72,72,72,72,72,72],"card_choices":[{"not_picked":["FlyingSleeves","Sanctity"],"picked":"ClearTheMind","floor":1.0},{"not_picked":["Protect","EmptyBody"],"picked":"BowlingBash","floor":3.0},{"not_picked":["CarveReality","Prostrate"],"picked":"TalkToTheHand","floor":5.0},{"not_picked":["EmptyBody","Prostrate"],"picked":"CarveReality","floor":7.0},{"not_picked":["Weave","Crescendo"],"picked":"CutThroughFate","floor":11.0},{"not_picked":["Tantrum","TalkToTheHand"],"picked":"BattleHymn","floor":12.0},{"not_picked":["SandsOfTime","EmptyBody"],"picked":"ThirdEye","floor":13.0},{"not_picked":["Vengeance","Indignation","EmptyFist"],"picked":"SKIP","floor":14.0},{"not_picked":["SignatureMove","Omniscience"],"picked":"Pray","floor":16.0},{"not_picked":["BowlingBash","Crescendo+1","Consecrate"],"picked":"SKIP","floor":18.0},{"not_picked":["Halt","JustLucky"],"picked":"BowlingBash+1","floor":20.0}],"player_experience":67899,"relics_obtained":[{"floor":7.0,"key":"Regal Pillow"},{"floor":9.0,"key":"Bag of Preparation"},{"floor":12.0,"key":"Oddly Smooth Stone"}],"event_choices":[{"damage_healed":0.0,"max_hp_gain":0.0,"max_hp_loss":0.0,"gold_gain":100.0,"event_name":"Golden Shrine","player_choice":"Pray","floor":4.0,"gold_loss":0.0,"damage_taken":0.0}],"is_beta":true,"boss_relics":[{"not_picked":["Tiny House","HolyWater"],"picked":"SlaversCollar"}],"items_purged_floors":[],"is_endless":false,"potions_floor_spawned":[3,5,14,16,18],"killed_by":"Shelled Parasite and Fungi","ascension_level":3}