{"gold_per_floor":[115,133,133,148,223,257,257,289,312,366,391,391,408,12,12,109,109,122,122,136,136,150,175,186,218,218,248,228,241,19,32,32,129,129,147,18,38,58,75,108,108],"floor_reached":41,"playtime":2519,"items_purged":[],"score":827,"play_id":"f7090ab7-6eea-4e1d-80dd-a3215c30c207","local_time":"20191016222559","is_ascension_mode":true,"campfire_choices":[{"floor":7,"key":"REST"},{"floor":12,"key":"REST"},{"data":"Heavy Blade","floor":15,"key":"SMITH"},{"floor":32,"key":"REST"}],"neow_cost":"PERCENT_DAMAGE","seed_source_timestamp":460544162811400,"circlet_count":0,"master_deck":["Strike_R","Strike_R","Strike_R","Strike_R","Strike_R","Defend_R","Defend_R","Defend_R","Defend_R","Bash","Flex","Uppercut+1","Body Slam","Headbutt","Demon Form","Heavy Blade+1","Pummel","Double Tap","Whirlwind","Necronomicurse","True Grit","Heavy Blade+1","Dual Wield","Armaments","Inflame","Ghostly Armor","Perfected Strike+1","Offering","Seeing Red+1","True Grit","Warcry+1"],"relics":["Burning Blood","Pen Nib","PreservedInsect","Bag of Preparation","Orichalcum","InkBottle","Lee\u0027s Waffle","Kunai","SacredBark","Necronomicon","Gremlin Horn","Ancient Tea Set","Sundial","Paper Frog","OrangePellets","Runic Pyramid","Happy Flower"],"potions_floor_usage":[6,8,11,16,22,23,25,27,27,29,29,33,38,39,40,41],"damage_taken":[{"damage":5,"enemies":"2 Louse","floor":1,"turns":4},{"damage":7,"enemies":"Small Slimes","floor":2,"turns":4},{"damage":7,"enemies":"Jaw Worm","floor":4,"turns":3},{"damage":32,"enemies":"Lagavulin","floor":6,"turns":6},{"damage":40,"enemies":"3 Sentries","floor":8,"turns":8},{"damage":13,"enemies":"Gremlin Nob","floor":11,"turns":3},{"damage":8,"enemies":"Exordium Thugs","floor":13,"turns":3},{"damage":33,"enemies":"Slime Boss","floor":16,"turns":7},{"damage":5,"enemies":"Chosen","floor":18,"turns":4},{"damage":17,"enemies":"Shell Parasite","floor":20,"turns":4},{"damage":5,"enemies":"Sentry and Sphere","floor":22,"turns":3},{"damage":33,"enemies":"Book of Stabbing","floor":23,"turns":5},{"damage":1,"enemies":"Snecko","floor":24,"turns":3},{"damage":28,"enemies":"Gremlin Leader","floor":25,"turns":4},{"damage":0,"enemies":"Slavers","floor":27,"turns":1},{"damage":6,"enemies":"3 Cultists","floor":29,"turns":4},{"damage":0,"enemies":"Snake Plant","floor":31,"turns":2},{"damage":48,"enemies":"Champ","floor":33,"turns":7},{"damage":5,"enemies":"Orb Walker","floor":35,"turns":3},{"damage":27,"enemies":"3 Shapes","floor":37,"turns":5},{"damage":22,"enemies":"Maw","floor":38,"turns":5},{"damage":14,"enemies":"4 Shapes","floor":39,"turns":5},{"damage":17,"enemies":"Nemesis","floor":40,"turns":3},{"damage":34,"enemies":"Writhing Mass","floor":41,"turns":2}],"seed_played":"-5237276790635958351","potions_obtained":[{"floor":1,"key":"SkillPotion"},{"floor":2,"key":"AttackPotion"},{"floor":6,"key":"SteroidPotion"},{"floor":8,"key":"SkillPotion"},{"floor":13,"key":"FearPotion"},{"floor":18,"key":"Weak Potion"},{"floor":19,"key":"EntropicBrew"},{"floor":19,"key":"SneckoOil"},{"floor":20,"key":"Fire Potion"},{"floor":24,"key":"DistilledChaos"},{"floor":28,"key":"Dexterity Potion"},{"floor":31,"key":"SteroidPotion"},{"floor":37,"key":"LiquidMemories"},{"floor":38,"key":"SkillPotion"}],"is_trial":false,"path_per_floor":["M","M","?","M","?","E","R","E","T","T","E","R","M","$","R","B",null,"M","?","M","?","M","E","M","E","T","E","?","M","$","M","R","B",null,"M","$","M","M","M","E","M"],"character_chosen":"IRONCLAD","items_purchased":["Lee\u0027s Waffle","Kunai","Ghostly Armor","OrangePellets","True Grit","DuplicationPotion"],"campfire_rested":3,"item_purchase_floors":[14,14,30,30,36,36],"current_hp_per_floor":[68,67,67,66,55,29,57,23,23,23,16,44,42,103,103,76,96,97,97,86,70,71,44,49,27,27,33,33,33,33,39,69,27,84,85,85,64,48,40,29,0],"gold":108,"neow_bonus":"TWENTY_PERCENT_HP_BONUS","is_prod":false,"is_daily":false,"chose_seed":false,"campfire_upgraded":1,"win_rate":0,"timestamp":1571282759,"path_taken":["M","M","?","M","?","E","R","E","T","?","E","R","M","$","R","BOSS","M","?","?","?","M","E","M","E","T","E","?","?","$","M","R","BOSS","M","$","M","M","M","E","M"],"build_version":"2019-10-16","purchased_purges":0,"victory":false,"max_hp_per_floor":[96,96,96,96,96,96,96,96,96,96,96,96,96,103,103,103,103,103,103,103,103,103,103,103,103,103,103,103,103,103,103,103,103,103,103,103,103,103,103,103,103],"card_choices":[{"not_picked":["Intimidate","Rupture"],"picked":"Flex","floor":1},{"not_picked":["Blood for Blood","Cleave"],"picked":"Uppercut","floor":2},{"not_picked":["Rupture","Cleave"],"picked":"Body Slam","floor":4},{"not_picked":["Disarm","Body Slam"],"picked":"Headbutt","floor":6},{"not_picked":["Evolve","Burning Pact"],"picked":"Demon Form","floor":8},{"not_picked":["Iron Wave","Body Slam"],"picked":"Heavy Blade","floor":11},{"not_picked":["Perfected Strike","Wild Strike"],"picked":"Pummel","floor":13},{"not_picked":["Brutality","Feed"],"picked":"Double Tap","floor":16},{"not_picked":["Metallicize+1","Flex"],"picked":"Whirlwind","floor":18},{"not_picked":["Iron Wave","Sword Boomerang","Body Slam"],"picked":"SKIP","floor":20},{"not_picked":["Body Slam","Bludgeon"],"picked":"True Grit","floor":22},{"not_picked":["Body Slam","Infernal Blade"],"picked":"Heavy Blade+1","floor":23},{"not_picked":["Sword Boomerang","Rampage"],"picked":"Dual Wield","floor":24},{"not_picked":["Sentinel+1","Havoc"],"picked":"Armaments","floor":25},{"not_picked":["Sentinel","Evolve"],"picked":"Inflame","floor":27},{"not_picked":["Seeing Red","Headbutt","Thunderclap+1"],"picked":"SKIP","floor":29},{"not_picked":["True Grit","Uppercut"],"picked":"Perfected Strike+1","floor":31},{"not_picked":["Juggernaut","Barricade"],"picked":"Offering","floor":33},{"not_picked":["Hemokinesis","Wild Strike"],"picked":"Seeing Red+1","floor":35},{"not_picked":["Inflame","Whirlwind"],"picked":"Warcry+1","floor":37},{"not_picked":["Havoc","Flex","Wild Strike+1"],"picked":"SKIP","floor":38},{"not_picked":["Carnage+1","Heavy Blade+1","Clash"],"picked":"SKIP","floor":39},{"not_picked":["Fire Breathing","Uppercut","Anger"],"picked":"SKIP","floor":40}],"player_experience":530957,"relics_obtained":[{"floor":6,"key":"Pen Nib"},{"floor":8,"key":"PreservedInsect"},{"floor":9,"key":"Bag of Preparation"},{"floor":10,"key":"Orichalcum"},{"floor":11,"key":"InkBottle"},{"floor":21,"key":"Necronomicon"},{"floor":23,"key":"Gremlin Horn"},{"floor":25,"key":"Ancient Tea Set"},{"floor":26,"key":"Sundial"},{"floor":27,"key":"Paper Frog"},{"floor":40,"key":"Happy Flower"}],"event_choices":[{"damage_healed":0,"gold_gain":0,"player_choice":"Grow","damage_taken":0,"max_hp_gain":0,"max_hp_loss":0,"event_name":"Living Wall","floor":3,"gold_loss":0,"cards_upgraded":["Uppercut"]},{"damage_healed":0,"gold_gain":75,"player_choice":"Gather Gold","damage_taken":11,"max_hp_gain":0,"max_hp_loss":0,"event_name":"World of Goop","floor":5,"gold_loss":0},{"damage_healed":0,"gold_gain":0,"player_choice":"Got Potions","damage_taken":0,"max_hp_gain":0,"max_hp_loss":0,"event_name":"Lab","floor":19,"gold_loss":0},{"damage_healed":0,"gold_gain":0,"player_choice":"Obtained Book","damage_taken":16,"max_hp_gain":0,"max_hp_loss":0,"event_name":"Cursed Tome","floor":21,"gold_loss":0},{"damage_healed":0,"gold_gain":0,"player_choice":"Bought 1 Potion","damage_taken":0,"max_hp_gain":0,"max_hp_loss":0,"event_name":"The Woman in Blue","floor":28,"gold_loss":0}],"is_beta":true,"boss_relics":[{"not_picked":["Fusion Hammer","Empty Cage"],"picked":"SacredBark"},{"not_picked":["Tiny House","Black Blood"],"picked":"Runic Pyramid"}],"items_purged_floors":[],"is_endless":false,"potions_floor_spawned":[1,2,6,8,13,18,20,24,31,37,38],"killed_by":"Writhing Mass","ascension_level":9}