{"gold_per_floor":[113,113,124,140,156,156,189,189,214,214,232,7,34,50,50,149,149,159,171,171,131,151,151,168,168,220,220],"floor_reached":27,"playtime":1875,"items_purged":[],"score":273,"play_id":"f5e28b89-2691-4227-a1c9-e96c6193dca0","local_time":"20190813173916","is_ascension_mode":true,"campfire_choices":[{"data":"Berserk","floor":6,"key":"SMITH"},{"data":"Limit Break","floor":8,"key":"SMITH"},{"data":"Inflame","floor":10,"key":"SMITH"},{"floor":15,"key":"REST"},{"floor":23,"key":"REST"},{"floor":25,"key":"REST"}],"neow_cost":"NONE","seed_source_timestamp":186668503567400,"circlet_count":0,"master_deck":["Defend_R","Defend_R","Defend_R","Defend_R","Bash","Seeing Red","Berserk+1","Cleave","Inflame+1","Heavy Blade+1","Limit Break+1","Dual Wield","Dual Wield","Immolate","Burning Pact+1","Flex","Bite","Bite","Bite","Bite","Bite","Pommel Strike","Shrug It Off+1"],"relics":["Burning Blood","NeowsBlessing","Pen Nib","Smiling Mask","Oddly Smooth Stone","Bronze Scales","Sozu","Regal Pillow"],"potions_floor_usage":[5,7,16],"damage_taken":[{"damage":0,"enemies":"Cultist","floor":1,"turns":1},{"damage":0,"enemies":"2 Louse","floor":3,"turns":1},{"damage":0,"enemies":"Jaw Worm","floor":4,"turns":1},{"damage":9,"enemies":"3 Louse","floor":5,"turns":3},{"damage":31,"enemies":"3 Sentries","floor":7,"turns":6},{"damage":7,"enemies":"Gremlin Gang","floor":11,"turns":3},{"damage":24,"enemies":"Gremlin Nob","floor":13,"turns":3},{"damage":12,"enemies":"2 Fungi Beasts","floor":14,"turns":3},{"damage":40,"enemies":"Hexaghost","floor":16,"turns":6},{"damage":24,"enemies":"3 Byrds","floor":18,"turns":4},{"damage":22,"enemies":"Shell Parasite","floor":19,"turns":4},{"damage":18,"enemies":"Cultist and Chosen","floor":22,"turns":3},{"damage":45,"enemies":"3 Cultists","floor":24,"turns":4},{"damage":54,"enemies":"Slavers","floor":27,"turns":3}],"seed_played":"8581746640044437753","potions_obtained":[{"floor":4,"key":"EssenceOfSteel"},{"floor":5,"key":"AttackPotion"},{"floor":14,"key":"Energy Potion"}],"is_trial":false,"path_per_floor":["M","?","M","M","M","R","E","R","T","R","M","$","E","M","R","B",null,"M","M","?","?","M","R","M","R","T","E"],"character_chosen":"IRONCLAD","items_purchased":["Dual Wield","Oddly Smooth Stone"],"campfire_rested":3,"item_purchase_floors":[12,12],"current_hp_per_floor":[80,80,80,80,77,77,52,52,52,52,51,51,33,27,51,17,80,62,46,46,46,38,54,25,41,41,0],"gold":220,"neow_bonus":"THREE_ENEMY_KILL","is_prod":false,"is_daily":false,"chose_seed":false,"campfire_upgraded":3,"win_rate":0,"timestamp":1565735956,"path_taken":["M","?","M","M","?","R","E","R","T","R","M","?","E","M","R","BOSS","M","?","?","?","M","R","?","R","T","E"],"build_version":"2019-07-17","purchased_purges":0,"victory":false,"max_hp_per_floor":[80,80,80,80,80,80,80,80,80,80,80,80,80,80,80,80,80,80,80,56,56,56,56,56,56,56,56],"card_choices":[{"not_picked":["Perfected Strike","Dual Wield"],"picked":"Seeing Red","floor":1},{"not_picked":["Iron Wave","Searing Blow"],"picked":"Cleave","floor":3},{"not_picked":["Clash","Pummel"],"picked":"Inflame","floor":4},{"not_picked":["Cleave","Wild Strike"],"picked":"Heavy Blade","floor":5},{"not_picked":["Blood for Blood","Offering"],"picked":"Limit Break","floor":7},{"not_picked":["Wild Strike","Cleave","Burning Pact"],"picked":"SKIP","floor":11},{"not_picked":["Twin Strike","Clothesline"],"picked":"Dual Wield","floor":13},{"not_picked":["Entrench","Feel No Pain","Body Slam"],"picked":"SKIP","floor":14},{"not_picked":["Exhume","Juggernaut"],"picked":"Immolate","floor":16},{"not_picked":["Thunderclap","Seeing Red"],"picked":"Burning Pact+1","floor":18},{"not_picked":["Dropkick+1","Reckless Charge"],"picked":"Flex","floor":19},{"not_picked":["Iron Wave","True Grit"],"picked":"Pommel Strike","floor":22},{"not_picked":["Feel No Pain","Thunderclap"],"picked":"Shrug It Off+1","floor":24}],"player_experience":134404,"relics_obtained":[{"floor":7,"key":"Pen Nib"},{"floor":9,"key":"Smiling Mask"},{"floor":13,"key":"Bronze Scales"},{"floor":26,"key":"Regal Pillow"}],"event_choices":[{"damage_healed":0,"gold_gain":0,"cards_transformed":["Strike_R"],"player_choice":"Transformed","damage_taken":0,"max_hp_gain":0,"max_hp_loss":0,"event_name":"Transmorgrifier","floor":2,"gold_loss":0,"cards_obtained":["Berserk"]},{"damage_healed":0,"gold_gain":0,"player_choice":"Became a vampire","damage_taken":0,"max_hp_gain":0,"max_hp_loss":24,"event_name":"Vampires","floor":20,"gold_loss":0,"cards_obtained":["Bite","Bite","Bite","Bite","Bite"]},{"damage_healed":0,"gold_gain":0,"player_choice":"Upgrade","damage_taken":0,"max_hp_gain":0,"max_hp_loss":0,"event_name":"Designer","floor":21,"gold_loss":40,"cards_upgraded":["Heavy Blade"]}],"is_beta":false,"boss_relics":[{"not_picked":["Eternal Feather","Cursed Key"],"picked":"Sozu"}],"items_purged_floors":[],"is_endless":false,"potions_floor_spawned":[4,5,14,22,24],"killed_by":"Slavers","ascension_level":2}