{"gold_per_floor":[109,124,141,141,141,141,171,171,196,207,224,257,176,191,191,191],"floor_reached":16,"playtime":652,"items_purged":[],"score":134,"play_id":"6b1ef43b-11d4-4d43-b767-72e322a909c2","local_time":"20190710165351","is_ascension_mode":true,"campfire_choices":[{"data":"Blade Dance","floor":6.0,"key":"SMITH"},{"floor":8.0,"key":"REST"},{"data":"Finisher","floor":15,"key":"SMITH"}],"neow_cost":"NONE","seed_source_timestamp":2384981325430542,"circlet_count":0,"master_deck":["Strike_G","Strike_G","Strike_G","Strike_G","Defend_G+1","Defend_G","Defend_G","Defend_G","Defend_G","Survivor+1","Neutralize","Blade Dance+1","Masterful Stab","Predator","Outmaneuver","Dagger Spray","Finisher+1","Endless Agony"],"special_seed":0,"relics":["Ring of the Snake","War Paint","Smiling Mask","WingedGreaves"],"potions_floor_usage":[12,16],"damage_taken":[{"damage":1.0,"enemies":"Small Slimes","floor":1.0,"turns":4.0},{"damage":5.0,"enemies":"Cultist","floor":2.0,"turns":4.0},{"damage":0.0,"enemies":"2 Louse","floor":3.0,"turns":2.0},{"damage":35.0,"enemies":"Lagavulin","floor":7.0,"turns":4.0},{"damage":0.0,"enemies":"Looter","floor":10.0,"turns":2.0},{"damage":0.0,"enemies":"3 Louse","floor":11.0,"turns":1.0},{"damage":24,"enemies":"Gremlin Nob","floor":12,"turns":4},{"damage":0,"enemies":"2 Fungi Beasts","floor":14,"turns":1},{"damage":46,"enemies":"Slime Boss","floor":16,"turns":9}],"seed_played":"-5426696817640095197","potions_obtained":[{"floor":2.0,"key":"Fire Potion"},{"floor":3.0,"key":"FearPotion"},{"floor":10.0,"key":"Explosive Potion"},{"floor":11.0,"key":"PowerPotion"},{"floor":14,"key":"GamblersBrew"}],"is_trial":false,"path_per_floor":["M","M","M","?","?","R","E","R","T","M","M","E","$","M","R","B"],"character_chosen":"THE_SILENT","items_purchased":["Endless Agony"],"campfire_rested":1,"item_purchase_floors":[13],"current_hp_per_floor":[76,71,71,76,76,76,41,65,65,65,65,41,41,41,41,0],"gold":191,"neow_bonus":"TEN_PERCENT_HP_BONUS","is_prod":false,"is_daily":false,"chose_seed":false,"campfire_upgraded":2,"win_rate":0,"timestamp":1562792031,"path_taken":["M","M","M","?","?","R","E","R","T","M","M","E","$","M","R","BOSS"],"build_version":"2019-07-05","purchased_purges":0,"victory":false,"max_hp_per_floor":[77,77,77,82,82,82,82,82,82,82,82,82,82,82,82,82],"card_choices":[{"not_picked":["Choke","Leg Sweep"],"picked":"Blade Dance","floor":1.0},{"not_picked":["Prepared","Crippling Poison"],"picked":"Masterful Stab","floor":2.0},{"not_picked":["Underhanded Strike","Slice","Deflect"],"picked":"SKIP","floor":3.0},{"not_picked":["Deadly Poison","Predator"],"picked":"Outmaneuver","floor":7.0},{"not_picked":["Quick Slash","Outmaneuver","Reflex"],"picked":"SKIP","floor":10.0},{"not_picked":["Backstab","Leg Sweep"],"picked":"Dagger Spray","floor":11.0},{"not_picked":["Distraction","All Out Attack"],"picked":"Finisher","floor":12},{"not_picked":["Cloak And Dagger","Outmaneuver","Riddle With Holes"],"picked":"SKIP","floor":14}],"player_experience":368529,"relics_obtained":[{"floor":7.0,"key":"War Paint"},{"floor":9.0,"key":"Smiling Mask"},{"floor":12,"key":"WingedGreaves"}],"event_choices":[{"damage_healed":0.0,"max_hp_gain":5.0,"max_hp_loss":0.0,"gold_gain":0.0,"event_name":"Big Fish","player_choice":"Donut","floor":4.0,"gold_loss":0.0,"damage_taken":0.0},{"damage_healed":0.0,"max_hp_gain":0.0,"max_hp_loss":0.0,"gold_gain":0.0,"cards_transformed":["Strike_G"],"event_name":"Transmorgrifier","player_choice":"Transformed","floor":5.0,"gold_loss":0.0,"damage_taken":0.0,"cards_obtained":["Predator"]}],"is_beta":false,"boss_relics":[],"items_purged_floors":[],"is_endless":false,"potions_floor_spawned":[2,3,10,11,14],"killed_by":"Slime Boss","ascension_level":4}