{"path_per_floor":["M","M","M","M","?","R","M","R","T","M","?","E","M","M","R","B",null,"M","T","$","?","$","R","E","R","T","M","?","M","$","T","R"],"character_chosen":"THE_SILENT","items_purchased":["Meat on the Bone","Deadly Poison","Bouncing Flask"],"gold_per_floor":[113,127,137,153,153,153,167,167,167,181,181,216,232,247,247,367,367,381,404,105,105,69,69,110,110,157,182,182,194,119,119,119],"floor_reached":33,"campfire_rested":5,"playtime":2380,"current_hp_per_floor":[70,70,70,70,53,53,40,61,61,54,40,29,29,29,65,17,70,29,29,29,29,29,65,15,51,51,37,37,44,44,54,80],"items_purged":["Defend_G"],"gold":119,"score":267,"play_id":"defec060-19cf-4033-9e4f-5c1921746632","local_time":"20180303193350","is_prod":false,"is_daily":false,"is_ascension_mode":false,"campfire_upgraded":1,"timestamp":1520123630,"path_taken":["M","M","?","M","?","R","?","R","T","M","?","E","M","?","R","BOSS","M","?","$","?","$","R","E","R","T","M","?","M","$","?","R","BOSS"],"build_version":"2018-03-01-PROD1","purchased_purges":1,"victory":false,"master_deck":["Defend_G","Defend_G","Defend_G","Defend_G","Strike_G+1","Strike_G","Strike_G","Strike_G","Strike_G","Survivor+1","Neutralize","Bane","Flechettes","Dagger Spray","Skewer+1","Catalyst+1","Deadly Poison","Flying Knee","Infinite Blades","Deadly Poison","Burst","Flying Knee","Deadly Poison","Bouncing Flask","Backflip+1","Crippling Poison","Prepared+1"],"max_hp_per_floor":[70,70,70,70,70,70,70,70,70,70,70,70,70,70,70,70,70,70,70,70,70,70,70,70,70,70,70,70,70,70,80,80],"relics":["Ring of the Snake","NeowsBlessing","Bloody Idol","Frozen Eye","Regal Pillow","The Specimen","Orichalcum","Meat on the Bone","Ginger","Lantern","Pear"],"card_choices":[{"not_picked":["Dodge and Roll","Distraction"],"picked":"Bane"},{"not_picked":["Endless Agony","Backflip"],"picked":"Flechettes"},{"not_picked":["Footwork","Dodge and Roll"],"picked":"Dagger Spray"},{"not_picked":["Backflip","Slice"],"picked":"Skewer"},{"not_picked":["Underhanded Strike","Doppelganger"],"picked":"Catalyst"},{"not_picked":["Bane","Dagger Throw"],"picked":"Deadly Poison"},{"not_picked":["Endless Agony","Sucker Punch"],"picked":"Flying Knee"},{"not_picked":["Dodge and Roll","Crippling Poison"],"picked":"Infinite Blades"},{"not_picked":["Quick Slash","Heel Hook"],"picked":"Deadly Poison"},{"not_picked":["Phantasmal Killer","After Image"],"picked":"Burst"},{"not_picked":["Infinite Blades","Deflect"],"picked":"Flying Knee"},{"not_picked":["Dagger Spray","Doppelganger"],"picked":"Backflip"},{"not_picked":["Escape Plan","Outmaneuver"],"picked":"Crippling Poison"},{"not_picked":["Dodge and Roll","Acrobatics"],"picked":"Prepared"}],"player_experience":23504,"potions_floor_usage":[16,16,16,18],"damage_taken":[{"damage":0,"enemies":"Cultist","floor":1,"turns":1},{"damage":0,"enemies":"Jaw Worm","floor":2,"turns":1},{"damage":0,"enemies":"2 Louse","floor":3,"turns":1},{"damage":0,"enemies":"Large Slime","floor":4,"turns":6},{"damage":13,"enemies":"Red Slaver","floor":7,"turns":3},{"damage":7,"enemies":"Looter","floor":10,"turns":2},{"damage":11,"enemies":"3 Sentries","floor":12,"turns":6},{"damage":0,"enemies":"Large Slime","floor":13,"turns":5},{"damage":0,"enemies":"2 Fungi Beasts","floor":14,"turns":3},{"damage":48,"enemies":"The Guardian","floor":16,"turns":8},{"damage":41,"enemies":"Spheric Guardian","floor":18,"turns":6},{"damage":62,"enemies":"Slavers","floor":24,"turns":5},{"damage":14,"enemies":"2 Thieves","floor":27,"turns":3},{"damage":10,"enemies":"Snecko","floor":29,"turns":5},{"damage":89,"enemies":"Champ","floor":33,"turns":12}],"event_choices":[{"event_name":"Golden Idol","player_choice":"Take Damage","floor":5,"damage_taken":0},{"event_name":"Shining Light","player_choice":"Entered Light","floor":11,"damage_taken":0},{"event_name":"Upgrade Shrine","player_choice":"Upgraded","floor":21,"damage_taken":0},{"event_name":"Forgotten Altar","player_choice":"Gave Idol","floor":28,"damage_taken":0}],"boss_relics":[{"not_picked":["Orrery","Lizard Tail"],"picked":"The Specimen"}],"potions_floor_spawned":[3,7,13,16],"seed_played":"8320138063285756619","killed_by":"Champ","ascension_level":0,"is_trial":false}