{"gold_per_floor":[111,111,131,131,56,56,89,89,89,89,99,112,137,37,37,136,136,148,162,182,57,77,111,111,137,137,137,166,186,111,122,122,122],"floor_reached":33,"playtime":954,"items_purged":["Defend_R","Defend_R","Strike_R"],"score":389,"play_id":"43101166-1fae-41cc-9c5f-12a7ba11253f","local_time":"20190624174340","is_ascension_mode":true,"campfire_choices":[{"floor":6,"key":"RECALL"},{"data":"Whirlwind","floor":8,"key":"SMITH"},{"data":"Flex","floor":10,"key":"SMITH"},{"data":"Offering","floor":15,"key":"SMITH"},{"data":"Offering","floor":24,"key":"SMITH"},{"data":"Seeing Red","floor":27,"key":"SMITH"},{"data":"Flex","floor":32,"key":"SMITH"}],"neow_cost":"NONE","seed_source_timestamp":1005340298314970,"circlet_count":0,"master_deck":["Strike_R","Strike_R","Strike_R","Bash","Flex+1","Whirlwind+1","Offering+1","Clash","Offering+1","Seeing Red+1","Flex+1"],"relics":["Burning Blood","NeowsBlessing","Dead Branch","Boot","Magic Flower","Empty Cage","PreservedInsect","Happy Flower","Ornamental Fan","Red Mask"],"potions_floor_usage":[33],"damage_taken":[{"damage":0,"enemies":"Small Slimes","floor":1,"turns":1},{"damage":0,"enemies":"Cultist","floor":3,"turns":1},{"damage":0,"enemies":"3 Sentries","floor":7,"turns":2},{"damage":0,"enemies":"2 Louse","floor":11,"turns":1},{"damage":11,"enemies":"Exordium Wildlife","floor":12,"turns":2},{"damage":36,"enemies":"Lagavulin","floor":13,"turns":5},{"damage":22,"enemies":"Slime Boss","floor":16,"turns":5},{"damage":6,"enemies":"2 Thieves","floor":18,"turns":1},{"damage":16,"enemies":"Chosen","floor":19,"turns":3},{"damage":6,"enemies":"Snake Plant","floor":20,"turns":1},{"damage":6,"enemies":"Centurion and Healer","floor":22,"turns":1},{"damage":12,"enemies":"Gremlin Leader","floor":23,"turns":3},{"damage":12,"enemies":"Slavers","floor":25,"turns":1},{"damage":0,"enemies":"Masked Bandits","floor":28,"turns":2},{"damage":6,"enemies":"3 Cultists","floor":29,"turns":1},{"damage":6,"enemies":"Shelled Parasite and Fungi","floor":31,"turns":1},{"damage":85,"enemies":"Automaton","floor":33,"turns":6}],"seed_played":"-3048630651097995372","potions_obtained":[{"floor":11,"key":"Block Potion"},{"floor":16,"key":"GamblersBrew"},{"floor":22,"key":"Block Potion"},{"floor":23,"key":"SkillPotion"},{"floor":25,"key":"Regen Potion"},{"floor":31,"key":"Fire Potion"}],"is_trial":false,"path_per_floor":["M","?","M","?","$","R","E","R","T","R","M","M","E","$","R","B",null,"M","M","M","$","M","E","R","E","T","R","?","M","?","M","R","B"],"character_chosen":"IRONCLAD","items_purchased":[],"campfire_rested":0,"item_purchase_floors":[],"current_hp_per_floor":[80,80,80,80,80,80,80,80,80,80,80,75,45,45,45,32,80,80,73,76,76,79,76,76,73,73,73,80,80,80,80,80,0],"gold":122,"neow_bonus":"THREE_ENEMY_KILL","is_prod":false,"is_daily":false,"chose_seed":false,"campfire_upgraded":6,"win_rate":0,"timestamp":1561412620,"path_taken":["M","?","M","?","$","R","E","R","T","R","M","?","E","$","R","BOSS","M","M","M","$","M","E","R","E","T","R","?","M","?","?","R","BOSS"],"build_version":"2019-01-23","purchased_purges":3,"victory":false,"max_hp_per_floor":[80,80,80,80,80,80,80,80,80,80,80,80,80,80,80,80,80,80,80,80,80,80,80,80,80,80,80,80,80,80,80,80,80],"card_choices":[{"not_picked":["Body Slam","Pommel Strike"],"picked":"Flex","floor":1},{"not_picked":["Bloodletting","Anger","Thunderclap"],"picked":"SKIP","floor":3},{"not_picked":["Body Slam","Pommel Strike"],"picked":"Whirlwind","floor":7},{"not_picked":["Sever Soul","Havoc","True Grit"],"picked":"SKIP","floor":11},{"not_picked":["Warcry","Burning Pact","Headbutt"],"picked":"SKIP","floor":12},{"not_picked":["True Grit","Heavy Blade"],"picked":"Offering","floor":13},{"not_picked":["Shockwave","True Grit","Anger"],"picked":"SKIP","floor":18},{"not_picked":["Twin Strike+1","Burning Pact"],"picked":"Clash","floor":19},{"not_picked":["Perfected Strike","Armaments"],"picked":"Offering","floor":20},{"not_picked":["Reckless Charge","Heavy Blade","Cleave"],"picked":"SKIP","floor":22},{"not_picked":["Second Wind","Warcry","Shrug It Off"],"picked":"SKIP","floor":23},{"not_picked":["Cleave","Armaments"],"picked":"Seeing Red","floor":25},{"not_picked":["Clothesline","Clash"],"picked":"Flex","floor":28},{"not_picked":["Sever Soul","Blood for Blood","Pommel Strike+1"],"picked":"SKIP","floor":29},{"not_picked":["Anger","Perfected Strike+1","Reaper"],"picked":"SKIP","floor":31}],"player_experience":210074,"relics_obtained":[{"floor":7,"key":"Boot"},{"floor":13,"key":"Magic Flower"},{"floor":23,"key":"PreservedInsect"},{"floor":25,"key":"Happy Flower"},{"floor":26,"key":"Ornamental Fan"},{"floor":28,"key":"Red Mask"}],"event_choices":[{"damage_healed":0,"gold_gain":0,"player_choice":"Box","damage_taken":0,"relics_obtained":["Dead Branch"],"max_hp_gain":0,"max_hp_loss":0,"event_name":"Big Fish","floor":2,"gold_loss":0,"cards_obtained":["Regret"]},{"cards_removed":["Regret"],"damage_healed":0,"gold_gain":0,"player_choice":"Purged","damage_taken":0,"max_hp_gain":0,"max_hp_loss":0,"event_name":"Purifier","floor":4,"gold_loss":0},{"damage_healed":0,"gold_gain":0,"player_choice":"Fought Bandits","damage_taken":0,"max_hp_gain":0,"max_hp_loss":0,"event_name":"Masked Bandits","floor":28,"gold_loss":0},{"cards_removed":["Strike_R"],"damage_healed":0,"gold_gain":0,"player_choice":"Gave Gold","damage_taken":0,"max_hp_gain":0,"max_hp_loss":0,"event_name":"Beggar","floor":30,"gold_loss":75}],"is_beta":false,"boss_relics":[{"not_picked":["Runic Pyramid","Busted Crown"],"picked":"Empty Cage"}],"items_purged_floors":[5,14,21],"is_endless":false,"potions_floor_spawned":[11,16,22,23,25,31],"killed_by":"Automaton","ascension_level":1}