{"gold_per_floor":[112,132,142,162,162,189,189,215,215,235,235,255,267,302,302,399,399,419,431,466,476,476,507,519,618,618,649,649,649,101,120,120,224,224,243,243,143,53,72,98,98,123,171,187,187,187,215,226,226,226,226,226,33,60,60],"floor_reached":55,"playtime":3664,"items_purged":["Strike_B","Beam Cell+1"],"score":1070,"play_id":"61522f3b-a001-45cb-91bc-ac7c38af50fe","local_time":"20190704000011","is_ascension_mode":true,"campfire_choices":[{"data":"Zap","floor":7.0,"key":"SMITH"},{"floor":11.0,"key":"REST"},{"data":"Dualcast","floor":15.0,"key":"SMITH"},{"floor":29.0,"key":"REST"},{"floor":32,"key":"REST"},{"data":"Echo Form","floor":41,"key":"SMITH"},{"floor":46,"key":"REST"},{"floor":49,"key":"RECALL"},{"data":"Machine Learning","floor":52,"key":"SMITH"}],"neow_cost":"NONE","seed_source_timestamp":1802794625660396,"circlet_count":0,"master_deck":["Zap+1","Dualcast+1","Barrage","Sunder+1","Static Discharge","Cold Snap+1","Rainbow+1","Conserve Battery+1","Heatsinks","Creative AI","Defragment+1","Defragment+1","Force Field+1","Echo Form+1","Biased Cognition","Loop","Creative AI","Machine Learning+1","Rip and Tear+1","BootSequence+1","BootSequence+1","Chaos+1","Seek+1","Turbo+1"],"special_seed":0,"relics":["Cracked Core","Bronze Scales","Toxic Egg 2","Mummified Hand","Bottled Tornado","Snecko Eye","Red Mask","Bottled Flame","Molten Egg 2","Ornamental Fan","Lee\u0027s Waffle","Dodecahedron","Pandora\u0027s Box","Symbiotic Virus","War Paint","Whetstone","Art of War","Medical Kit","Boot"],"potions_floor_usage":[33,44,50],"damage_taken":[{"damage":0.0,"enemies":"Cultist","floor":1.0,"turns":3.0},{"damage":0.0,"enemies":"Small Slimes","floor":2.0,"turns":2.0},{"damage":12.0,"enemies":"Jaw Worm","floor":3.0,"turns":2.0},{"damage":1.0,"enemies":"Exordium Wildlife","floor":4.0,"turns":3.0},{"damage":30.0,"enemies":"Gremlin Nob","floor":6.0,"turns":3.0},{"damage":14.0,"enemies":"3 Sentries","floor":8.0,"turns":6.0},{"damage":5.0,"enemies":"3 Louse","floor":10.0,"turns":2.0},{"damage":0.0,"enemies":"2 Fungi Beasts","floor":12.0,"turns":3.0},{"damage":9.0,"enemies":"Looter","floor":13.0,"turns":2.0},{"damage":4.0,"enemies":"Lagavulin","floor":14.0,"turns":6.0},{"damage":8.0,"enemies":"Slime Boss","floor":16.0,"turns":9.0},{"damage":7.0,"enemies":"Chosen","floor":18.0,"turns":4.0},{"damage":5.0,"enemies":"3 Byrds","floor":19.0,"turns":3.0},{"damage":12.0,"enemies":"Masked Bandits","floor":20.0,"turns":4.0},{"damage":12.0,"enemies":"Snecko","floor":21.0,"turns":3.0},{"damage":10.0,"enemies":"Book of Stabbing","floor":23.0,"turns":5.0},{"damage":0.0,"enemies":"Sentry and Sphere","floor":24.0,"turns":2.0},{"damage":2.0,"enemies":"Gremlin Leader","floor":27.0,"turns":5.0},{"damage":12,"enemies":"Centurion and Healer","floor":31,"turns":5},{"damage":0,"enemies":"Collector","floor":33,"turns":7},{"damage":0,"enemies":"3 Shapes","floor":35,"turns":3},{"damage":0,"enemies":"Orb Walker","floor":39,"turns":2},{"damage":0,"enemies":"Nemesis","floor":40,"turns":3},{"damage":0,"enemies":"Reptomancer","floor":42,"turns":3},{"damage":5,"enemies":"4 Shapes","floor":44,"turns":4},{"damage":0,"enemies":"Giant Head","floor":47,"turns":4},{"damage":3,"enemies":"Sphere and 2 Shapes","floor":48,"turns":2},{"damage":21,"enemies":"Awakened One","floor":50,"turns":5},{"damage":35,"enemies":"Shield and Spear","floor":54,"turns":5},{"damage":71,"enemies":"The Heart","floor":55,"turns":3}],"seed_played":"-9210197833910348511","potions_obtained":[{"floor":2.0,"key":"Weak Potion"},{"floor":4.0,"key":"Weak Potion"},{"floor":12.0,"key":"Swift Potion"},{"floor":16.0,"key":"AttackPotion"},{"floor":19.0,"key":"SkillPotion"},{"floor":20.0,"key":"Ancient Potion"},{"floor":24.0,"key":"Dexterity Potion"},{"floor":27.0,"key":"LiquidBronze"},{"floor":31,"key":"SpeedPotion"},{"floor":35,"key":"FairyPotion"},{"floor":40,"key":"Swift Potion"}],"is_trial":false,"path_per_floor":["M","M","M","M","?","E","R","E","T","M","R","M","M","E","R","B",null,"M","M","?","M","T","E","M","?","T","E","?","R","$","M","R","B",null,"M","?","$","?","M","E","R","E","T","M","?","R","E","M","R","B",null,"R","$","E","B"],"character_chosen":"DEFECT","items_purchased":["Loop","Lee\u0027s Waffle","Dodecahedron","Medical Kit"],"campfire_rested":4,"item_purchase_floors":[30,30,30,53],"current_hp_per_floor":[82,82,70,69,82,52,52,38,38,33,57,57,48,44,44,36,82,75,70,58,46,46,36,36,36,36,34,34,58,89,77,89,89,89,89,85,85,85,85,85,85,85,85,80,80,85,85,82,82,61,85,85,85,50,0],"gold":60,"neow_bonus":"TEN_PERCENT_HP_BONUS","is_prod":false,"is_daily":false,"chose_seed":false,"campfire_upgraded":4,"win_rate":0,"timestamp":1562212811,"path_taken":["M","M","M","?","?","E","R","E","T","M","R","M","?","E","R","BOSS","M","M","?","M","?","E","M","?","T","E","?","R","$","M","R","BOSS","M","?","$","?","M","E","R","E","T","?","?","R","E","M","R","BOSS","R","$","E","BOSS"],"build_version":"2019-07-01","purchased_purges":2,"victory":false,"max_hp_per_floor":[82,82,82,82,82,82,82,82,82,82,82,82,82,82,82,82,82,82,82,82,82,82,82,82,82,82,82,82,82,89,89,89,89,89,89,85,85,85,85,85,85,85,85,85,85,85,85,85,85,85,85,85,85,85,85],"card_choices":[{"not_picked":["Stack","Rebound"],"picked":"Barrage","floor":1.0},{"not_picked":["Sweeping Beam","Skim"],"picked":"Sunder","floor":2.0},{"not_picked":["Stack","Steam"],"picked":"Static Discharge","floor":3.0},{"not_picked":["Stack","Chaos"],"picked":"Cold Snap","floor":4.0},{"not_picked":["BootSequence","Streamline","Double Energy"],"picked":"SKIP","floor":6.0},{"not_picked":["Hello World","Reprogram"],"picked":"Rainbow","floor":8.0},{"not_picked":["Aggregate+1","Melter"],"picked":"Conserve Battery+1","floor":10.0},{"not_picked":["Auto Shields+1","BootSequence+1","Scrape"],"picked":"SKIP","floor":12.0},{"not_picked":["Cold Snap","Stack+1"],"picked":"Heatsinks","floor":13.0},{"not_picked":["Beam Cell","Barrage","Sweeping Beam"],"picked":"SKIP","floor":14.0},{"not_picked":["Buffer","Meteor Strike"],"picked":"Creative AI","floor":16.0},{"not_picked":["Stack+1","Hello World"],"picked":"Defragment","floor":18.0},{"not_picked":["Coolheaded+1","Hologram+1"],"picked":"Defragment+1","floor":19.0},{"not_picked":["Skim+1","Gash"],"picked":"Force Field+1","floor":21.0},{"not_picked":["Redo+1","Amplify+1"],"picked":"Echo Form","floor":23.0},{"not_picked":["Rebound","Darkness+1","Sweeping Beam"],"picked":"SKIP","floor":24.0},{"not_picked":["Sweeping Beam+1","Ball Lightning+1"],"picked":"Biased Cognition","floor":27.0},{"not_picked":["Fusion+1","Barrage+1","Beam Cell+1"],"picked":"SKIP","floor":31},{"not_picked":["Rainbow+1","Buffer"],"picked":"Creative AI","floor":33},{"not_picked":["Leap+1","Rebound+1","Cold Snap+1"],"picked":"SKIP","floor":35},{"not_picked":["Stack+1","Rebound+1","FTL+1"],"picked":"SKIP","floor":39},{"not_picked":["Redo+1","Rip and Tear+1","Sweeping Beam+1"],"picked":"SKIP","floor":40},{"not_picked":["Go for the Eyes+1","Skim+1"],"picked":"Seek+1","floor":42},{"not_picked":["Coolheaded+1","Scrape+1","Turbo+1"],"picked":"SKIP","floor":44},{"not_picked":["Sweeping Beam+1","Chaos+1","Hologram+1"],"picked":"SKIP","floor":47},{"not_picked":["Rebound+1","Redo+1","Streamline+1"],"picked":"SKIP","floor":48},{"not_picked":["Cold Snap+1","Streamline+1"],"picked":"Turbo+1","floor":54}],"player_experience":354383,"relics_obtained":[{"floor":6.0,"key":"Bronze Scales"},{"floor":8.0,"key":"Toxic Egg 2"},{"floor":9.0,"key":"Mummified Hand"},{"floor":14.0,"key":"Bottled Tornado"},{"floor":20.0,"key":"Red Mask"},{"floor":23.0,"key":"Bottled Flame"},{"floor":26.0,"key":"Molten Egg 2"},{"floor":27.0,"key":"Ornamental Fan"},{"floor":40,"key":"Symbiotic Virus"},{"floor":42,"key":"War Paint"},{"floor":43,"key":"Whetstone"},{"floor":47,"key":"Art of War"},{"floor":54,"key":"Boot"}],"event_choices":[{"damage_healed":13.0,"max_hp_gain":0.0,"max_hp_loss":0.0,"gold_gain":0.0,"event_name":"Wheel of Change","player_choice":"Full Heal","floor":5.0,"gold_loss":0.0,"damage_taken":0.0},{"damage_healed":0.0,"max_hp_gain":0.0,"max_hp_loss":0.0,"gold_gain":0.0,"event_name":"Masked Bandits","player_choice":"Fought Bandits","floor":20.0,"gold_loss":0.0,"damage_taken":0.0},{"damage_healed":0.0,"max_hp_gain":0.0,"max_hp_loss":0.0,"gold_gain":99.0,"event_name":"Nest","player_choice":"Stole From Cult","floor":25.0,"gold_loss":0.0,"damage_taken":0.0},{"damage_healed":0.0,"max_hp_gain":0.0,"max_hp_loss":0.0,"gold_gain":0.0,"event_name":"Vampires","player_choice":"Ignored","floor":28.0,"gold_loss":0.0,"damage_taken":0.0},{"damage_healed":0,"gold_gain":0,"player_choice":"Max HP","damage_taken":0,"max_hp_gain":0,"max_hp_loss":4,"event_name":"Winding Halls","floor":36,"gold_loss":0},{"cards_removed":["Rip and Tear"],"damage_healed":0,"gold_gain":0,"player_choice":"Upgrade and Remove","damage_taken":0,"max_hp_gain":0,"max_hp_loss":0,"event_name":"Designer","floor":38,"gold_loss":90,"cards_upgraded":["Defragment"]},{"damage_healed":0,"gold_gain":0,"player_choice":"Memory 1","damage_taken":0,"max_hp_gain":0,"max_hp_loss":0,"event_name":"SensoryStone","floor":45,"gold_loss":0}],"is_beta":false,"boss_relics":[{"not_picked":["Eternal Feather","Astrolabe"],"picked":"Snecko Eye"},{"not_picked":["Inserter","Runic Dome"],"picked":"Pandora\u0027s Box"}],"items_purged_floors":[30,37],"is_endless":false,"potions_floor_spawned":[2,4,12,16,19,20,24,27,31,35,40],"killed_by":"The Heart","ascension_level":4}