{"gold_per_floor":[114,39,39,39,39,39,71,71,122,137,148,148,48,67,67,166,166,183,58,76,90,90,118,118],"floor_reached":24,"playtime":1686,"items_purged":["Strike_G","Strike_G","Strike_G"],"score":225,"play_id":"4c33833a-4d3c-4d4a-9b9a-68cebb9a2249","local_time":"20190112203645","is_ascension_mode":true,"campfire_choices":[{"data":"Storm of Steel","floor":6,"key":"SMITH"},{"floor":12,"key":"REST"},{"data":"Infinite Blades","floor":15,"key":"SMITH"}],"neow_cost":"NONE","seed_source_timestamp":300603787688147,"circlet_count":0,"master_deck":["Defend_G","Defend_G","Defend_G","Defend_G","Defend_G","Strike_G","Survivor","Neutralize","Storm of Steel+1","Deadly Poison","Backflip","Infinite Blades+1","Caltrops","Phantasmal Killer","Blade Dance"],"relics":["Ring of the Snake","Lantern","Ancient Tea Set","Strawberry","Runic Pyramid","Gremlin Horn"],"potions_floor_usage":[16],"damage_taken":[{"damage":11,"enemies":"Jaw Worm","floor":1,"turns":6},{"damage":18,"enemies":"Gremlin Nob","floor":7,"turns":4},{"damage":0,"enemies":"2 Louse","floor":10,"turns":2},{"damage":0,"enemies":"Cultist","floor":11,"turns":4},{"damage":10,"enemies":"Looter","floor":14,"turns":2},{"damage":23,"enemies":"The Guardian","floor":16,"turns":10},{"damage":22,"enemies":"Spheric Guardian","floor":18,"turns":4},{"damage":0,"enemies":"3 Byrds","floor":20,"turns":4},{"damage":6,"enemies":"Snecko","floor":21,"turns":2},{"damage":37,"enemies":"Book of Stabbing","floor":23,"turns":5},{"damage":17,"enemies":"Snake Plant","floor":24,"turns":4}],"seed_played":"86439599908576255","potions_obtained":[{"floor":1,"key":"Ancient Potion"},{"floor":14,"key":"Swift Potion"},{"floor":16,"key":"EssenceOfSteel"},{"floor":18,"key":"Ancient Potion"},{"floor":20,"key":"EntropicBrew"}],"is_trial":false,"path_per_floor":["M","$","?","?","?","R","E","?","T","M","M","R","$","M","R","B",null,"M","$","M","M","$","E","M"],"character_chosen":"THE_SILENT","items_purchased":[],"campfire_rested":1,"item_purchase_floors":[],"current_hp_per_floor":[59,59,59,59,47,47,29,29,36,36,36,59,59,49,49,26,77,55,55,55,49,49,12,0],"gold":118,"neow_bonus":"ONE_RANDOM_RARE_CARD","is_prod":false,"is_daily":false,"chose_seed":false,"campfire_upgraded":2,"win_rate":0,"timestamp":1547343405,"path_taken":["M","$","?","?","?","R","E","?","T","M","M","R","?","?","R","BOSS","M","$","M","?","$","E","M"],"build_version":"2019-01-10","purchased_purges":3,"victory":false,"max_hp_per_floor":[70,70,70,70,70,70,70,70,77,77,77,77,77,77,77,77,77,77,77,77,77,77,77,77],"card_choices":[{"not_picked":["Footwork","Dagger Spray"],"picked":"Deadly Poison","floor":1},{"not_picked":["Doppelganger","Finisher"],"picked":"Backflip","floor":7},{"not_picked":["Poisoned Stab","Dagger Spray"],"picked":"Infinite Blades","floor":10},{"not_picked":["Choke","Flying Knee"],"picked":"Caltrops","floor":11},{"not_picked":["Poisoned Stab","All Out Attack","Dodge and Roll"],"picked":"SKIP","floor":14},{"not_picked":["Storm of Steel","Unload"],"picked":"Phantasmal Killer","floor":16},{"not_picked":["Sucker Punch+1","Acrobatics+1"],"picked":"Blade Dance","floor":18},{"not_picked":["Prepared+1","Outmaneuver","Acrobatics"],"picked":"SKIP","floor":20},{"not_picked":["Dagger Throw","Wraith Form v2","Cloak And Dagger+1"],"picked":"SKIP","floor":21},{"not_picked":["Crippling Poison","Expertise","Dodge and Roll"],"picked":"SKIP","floor":23}],"player_experience":155952,"relics_obtained":[{"floor":7,"key":"Ancient Tea Set"},{"floor":9,"key":"Strawberry"},{"floor":23,"key":"Gremlin Horn"}],"event_choices":[{"cards_removed":["Strike_G"],"damage_healed":0,"gold_gain":0,"player_choice":"Forget","damage_taken":0,"max_hp_gain":0,"max_hp_loss":0,"event_name":"Living Wall","floor":3,"gold_loss":0},{"damage_healed":0,"gold_gain":0,"player_choice":"Leave","damage_taken":0,"max_hp_gain":0,"max_hp_loss":0,"event_name":"The Cleric","floor":4,"gold_loss":0},{"damage_healed":0,"gold_gain":0,"player_choice":"Success","damage_taken":12,"relics_obtained":["Lantern"],"max_hp_gain":0,"max_hp_loss":0,"event_name":"Scrap Ooze","floor":5,"gold_loss":0},{"damage_healed":0,"gold_gain":0,"player_choice":"Ignored","damage_taken":0,"max_hp_gain":0,"max_hp_loss":0,"event_name":"Shining Light","floor":8,"gold_loss":0}],"is_beta":false,"boss_relics":[{"not_picked":["Orrery","Black Star"],"picked":"Runic Pyramid"}],"items_purged_floors":[2,13,19],"is_endless":false,"potions_floor_spawned":[1,14,16,18,20],"killed_by":"Snake Plant","ascension_level":1}