{"gold_per_floor":[114,133,145,165,183,208,208,233,233,250,250,250,269,269],"floor_reached":14,"playtime":715,"items_purged":[],"score":125,"play_id":"045b74c5-14e4-4356-a153-6543efe60ff7","local_time":"20190708131657","is_ascension_mode":true,"campfire_choices":[{"data":"Noxious Fumes","floor":7.0,"key":"SMITH"},{"floor":12,"key":"REST"}],"neow_cost":"NONE","seed_source_timestamp":2199150949846092,"circlet_count":0,"master_deck":["Strike_G","Strike_G","Strike_G","Strike_G","Strike_G","Defend_G","Defend_G","Defend_G","Defend_G","Defend_G","Survivor","Neutralize","Dagger Spray","Dodge and Roll","Noxious Fumes+1","Blade Dance","Flechettes","Deflect","Cloak And Dagger","Choke"],"special_seed":0,"relics":["Ring of the Snake","NeowsBlessing","Blood Vial","Ninja Scroll"],"potions_floor_usage":[14],"damage_taken":[{"damage":0.0,"enemies":"Cultist","floor":1.0,"turns":1.0},{"damage":0.0,"enemies":"Small Slimes","floor":2.0,"turns":1.0},{"damage":0.0,"enemies":"Jaw Worm","floor":3.0,"turns":1.0},{"damage":0.0,"enemies":"Exordium Wildlife","floor":4.0,"turns":7.0},{"damage":2.0,"enemies":"Looter","floor":5.0,"turns":4.0},{"damage":22.0,"enemies":"3 Sentries","floor":6.0,"turns":7.0},{"damage":42.0,"enemies":"Lagavulin","floor":8.0,"turns":6.0},{"damage":0,"enemies":"Large Slime","floor":10,"turns":4},{"damage":5,"enemies":"Gremlin Gang","floor":13,"turns":8},{"damage":16,"enemies":"Gremlin Nob","floor":14,"turns":3}],"seed_played":"-8518545525566757568","potions_obtained":[{"floor":3.0,"key":"GhostInAJar"},{"floor":4.0,"key":"SpeedPotion"},{"floor":13,"key":"AttackPotion"}],"is_trial":false,"path_per_floor":["M","M","M","M","M","E","R","E","T","M","$","R","M","E"],"character_chosen":"THE_SILENT","items_purchased":[],"campfire_rested":1,"item_purchase_floors":[],"current_hp_per_floor":[70,70,70,70,68,46,46,6,6,8,8,29,26,12],"gold":269,"neow_bonus":"THREE_ENEMY_KILL","is_prod":false,"is_daily":false,"chose_seed":false,"campfire_upgraded":1,"win_rate":0,"timestamp":1562606217,"path_taken":["M","M","?","M","M","E","R","E","T","M","$","R","M","E"],"build_version":"2019-07-05","purchased_purges":0,"victory":false,"max_hp_per_floor":[70,70,70,70,70,70,70,70,70,70,70,70,70,70],"card_choices":[{"not_picked":["Sucker Punch","Dash"],"picked":"Dagger Spray","floor":1.0},{"not_picked":["Slice","Choke","Heel Hook"],"picked":"SKIP","floor":2.0},{"not_picked":["Blade Dance","Flying Knee"],"picked":"Dodge and Roll","floor":3.0},{"not_picked":["All Out Attack","Dagger Throw"],"picked":"Noxious Fumes","floor":4.0},{"not_picked":["Glass Knife","Deadly Poison"],"picked":"Blade Dance","floor":5.0},{"not_picked":["Quick Slash","Choke"],"picked":"Flechettes","floor":6.0},{"not_picked":["Prepared","Bane"],"picked":"Deflect","floor":8.0},{"not_picked":["Reflex","Backflip"],"picked":"Cloak And Dagger","floor":10},{"not_picked":["Tactician","Deadly Poison"],"picked":"Choke","floor":13}],"player_experience":365390,"relics_obtained":[{"floor":6.0,"key":"Blood Vial"},{"floor":8.0,"key":"Ninja Scroll"}],"event_choices":[],"is_beta":false,"boss_relics":[],"items_purged_floors":[],"is_endless":false,"potions_floor_spawned":[3,4,13],"killed_by":"Gremlin Nob","ascension_level":4}