{"gold_per_floor":[116,116,130,145,163,191,191,222,248,248,258,258,258,258],"floor_reached":14,"playtime":601,"items_purged":[],"score":120,"play_id":"38a6e590-6b9e-4b4f-b6b6-a5a3841d3548","local_time":"20190708194511","is_ascension_mode":true,"campfire_choices":[{"data":"Noxious Fumes","floor":7,"key":"SMITH"},{"floor":12,"key":"REST"}],"neow_cost":"NONE","seed_source_timestamp":2222569846274100,"circlet_count":0,"master_deck":["Strike_G","Strike_G","Strike_G","Strike_G","Strike_G","Defend_G","Defend_G","Defend_G","Defend_G","Defend_G","Survivor","Neutralize","Well Laid Plans","Skewer","Noxious Fumes+1","Deflect","Masterful Stab","Dodge and Roll","Dagger Spray","Wraith Form v2","Concentrate"],"relics":["Orrery","Blood Vial","Oddly Smooth Stone","Anchor","Golden Idol"],"potions_floor_usage":[6,8,8],"damage_taken":[{"damage":1,"enemies":"2 Louse","floor":1,"turns":2},{"damage":0,"enemies":"Small Slimes","floor":3,"turns":3},{"damage":7,"enemies":"Jaw Worm","floor":4,"turns":3},{"damage":14,"enemies":"Looter","floor":5,"turns":3},{"damage":6,"enemies":"3 Sentries","floor":6,"turns":5},{"damage":24,"enemies":"Gremlin Nob","floor":8,"turns":5},{"damage":9,"enemies":"2 Fungi Beasts","floor":11,"turns":4},{"damage":40,"enemies":"Lagavulin","floor":14,"turns":5}],"seed_played":"6459134511848377231","potions_obtained":[{"floor":1,"key":"Fire Potion"},{"floor":3,"key":"SteroidPotion"},{"floor":4,"key":"Explosive Potion"},{"floor":8,"key":"Energy Potion"}],"is_trial":false,"path_per_floor":["M","?","M","M","M","E","R","E","T","?","M","R","?","E"],"character_chosen":"THE_SILENT","items_purchased":[],"campfire_rested":1,"item_purchase_floors":[],"current_hp_per_floor":[69,74,74,67,53,47,47,25,25,22,15,37,37,0],"gold":258,"neow_bonus":"BOSS_RELIC","is_prod":false,"is_daily":false,"chose_seed":false,"campfire_upgraded":1,"win_rate":0,"timestamp":1562629511,"path_taken":["M","?","M","M","M","E","R","E","T","?","M","R","?","E"],"build_version":"2019-07-05","purchased_purges":0,"victory":false,"max_hp_per_floor":[70,75,75,75,75,75,75,75,75,75,75,75,69,69],"card_choices":[{"not_picked":["Dagger Throw","Flying Knee"],"picked":"Well Laid Plans","floor":0},{"not_picked":["Calculated Gamble","Prepared"],"picked":"Skewer","floor":0},{"not_picked":["PiercingWail","Bouncing Flask"],"picked":"Noxious Fumes","floor":0},{"not_picked":["Predator","Dagger Throw"],"picked":"Deflect","floor":0},{"not_picked":["Expertise","Deflect"],"picked":"Masterful Stab","floor":1},{"not_picked":["Acrobatics","Dagger Spray"],"picked":"Dodge and Roll","floor":3},{"not_picked":["Dagger Throw","Quick Slash"],"picked":"Dagger Spray","floor":4},{"not_picked":["Prepared","Acrobatics","Skewer"],"picked":"SKIP","floor":5},{"not_picked":["Acrobatics","Choke"],"picked":"Wraith Form v2","floor":6},{"not_picked":["Deflect","Riddle With Holes"],"picked":"Concentrate","floor":8},{"not_picked":["Sucker Punch","Quick Slash","Acrobatics"],"picked":"SKIP","floor":11}],"player_experience":367156,"relics_obtained":[{"floor":6,"key":"Blood Vial"},{"floor":8,"key":"Oddly Smooth Stone"}],"event_choices":[{"damage_healed":0,"gold_gain":0,"player_choice":"Donut","damage_taken":0,"max_hp_gain":5,"max_hp_loss":0,"event_name":"Big Fish","floor":2,"gold_loss":0},{"damage_healed":0,"gold_gain":0,"player_choice":"Success","damage_taken":3,"relics_obtained":["Anchor"],"max_hp_gain":0,"max_hp_loss":0,"event_name":"Scrap Ooze","floor":10,"gold_loss":0},{"damage_healed":0,"gold_gain":0,"player_choice":"Lose Max HP","damage_taken":0,"relics_obtained":["Golden Idol"],"max_hp_gain":0,"max_hp_loss":6,"event_name":"Golden Idol","floor":13,"gold_loss":0}],"is_beta":false,"boss_relics":[],"items_purged_floors":[],"is_endless":false,"potions_floor_spawned":[1,3,4,8],"killed_by":"Lagavulin","ascension_level":4}