{"gold_per_floor":[111,125,50,65,65,95,95,95,167,210,210,233,272,172,172,303,303,327,327,327,340,14,45,45,19,44,44,59,59,73,92,92,218,218,242,367,367,392,97,97,135,135,135,176,1,16,16,16,16,16],"floor_reached":51,"playtime":2426,"items_purged":["Defend_R","Defend_R","Juggernaut","Bash","Shrug It Off"],"score":787,"play_id":"50d02d9a-5351-4327-9142-6d056d963857","local_time":"20190118123533","is_ascension_mode":false,"campfire_choices":[{"data":"Whirlwind","floor":7,"key":"SMITH"},{"floor":15,"key":"REST"},{"floor":24,"key":"REST"},{"data":"Flex","floor":29,"key":"SMITH"},{"data":"Fire Breathing","floor":32,"key":"SMITH"},{"floor":40,"key":"REST"},{"floor":42,"key":"REST"},{"floor":49,"key":"REST"}],"neow_cost":"NONE","seed_source_timestamp":789373492382959,"circlet_count":0,"master_deck":["Battle Trance","Whirlwind+1","Clash","Feed","Fire Breathing+1","Spot Weakness","Impervious","Clash","J.A.X.","Clash","Seeing Red","Flex+1","Flex+1","Limit Break","Whirlwind+1","Whirlwind+1","Apotheosis"],"relics":["Burning Blood","Vajra","Golden Idol","Bottled Lightning","Kunai","Happy Flower","Bronze Scales","Pandora\u0027s Box","Brimstone","Dream Catcher","Orichalcum","Fusion Hammer","Gambling Chip","Lantern","Boot","Molten Egg 2","Self Forming Clay"],"potions_floor_usage":[16,16,28,33,33,44,44,50,50],"damage_taken":[{"damage":11,"enemies":"Jaw Worm","floor":1,"turns":3},{"damage":2,"enemies":"2 Louse","floor":2,"turns":3},{"damage":6,"enemies":"Cultist","floor":4,"turns":3},{"damage":20,"enemies":"Gremlin Nob","floor":6,"turns":4},{"damage":18,"enemies":"3 Sentries","floor":10,"turns":3},{"damage":6,"enemies":"Gremlin Nob","floor":13,"turns":3},{"damage":48,"enemies":"The Guardian","floor":16,"turns":6},{"damage":0,"enemies":"Spheric Guardian","floor":18,"turns":3},{"damage":33,"enemies":"2 Thieves","floor":21,"turns":2},{"damage":30,"enemies":"Book of Stabbing","floor":23,"turns":3},{"damage":3,"enemies":"Snake Plant","floor":28,"turns":1},{"damage":9,"enemies":"Chosen and Byrds","floor":30,"turns":3},{"damage":14,"enemies":"Snecko","floor":31,"turns":3},{"damage":9,"enemies":"Collector","floor":33,"turns":4},{"damage":0,"enemies":"3 Darklings","floor":35,"turns":1},{"damage":3,"enemies":"Mind Bloom Boss Battle","floor":36,"turns":2},{"damage":17,"enemies":"3 Shapes","floor":38,"turns":2},{"damage":3,"enemies":"Reptomancer","floor":41,"turns":2},{"damage":57,"enemies":"Nemesis","floor":44,"turns":5},{"damage":0,"enemies":"3 Darklings","floor":46,"turns":1},{"damage":59,"enemies":"Donu and Deca","floor":50,"turns":4}],"seed_played":"1885377931991880852","potions_obtained":[{"floor":1,"key":"GamblersBrew"},{"floor":2,"key":"Fire Potion"},{"floor":13,"key":"PowerPotion"},{"floor":16,"key":"Fire Potion"},{"floor":21,"key":"GamblersBrew"},{"floor":33,"key":"PowerPotion"},{"floor":35,"key":"FearPotion"},{"floor":41,"key":"Fruit Juice"},{"floor":44,"key":"FairyPotion"},{"floor":46,"key":"Regen Potion"}],"is_trial":false,"path_per_floor":["M","M","$","M","?","E","R","?","T","E","?","T","E","$","R","B",null,"M","?","?","M","$","E","R","$","T","$","M","R","M","M","R","B",null,"M","?","?","M","$","R","E","R","T","E","$","M","?","?","R","B",null],"character_chosen":"IRONCLAD","items_purchased":["Brimstone","Flex","Lantern"],"campfire_rested":5,"item_purchase_floors":[22,25,39],"current_hp_per_floor":[83,87,87,87,80,66,66,44,44,32,32,32,32,32,58,16,88,88,88,88,61,61,37,63,63,63,63,66,66,66,58,58,58,94,94,94,94,86,86,97,97,97,97,51,51,57,57,57,87,46],"gold":16,"neow_bonus":"TEN_PERCENT_HP_BONUS","is_prod":false,"is_daily":false,"chose_seed":false,"campfire_upgraded":3,"win_rate":0,"timestamp":1547832933,"path_taken":["M","M","$","M","?","E","R","?","T","E","?","?","E","$","R","BOSS","M","?","?","M","$","E","R","$","T","?","M","R","?","M","R","BOSS","M","?","?","M","$","R","E","R","T","E","$","?","?","?","R","BOSS"],"build_version":"2019-01-17v2","purchased_purges":5,"victory":true,"max_hp_per_floor":[88,88,88,88,88,88,88,88,88,88,88,88,88,88,88,88,88,88,88,88,88,88,88,88,88,88,88,88,88,91,91,91,94,94,94,94,94,97,97,97,97,97,97,102,102,102,102,102,102,102],"card_choices":[{"not_picked":["Flex","Clash"],"picked":"Battle Trance","floor":1},{"not_picked":["Clothesline","Searing Blow"],"picked":"Whirlwind","floor":2},{"not_picked":["Sword Boomerang","Fiend Fire","Anger"],"picked":"SKIP","floor":4},{"not_picked":["Body Slam","Warcry","Armaments"],"picked":"SKIP","floor":6},{"not_picked":["Body Slam","Warcry","Armaments"],"picked":"SKIP","floor":6},{"not_picked":["Perfected Strike","Anger","Havoc"],"picked":"SKIP","floor":10},{"not_picked":["Corruption","Armaments"],"picked":"Clash","floor":13},{"not_picked":["Fiend Fire","Dark Embrace"],"picked":"Feed","floor":16},{"not_picked":["Heavy Blade+1","Battle Trance+1","Warcry"],"picked":"SKIP","floor":18},{"not_picked":["Wild Strike","Body Slam"],"picked":"Seeing Red","floor":21},{"not_picked":["Headbutt+1","Searing Blow","Anger+1"],"picked":"SKIP","floor":23},{"not_picked":["Perfected Strike","Burning Pact","Fire Breathing"],"picked":"SKIP","floor":28},{"not_picked":["Pummel","Entrench","Body Slam"],"picked":"SKIP","floor":30},{"not_picked":["Anger+1","Shrug It Off"],"picked":"Flex+1","floor":31},{"not_picked":["Demon Form","Dark Embrace"],"picked":"Limit Break","floor":33},{"not_picked":["Pommel Strike+1","Corruption+1","Hemokinesis+1"],"picked":"SKIP","floor":35},{"not_picked":["Clothesline+1","Sword Boomerang"],"picked":"Whirlwind+1","floor":38},{"not_picked":["Havoc","Dropkick+1","Immolate"],"picked":"SKIP","floor":41},{"not_picked":["True Grit+1","Heavy Blade+1"],"picked":"Whirlwind+1","floor":44},{"not_picked":["Infernal Blade","Sword Boomerang+1","True Grit+1"],"picked":"SKIP","floor":46},{"not_picked":["Sadistic Nature","Swift Strike+1"],"picked":"Apotheosis","floor":47}],"player_experience":175874,"relics_obtained":[{"floor":6,"key":"Vajra"},{"floor":9,"key":"Bottled Lightning"},{"floor":10,"key":"Kunai"},{"floor":12,"key":"Happy Flower"},{"floor":13,"key":"Bronze Scales"},{"floor":23,"key":"Dream Catcher"},{"floor":26,"key":"Orichalcum"},{"floor":36,"key":"Gambling Chip"},{"floor":41,"key":"Boot"},{"floor":43,"key":"Molten Egg 2"},{"floor":44,"key":"Self Forming Clay"}],"event_choices":[{"cards_removed":["Defend_R"],"damage_healed":0,"gold_gain":0,"player_choice":"Card Removal","damage_taken":7,"max_hp_gain":0,"max_hp_loss":0,"event_name":"Golden Wing","floor":5,"gold_loss":0},{"damage_healed":0,"gold_gain":0,"player_choice":"Take Damage","damage_taken":22,"relics_obtained":["Golden Idol"],"max_hp_gain":0,"max_hp_loss":0,"event_name":"Golden Idol","floor":8,"gold_loss":0},{"damage_healed":0,"gold_gain":0,"player_choice":"Ignored","damage_taken":0,"max_hp_gain":0,"max_hp_loss":0,"event_name":"Liars Game","floor":11,"gold_loss":0},{"damage_healed":0,"gold_gain":0,"player_choice":"Obtain J.A.X.","damage_taken":0,"max_hp_gain":0,"max_hp_loss":0,"event_name":"Drug Dealer","floor":19,"gold_loss":0,"cards_obtained":["J.A.X."]},{"damage_healed":0,"gold_gain":0,"player_choice":"Read","damage_taken":0,"max_hp_gain":0,"max_hp_loss":0,"event_name":"The Library","floor":20,"gold_loss":0,"cards_obtained":["Clash"]},{"damage_healed":0,"gold_gain":0,"player_choice":"Fight","damage_taken":0,"max_hp_gain":0,"max_hp_loss":0,"event_name":"MindBloom","floor":36,"gold_loss":0},{"damage_healed":0,"gold_gain":0,"player_choice":"Ignored","damage_taken":0,"max_hp_gain":0,"max_hp_loss":0,"event_name":"SecretPortal","floor":37,"gold_loss":0},{"damage_healed":0,"gold_gain":0,"player_choice":"Memory 1","damage_taken":0,"max_hp_gain":0,"max_hp_loss":0,"event_name":"SensoryStone","floor":47,"gold_loss":0},{"damage_healed":0,"gold_gain":0,"player_choice":"Ignored","damage_taken":0,"max_hp_gain":0,"max_hp_loss":0,"event_name":"The Moai Head","floor":48,"gold_loss":0}],"is_beta":false,"boss_relics":[{"not_picked":["White Beast Statue","Black Blood"],"picked":"Pandora\u0027s Box"},{"not_picked":["Lizard Tail","Calling Bell"],"picked":"Fusion Hammer"}],"items_purged_floors":[3,14,22,39,45],"is_endless":false,"potions_floor_spawned":[1,2,13,16,21,33,35,41,44,46],"ascension_level":0}