{"path_per_floor":["M","M","M","$","M","R","M","M","T","?","R","?","R","E","R","B",null,"M","M","?","M","$","R","E"],"character_chosen":"THE_SILENT","items_purchased":["Vajra","Art of War","Prepared"],"gold_per_floor":[211,230,247,26,40,40,60,74,123,123,123,73,73,100,100,198,198,209,228,228,242,40,40,69,69],"floor_reached":25,"campfire_rested":1,"playtime":1940,"item_purchase_floors":[4,22,22],"current_hp_per_floor":[57,57,56,56,56,56,54,54,61,54,54,54,54,45,68,35,67,67,62,62,62,62,62,32,18],"items_purged":["Strike_G"],"gold":69,"score":290,"play_id":"fd0791e7-ee02-4997-9a23-3e9da57e6d7e","local_time":"20180528031238","is_prod":false,"is_daily":false,"chose_seed":false,"is_ascension_mode":true,"campfire_upgraded":4,"win_rate":0,"timestamp":1527502358,"campfire_choices":[{"data":"Deadly Poison","floor":6,"key":"SMITH"},{"data":"Neutralize","floor":11,"key":"SMITH"},{"data":"Tools of the Trade","floor":13,"key":"SMITH"},{"floor":15,"key":"REST"},{"data":"Adrenaline","floor":23,"key":"SMITH"}],"path_taken":["M","M","M","$","?","R","M","M","T","?","R","?","R","E","R","BOSS","M","M","?","M","$","R","E","M"],"build_version":"2018-05-24","seed_source_timestamp":22942274926976,"purchased_purges":1,"victory":false,"master_deck":["Defend_G+1","Defend_G+1","Defend_G+1","Defend_G+1","Defend_G+1","Strike_G+1","Strike_G+1","Survivor","Neutralize+1","Deadly Poison+1","All Out Attack+1","Backflip","Tools of the Trade+1","PiercingWail","Adrenaline+1","Sucker Punch","Backflip+1","Prepared"],"max_hp_per_floor":[70,70,70,70,70,70,70,70,77,77,77,77,77,77,77,77,77,77,77,77,77,77,77,77,77],"relics":["Ring of the Snake","Vajra","Strawberry","Whetstone","Art of War","Pantograph"],"card_choices":[{"not_picked":["Dagger Throw","Underhanded Strike"],"picked":"Deadly Poison","floor":1},{"not_picked":["Setup","Underhanded Strike","Dagger Spray"],"picked":"SKIP","floor":2},{"not_picked":["Cloak And Dagger","Endless Agony","Deadly Poison"],"picked":"SKIP","floor":3},{"not_picked":["Flechettes","Predator"],"picked":"All Out Attack","floor":5},{"not_picked":["Reflex","Dash"],"picked":"Backflip","floor":7},{"not_picked":["Choke","Dodge and Roll"],"picked":"Tools of the Trade","floor":8},{"not_picked":["Deadly Poison","Dagger Throw"],"picked":"PiercingWail","floor":14},{"not_picked":["Venomology","Storm of Steel"],"picked":"Adrenaline","floor":16},{"not_picked":["Poisoned Stab","PiercingWail"],"picked":"Sucker Punch","floor":18},{"not_picked":["Poisoned Stab","Quick Slash"],"picked":"Backflip+1","floor":19},{"not_picked":["PiercingWail+1","Poisoned Stab","Eviscerate"],"picked":"SKIP","floor":21},{"not_picked":["Corpse Explosion","Slice","Tactician"],"picked":"SKIP","floor":24}],"player_experience":426327,"potions_floor_usage":[7,14,16,24,24],"damage_taken":[{"damage":6,"enemies":"Cultist","floor":1,"turns":5},{"damage":0,"enemies":"2 Louse","floor":2,"turns":2},{"damage":1,"enemies":"Small Slimes","floor":3,"turns":4},{"damage":0,"enemies":"Blue Slaver","floor":5,"turns":5},{"damage":2,"enemies":"Exordium Thugs","floor":7,"turns":4},{"damage":0,"enemies":"2 Fungi Beasts","floor":8,"turns":3},{"damage":9,"enemies":"3 Sentries","floor":14,"turns":6},{"damage":33,"enemies":"Slime Boss","floor":16,"turns":10},{"damage":0,"enemies":"Spheric Guardian","floor":18,"turns":5},{"damage":5,"enemies":"Shell Parasite","floor":19,"turns":7},{"damage":0,"enemies":"Snake Plant","floor":21,"turns":5},{"damage":30,"enemies":"Gremlin Leader","floor":24,"turns":8},{"damage":14,"enemies":"Sentry and Sphere","floor":25,"turns":6}],"relics_obtained":[{"floor":9,"key":"Strawberry"},{"floor":14,"key":"Whetstone"},{"floor":24,"key":"Pantograph"}],"event_choices":[{"event_name":"Golden Wing","player_choice":"Card Removal","floor":10,"damage_taken":0},{"event_name":"The Cleric","player_choice":"Card Removal","floor":12,"damage_taken":0},{"event_name":"Back to Basics","player_choice":"Simplicity","floor":20,"damage_taken":0}],"boss_relics":[{"not_picked":["Snecko Eye","Runic Dome","Runic Pyramid"]}],"items_purged_floors":[4],"potions_floor_spawned":[3,5,8,14,21],"seed_played":"-8967904463638563483","killed_by":"Sentry and Sphere","ascension_level":6,"potions_obtained":[{"floor":3,"key":"Weak Potion"},{"floor":5,"key":"SteroidPotion"},{"floor":8,"key":"Poison Potion"},{"floor":14,"key":"GhostInAJar"},{"floor":21,"key":"PowerPotion"}],"is_trial":false}