{"path_per_floor":["M","M","M","M","M","R","?","?","T","R","E","M","R","M","R","B",null,"M","$","?","M","$","R","?","M","T"],"character_chosen":"THE_SILENT","items_purchased":["Centennial Puzzle"],"gold_per_floor":[117,137,149,167,177,177,177,177,177,177,212,228,228,241,241,345,345,362,46,46,66,66,66,66,82,82,82],"floor_reached":27,"campfire_rested":1,"playtime":1390,"current_hp_per_floor":[69,68,63,59,54,54,54,47,54,54,24,23,46,46,46,19,77,59,59,59,59,59,59,59,39,39,39],"items_purged":["Strike_G"],"gold":82,"score":226,"play_id":"ae72061f-4ef4-4d2a-a0d5-7d0e1ae92ed4","local_time":"20180522211103","is_prod":false,"is_daily":false,"chose_seed":false,"is_ascension_mode":true,"campfire_upgraded":4,"timestamp":1527048663,"campfire_choices":[{"data":"Neutralize","floor":6,"key":"SMITH"},{"data":"Deadly Poison","floor":10,"key":"SMITH"},{"floor":13,"key":"REST"},{"data":"Backflip","floor":15,"key":"SMITH"},{"data":"Outmaneuver","floor":23,"key":"SMITH"}],"path_taken":["M","M","M","M","M","R","?","?","T","R","E","M","R","M","R","BOSS","M","?","?","?","$","R","?","M","T","E"],"build_version":"2018-05-17","seed_source_timestamp":12770948060009,"purchased_purges":1,"victory":false,"master_deck":["Defend_G","Defend_G","Defend_G","Defend_G","Defend_G","Strike_G","Strike_G","Strike_G","Survivor","Neutralize+1","Dagger Throw","Deadly Poison+1","Well Laid Plans","Dodge and Roll","Outmaneuver+1","Backflip+1","Backflip","Acrobatics+1"],"max_hp_per_floor":[70,70,70,70,70,70,70,70,77,77,77,77,77,77,77,77,77,77,77,77,77,77,77,77,77,77,77],"relics":["Ring of the Snake","Strawberry","Bronze Scales","Lizard Tail","Centennial Puzzle","Meat on the Bone"],"card_choices":[{"not_picked":["Choke","Masterful Stab"],"picked":"Dagger Throw","floor":0},{"not_picked":["Infinite Blades","Deflect"],"picked":"Deadly Poison","floor":1},{"not_picked":["Masterful Stab","Escape Plan"],"picked":"Well Laid Plans","floor":2},{"not_picked":["Bouncing Flask","Prepared"],"picked":"Dodge and Roll","floor":3},{"not_picked":["Predator","Underhanded Strike","Deadly Poison"],"picked":"SKIP","floor":4},{"not_picked":["Cloak And Dagger","Prepared"],"picked":"Outmaneuver","floor":5},{"not_picked":["Bane","Dash","Unload"],"picked":"SKIP","floor":11},{"not_picked":["Quick Slash","Flying Knee"],"picked":"Backflip","floor":12},{"not_picked":["Outmaneuver","Deadly Poison","Deflect"],"picked":"SKIP","floor":14},{"not_picked":["Slice","Reflex"],"picked":"Backflip","floor":18},{"not_picked":["Crippling Poison","Prepared"],"picked":"Acrobatics+1","floor":21},{"not_picked":["Flechettes+1","Finisher","Dodge and Roll"],"picked":"SKIP","floor":25}],"player_experience":303180,"potions_floor_usage":[5,11,18],"damage_taken":[{"damage":1,"enemies":"2 Louse","floor":1,"turns":3},{"damage":1,"enemies":"Jaw Worm","floor":2,"turns":4},{"damage":5,"enemies":"Small Slimes","floor":3,"turns":3},{"damage":4,"enemies":"2 Fungi Beasts","floor":4,"turns":4},{"damage":5,"enemies":"Looter","floor":5,"turns":3},{"damage":30,"enemies":"Gremlin Nob","floor":11,"turns":5},{"damage":1,"enemies":"Exordium Wildlife","floor":12,"turns":4},{"damage":0,"enemies":"Large Slime","floor":14,"turns":6},{"damage":27,"enemies":"Hexaghost","floor":16,"turns":11},{"damage":18,"enemies":"3 Byrds","floor":18,"turns":4},{"damage":0,"enemies":"Chosen","floor":21,"turns":7},{"damage":20,"enemies":"Snake Plant","floor":25,"turns":4},{"damage":0,"enemies":"Slavers","floor":27,"turns":1}],"relics_obtained":[{"floor":9,"key":"Strawberry"},{"floor":11,"key":"Bronze Scales"},{"floor":26,"key":"Meat on the Bone"}],"event_choices":[{"event_name":"Dead Adventurer","player_choice":"Searched \u00271\u0027 times","floor":7,"damage_taken":0},{"event_name":"Golden Wing","player_choice":"Card Removal","floor":8,"damage_taken":0},{"event_name":"Vampires","player_choice":"Ignored","floor":20,"damage_taken":0},{"event_name":"Drug Dealer","player_choice":"Ignored","floor":24,"damage_taken":0}],"boss_relics":[{"not_picked":["Astrolabe","Runic Pyramid"],"picked":"Lizard Tail"}],"potions_floor_spawned":[2,3,4,5,12],"seed_played":"-8057075623334698786","killed_by":"Slavers","ascension_level":1,"potions_obtained":[{"floor":2,"key":"Dexterity Potion"},{"floor":3,"key":"Dexterity Potion"},{"floor":4,"key":"Swift Potion"},{"floor":5,"key":"LiquidBronze"},{"floor":12,"key":"GamblersBrew"}],"is_trial":false}