{"gold_per_floor":[117,117,117,133,58,58,89,102,170,180,280,111,40,70,70,70],"floor_reached":16,"playtime":947,"items_purged":["Strike_B","Strike_B"],"score":98,"play_id":"d6014b43-f7ce-48bd-9d5b-484374f01d3c","local_time":"20190112055053","is_ascension_mode":false,"campfire_choices":[{"data":"Zap","floor":6,"key":"SMITH"},{"data":"Dualcast","floor":15,"key":"SMITH"}],"neow_cost":"NONE","seed_source_timestamp":248191232188760,"circlet_count":0,"master_deck":["Strike_B","Defend_B","Defend_B","Defend_B","Defend_B","Zap+1","Dualcast+1","Cold Snap","Storm","Cold Snap","Heatsinks","Storm"],"relics":["Cracked Core","Anchor","Mummified Hand","Sundial"],"potions_floor_usage":[16,16],"damage_taken":[{"damage":5,"enemies":"Small Slimes","floor":1,"turns":2},{"damage":0,"enemies":"Jaw Worm","floor":4,"turns":3},{"damage":9,"enemies":"Lagavulin","floor":7,"turns":8},{"damage":0,"enemies":"Cultist","floor":8,"turns":3},{"damage":2,"enemies":"2 Fungi Beasts","floor":10,"turns":3},{"damage":60,"enemies":"Hexaghost","floor":16,"turns":14}],"seed_played":"250422999462744566","potions_obtained":[{"floor":1,"key":"Block Potion"},{"floor":7,"key":"Block Potion"},{"floor":8,"key":"Ancient Potion"}],"is_trial":false,"path_per_floor":["M","?","T","M","$","R","E","M","T","M","?","$","$","?","R","B"],"character_chosen":"DEFECT","items_purchased":["Heatsinks","Storm"],"campfire_rested":0,"item_purchase_floors":[12,13],"current_hp_per_floor":[70,70,70,70,70,70,61,61,61,59,59,59,59,59,59,0],"gold":70,"neow_bonus":"THREE_CARDS","is_prod":false,"is_daily":false,"chose_seed":false,"campfire_upgraded":2,"win_rate":0,"timestamp":1547290253,"path_taken":["M","?","?","M","?","R","E","M","T","?","?","?","$","?","R","BOSS"],"build_version":"2019-01-10","purchased_purges":2,"victory":false,"max_hp_per_floor":[75,75,75,75,75,75,75,75,75,75,75,75,75,75,75,75],"card_choices":[{"not_picked":["Lockon","Compile Driver"],"picked":"Cold Snap","floor":0},{"not_picked":["Lockon","Cold Snap"],"picked":"Storm","floor":1},{"not_picked":["Cold Snap","Barrage","Rebound"],"picked":"SKIP","floor":4},{"not_picked":["Compile Driver","Go for the Eyes","BootSequence"],"picked":"SKIP","floor":7},{"not_picked":["Recycle","Cold Snap","Stack"],"picked":"SKIP","floor":8},{"not_picked":["Fusion","Tempest","Streamline"],"picked":"SKIP","floor":10}],"player_experience":150818,"relics_obtained":[{"floor":3,"key":"Anchor"},{"floor":7,"key":"Mummified Hand"},{"floor":9,"key":"Sundial"}],"event_choices":[{"damage_healed":0,"gold_gain":0,"cards_transformed":["Strike_B"],"player_choice":"Change","damage_taken":0,"max_hp_gain":0,"max_hp_loss":0,"event_name":"Living Wall","floor":2,"gold_loss":0,"cards_obtained":["Cold Snap"]},{"damage_healed":0,"gold_gain":100,"player_choice":"Pray","damage_taken":0,"max_hp_gain":0,"max_hp_loss":0,"event_name":"Golden Shrine","floor":11,"gold_loss":0},{"damage_healed":0,"gold_gain":30,"player_choice":"Searched \u00272\u0027 times","damage_taken":0,"max_hp_gain":0,"max_hp_loss":0,"event_name":"Dead Adventurer","floor":14,"gold_loss":0}],"is_beta":false,"boss_relics":[],"items_purged_floors":[5,12],"is_endless":false,"potions_floor_spawned":[1,7,8],"killed_by":"Hexaghost","ascension_level":0}