{"gold_per_floor":[115,129,142,161,181,210,226,226,226,239,239,239,264,264],"floor_reached":14,"playtime":576,"items_purged":[],"score":125,"play_id":"5cd6c22e-d505-4006-a019-ba44e088927a","local_time":"20190711112400","is_ascension_mode":true,"campfire_choices":[{"floor":8,"key":"REST"},{"floor":11,"key":"REST"}],"neow_cost":"NONE","seed_source_timestamp":43542013644797,"circlet_count":0,"master_deck":["Strike_G","Strike_G","Strike_G","Strike_G","Strike_G","Defend_G","Defend_G","Defend_G","Defend_G","Defend_G","Survivor","Neutralize","Dagger Spray","Crippling Poison","Infinite Blades","Backflip","Envenom","Infinite Blades","Blade Dance","Flechettes","Dagger Throw","Backstab"],"relics":["Black Star","Omamori","Dream Catcher","Bronze Scales","Happy Flower","Letter Opener","Strawberry"],"potions_floor_usage":[6,13],"damage_taken":[{"damage":0,"enemies":"Cultist","floor":1,"turns":4},{"damage":7,"enemies":"Small Slimes","floor":2,"turns":4},{"damage":0,"enemies":"2 Louse","floor":3,"turns":3},{"damage":7,"enemies":"Blue Slaver","floor":4,"turns":4},{"damage":2,"enemies":"2 Fungi Beasts","floor":5,"turns":3},{"damage":31,"enemies":"3 Sentries","floor":6,"turns":8},{"damage":15,"enemies":"Lots of Slimes","floor":7,"turns":3},{"damage":2,"enemies":"3 Louse","floor":10,"turns":2},{"damage":23,"enemies":"Gremlin Nob","floor":13,"turns":4},{"damage":0,"enemies":"Blue Slaver","floor":14,"turns":1}],"seed_played":"2636127155070883571","potions_obtained":[{"floor":3,"key":"Fire Potion"},{"floor":4,"key":"PowerPotion"},{"floor":10,"key":"Swift Potion"},{"floor":13,"key":"Regen Potion"}],"is_trial":false,"path_per_floor":["M","M","M","M","M","E","M","R","T","M","R","?","E","M"],"character_chosen":"THE_SILENT","items_purchased":[],"campfire_rested":2,"item_purchase_floors":[],"current_hp_per_floor":[70,63,63,56,54,23,8,29,29,27,48,36,20,20],"gold":264,"neow_bonus":"BOSS_RELIC","is_prod":false,"is_daily":false,"chose_seed":false,"campfire_upgraded":0,"win_rate":0,"timestamp":1562858640,"path_taken":["M","M","M","?","M","E","M","R","T","M","R","?","E","M"],"build_version":"2019-07-05","purchased_purges":0,"victory":false,"max_hp_per_floor":[70,70,70,70,70,70,70,70,70,70,70,70,77,77],"card_choices":[{"not_picked":["Quick Slash","Flechettes"],"picked":"Dagger Spray","floor":1},{"not_picked":["Slice","Flying Knee"],"picked":"Crippling Poison","floor":2},{"not_picked":["Leg Sweep","Acrobatics"],"picked":"Infinite Blades","floor":3},{"not_picked":["Blade Dance","Reflex"],"picked":"Backflip","floor":4},{"not_picked":["Sucker Punch","Slice"],"picked":"Envenom","floor":5},{"not_picked":["Caltrops","Underhanded Strike"],"picked":"Infinite Blades","floor":6},{"not_picked":["Dagger Throw","Concentrate","Sucker Punch"],"picked":"SKIP","floor":7},{"not_picked":["Deadly Poison","Acrobatics"],"picked":"Blade Dance","floor":8},{"not_picked":["Backflip","Tactician"],"picked":"Flechettes","floor":10},{"not_picked":["Predator","Phantasmal Killer"],"picked":"Dagger Throw","floor":11},{"not_picked":["Sucker Punch","Slice"],"picked":"Backstab","floor":13}],"player_experience":371007,"relics_obtained":[{"floor":6,"key":"Omamori"},{"floor":6,"key":"Dream Catcher"},{"floor":9,"key":"Bronze Scales"},{"floor":13,"key":"Letter Opener"},{"floor":13,"key":"Strawberry"}],"event_choices":[{"damage_healed":0,"gold_gain":0,"player_choice":"Success","damage_taken":12,"relics_obtained":["Happy Flower"],"max_hp_gain":0,"max_hp_loss":0,"event_name":"Scrap Ooze","floor":12,"gold_loss":0}],"is_beta":false,"boss_relics":[],"items_purged_floors":[],"is_endless":false,"potions_floor_spawned":[3,4,10,13],"killed_by":"Blue Slaver","ascension_level":4}