{"gold_per_floor":[114,129,78,178,193,223,223,238,263,263,293,308,338,353,353,453,453,468,468,483,498,513,513,9,24,24,74,109,124,124,154,154,154],"floor_reached":33,"playtime":3250,"items_purged":[],"score":386,"play_id":"02c3b19e-c527-4622-b234-789db808c38e","local_time":"20191006215858","daily_mods":["Allstar","Purple Cards","DeadlyEvents"],"is_ascension_mode":false,"campfire_choices":[{"data":"Crescendo","floor":7.0,"key":"SMITH"},{"data":"DeusExMachina","floor":10.0,"key":"SMITH"},{"floor":15,"key":"REST"},{"data":"Malaise","floor":23,"key":"SMITH"},{"data":"CrushJoints","floor":30,"key":"SMITH"},{"data":"Phantasmal Killer","floor":32,"key":"SMITH"}],"neow_cost":"","seed_source_timestamp":0,"circlet_count":0,"master_deck":["Strike_G","Strike_G","Strike_G","Strike_G","Strike_G","Defend_G","Defend_G","Defend_G","Defend_G","Defend_G","Survivor","Neutralize","Madness","Finesse","Magnetism","Sadistic Nature","PanicButton","Conclude","JustLucky","Quick Slash","Crescendo+1","DeusExMachina+1","FearNoEvil","ClearTheMind","Riddle With Holes","CrushJoints+1","Malaise+1","Footwork+1","RitualDagger","ThirdEye+1","DeceiveReality","Halt","Tantrum+1","EmptyBody","Backflip","Phantasmal Killer+1"],"special_seed":18176,"relics":["Ring of the Snake","CloakClasp","Ancient Tea Set","Dodecahedron","Pen Nib","Coffee Dripper","Calipers","Lee\u0027s Waffle","Snake Skull","Boot","Happy Flower"],"potions_floor_usage":[22,27,31,33,33],"damage_taken":[{"damage":0.0,"enemies":"2 Louse","floor":1.0,"turns":3.0},{"damage":2.0,"enemies":"Cultist","floor":2.0,"turns":5.0},{"damage":0.0,"enemies":"Jaw Worm","floor":5.0,"turns":4.0},{"damage":20.0,"enemies":"Gremlin Nob","floor":6.0,"turns":5.0},{"damage":0.0,"enemies":"Exordium Thugs","floor":8.0,"turns":5.0},{"damage":0.0,"enemies":"Lagavulin","floor":11.0,"turns":5.0},{"damage":1.0,"enemies":"Looter","floor":12.0,"turns":2.0},{"damage":11.0,"enemies":"Gremlin Nob","floor":13.0,"turns":4.0},{"damage":0,"enemies":"3 Louse","floor":14,"turns":4},{"damage":8,"enemies":"Slime Boss","floor":16,"turns":6},{"damage":0,"enemies":"3 Byrds","floor":18,"turns":5},{"damage":0,"enemies":"Spheric Guardian","floor":20,"turns":2},{"damage":0,"enemies":"Centurion and Healer","floor":21,"turns":5},{"damage":0,"enemies":"Snecko","floor":22,"turns":8},{"damage":0,"enemies":"Snake Plant","floor":25,"turns":3},{"damage":22,"enemies":"Gremlin Leader","floor":27,"turns":7},{"damage":12,"enemies":"Shelled Parasite and Fungi","floor":28,"turns":6},{"damage":22,"enemies":"3 Cultists","floor":29,"turns":6},{"damage":0,"enemies":"Slavers","floor":31,"turns":2},{"damage":43,"enemies":"Champ","floor":33,"turns":13}],"seed_played":"9193087267040089487","potions_obtained":[{"floor":1.0,"key":"Energy Potion"},{"floor":8.0,"key":"FearPotion"},{"floor":11.0,"key":"LiquidBronze"},{"floor":14,"key":"Dexterity Potion"},{"floor":20,"key":"Block Potion"},{"floor":21,"key":"AttackPotion"},{"floor":22,"key":"Weak Potion"},{"floor":27,"key":"SteroidPotion"}],"is_trial":false,"path_per_floor":["M","M","$","?","M","E","R","M","T","R","E","M","E","M","R","B",null,"M","?","M","M","M","R","$","M","T","E","M","M","R","E","R","B"],"character_chosen":"THE_SILENT","items_purchased":["Quick Slash","Calipers","Lee\u0027s Waffle","Halt"],"campfire_rested":1,"item_purchase_floors":[3,24,24,24],"current_hp_per_floor":[70,68,68,68,68,48,48,48,48,48,48,47,36,36,57,49,70,70,64,64,64,64,64,77,77,77,55,43,21,21,21,21,0],"gold":154,"neow_bonus":"","is_prod":false,"is_daily":true,"chose_seed":false,"campfire_upgraded":5,"win_rate":0,"timestamp":1570417138,"path_taken":["M","M","$","?","M","E","R","M","T","R","?","M","E","M","R","BOSS","M","?","?","M","M","R","$","M","T","E","M","M","R","E","R","BOSS"],"build_version":"2019-10-04","purchased_purges":0,"victory":false,"max_hp_per_floor":[70,70,70,70,70,70,70,70,70,70,70,70,70,70,70,70,70,70,70,70,70,70,70,77,77,77,77,77,77,77,77,77,77],"card_choices":[{"not_picked":["Protect","Backstab"],"picked":"Conclude","floor":1.0},{"not_picked":["Predator","Deflect"],"picked":"JustLucky","floor":2.0},{"not_picked":["Deflect","Deadly Poison"],"picked":"Crescendo","floor":5.0},{"not_picked":["JustLucky","Brilliance"],"picked":"DeusExMachina","floor":6.0},{"not_picked":["Concentrate","Prostrate"],"picked":"FearNoEvil","floor":8.0},{"not_picked":["EmptyFist","Cloak And Dagger"],"picked":"ClearTheMind","floor":11.0},{"not_picked":["BowlingBash","Deadly Poison"],"picked":"Riddle With Holes","floor":12.0},{"not_picked":["Establishment","Concentrate","FollowUp"],"picked":"SKIP","floor":13.0},{"not_picked":["Underhanded Strike","Weave"],"picked":"CrushJoints","floor":14},{"not_picked":["MasterReality","Grand Finale"],"picked":"Malaise","floor":16},{"not_picked":["Cloak And Dagger","Sanctity"],"picked":"Footwork+1","floor":18},{"not_picked":["Deflect","Worship"],"picked":"ThirdEye+1","floor":20},{"not_picked":["Calculated Gamble","PathToVictory","Acrobatics+1"],"picked":"SKIP","floor":21},{"not_picked":["BowlingBash+1","Dodge and Roll"],"picked":"DeceiveReality","floor":22},{"not_picked":["CrushJoints","SignatureMove","SandsOfTime"],"picked":"SKIP","floor":25},{"not_picked":["Judgement","Blade Dance"],"picked":"Tantrum+1","floor":27},{"not_picked":["Deflect","Prostrate"],"picked":"EmptyBody","floor":28},{"not_picked":["Scrawl","WindmillStrike+1"],"picked":"Backflip","floor":29},{"not_picked":["Corpse Explosion","Bouncing Flask"],"picked":"Phantasmal Killer","floor":31}],"player_experience":404085,"relics_obtained":[{"floor":6.0,"key":"CloakClasp"},{"floor":9.0,"key":"Ancient Tea Set"},{"floor":11.0,"key":"Dodecahedron"},{"floor":13.0,"key":"Pen Nib"},{"floor":26,"key":"Snake Skull"},{"floor":27,"key":"Boot"},{"floor":31,"key":"Happy Flower"}],"event_choices":[{"damage_healed":0.0,"max_hp_gain":0.0,"max_hp_loss":0.0,"gold_gain":100.0,"event_name":"Golden Shrine","player_choice":"Pray","floor":4.0,"gold_loss":0.0,"damage_taken":0.0},{"damage_healed":0,"gold_gain":0,"player_choice":"Joined the Cult","damage_taken":6,"max_hp_gain":0,"max_hp_loss":0,"event_name":"Nest","floor":19,"gold_loss":0,"cards_obtained":["RitualDagger"]}],"is_beta":true,"boss_relics":[{"not_picked":["Velvet Choker","Pandora\u0027s Box"],"picked":"Coffee Dripper"}],"items_purged_floors":[],"is_endless":false,"potions_floor_spawned":[1,8,11,14,20,21,22,25,27],"killed_by":"Champ","ascension_level":0}