{"gold_per_floor":[114,114,114,130,143,175,186,214,214,214,233,262,262,297,297,394,394,404,319,331,217,229,229,229],"floor_reached":24,"playtime":1654,"items_purged":[],"score":306,"play_id":"8de2f3fd-eee9-4805-9a95-fb649d66d181","local_time":"20190917201204","is_ascension_mode":true,"campfire_choices":[{"floor":10.0,"key":"REST"},{"floor":13.0,"key":"REST"},{"data":"Evolve","floor":15.0,"key":"SMITH"},{"floor":23,"key":"REST"}],"neow_cost":"NONE","seed_source_timestamp":0,"circlet_count":0,"master_deck":["Strike_R","Strike_R","Strike_R","Strike_R","Strike_R","Defend_R","Defend_R","Defend_R","Defend_R","Bash","Brutality","Spot Weakness","Perfected Strike","Evolve+1","Rage","Power Through","Pommel Strike","Impervious","Dropkick","Flame Barrier","Dark Embrace","Armaments","Inflame","Feel No Pain","Dual Wield","Uppercut"],"special_seed":0,"relics":["Burning Blood","Magic Flower","Odd Mushroom","Calipers","Bird Faced Urn","Mango","Philosopher\u0027s Stone","Kunai"],"potions_floor_usage":[22,22,24],"damage_taken":[{"damage":17.0,"enemies":"Small Slimes","floor":1.0,"turns":5.0},{"damage":6.0,"enemies":"2 Louse","floor":4.0,"turns":3.0},{"damage":13.0,"enemies":"Jaw Worm","floor":5.0,"turns":2.0},{"damage":35.0,"enemies":"Gremlin Nob","floor":6.0,"turns":4.0},{"damage":24.0,"enemies":"Red Slaver","floor":7.0,"turns":5.0},{"damage":7.0,"enemies":"The Mushroom Lair","floor":8.0,"turns":5.0},{"damage":5.0,"enemies":"3 Louse","floor":11.0,"turns":5.0},{"damage":25.0,"enemies":"Lagavulin","floor":12.0,"turns":6.0},{"damage":15.0,"enemies":"3 Sentries","floor":14.0,"turns":8.0},{"damage":55.0,"enemies":"Hexaghost","floor":16.0,"turns":11.0},{"damage":21.0,"enemies":"Shell Parasite","floor":18.0,"turns":7.0},{"damage":10.0,"enemies":"Chosen","floor":20.0,"turns":6.0},{"damage":61,"enemies":"3 Cultists","floor":22,"turns":6},{"damage":81,"enemies":"Slavers","floor":24,"turns":7}],"seed_played":"5270905339190729246","potions_obtained":[{"floor":1.0,"key":"GamblersBrew"},{"floor":6.0,"key":"GamblersBrew"},{"floor":8.0,"key":"PowerPotion"},{"floor":11.0,"key":"GamblersBrew"},{"floor":14.0,"key":"PowerPotion"},{"floor":16.0,"key":"FearPotion"}],"is_trial":false,"path_per_floor":["M","?","?","M","M","E","M","?","T","R","M","E","R","E","R","B",null,"M","?","M","$","M","R","E"],"character_chosen":"IRONCLAD","items_purchased":["Feel No Pain","Dual Wield"],"campfire_rested":3,"item_purchase_floors":[21,21],"current_hp_per_floor":[61,61,66,66,59,30,15,17,17,42,46,30,55,66,66,26,81,75,75,80,80,37,66,0],"gold":229,"neow_bonus":"ONE_RANDOM_RARE_CARD","is_prod":false,"is_daily":false,"chose_seed":false,"campfire_upgraded":1,"win_rate":0,"timestamp":1568776324,"path_taken":["M","?","?","M","M","E","M","?","T","R","M","E","R","E","R","BOSS","M","?","M","$","M","R","E"],"build_version":"2019-07-17","purchased_purges":0,"victory":false,"max_hp_per_floor":[80,80,85,85,85,85,85,85,85,85,85,85,85,99,99,99,99,99,99,99,99,99,99,99],"card_choices":[{"not_picked":["Infernal Blade","Whirlwind"],"picked":"Spot Weakness","floor":1.0},{"not_picked":["Clothesline","Iron Wave"],"picked":"Perfected Strike","floor":4.0},{"not_picked":["Twin Strike","Searing Blow"],"picked":"Evolve","floor":5.0},{"not_picked":["Blood for Blood","Pommel Strike"],"picked":"Rage","floor":6.0},{"not_picked":["Clothesline","Rampage"],"picked":"Power Through","floor":7.0},{"not_picked":["Thunderclap","Clothesline"],"picked":"Pommel Strike","floor":8.0},{"not_picked":["Sword Boomerang","Pummel"],"picked":"Impervious","floor":11.0},{"not_picked":["Clash","Havoc"],"picked":"Dropkick","floor":12.0},{"not_picked":["Spot Weakness","Searing Blow"],"picked":"Flame Barrier","floor":14.0},{"not_picked":["Brutality","Offering"],"picked":"Dark Embrace","floor":16.0},{"not_picked":["Havoc+1","Anger+1"],"picked":"Armaments","floor":18.0},{"not_picked":["Twin Strike","Pommel Strike"],"picked":"Inflame","floor":20.0},{"not_picked":["Shrug It Off","Clothesline"],"picked":"Uppercut","floor":22}],"player_experience":3478917,"relics_obtained":[{"floor":6.0,"key":"Magic Flower"},{"floor":8.0,"key":"Odd Mushroom"},{"floor":9.0,"key":"Calipers"},{"floor":12.0,"key":"Bird Faced Urn"},{"floor":14.0,"key":"Mango"}],"event_choices":[{"damage_healed":0.0,"max_hp_gain":0.0,"max_hp_loss":0.0,"gold_gain":0.0,"event_name":"Golden Idol","player_choice":"Ignored","floor":2.0,"gold_loss":0.0,"damage_taken":0.0},{"damage_healed":0.0,"max_hp_gain":5.0,"max_hp_loss":0.0,"gold_gain":0.0,"event_name":"Big Fish","player_choice":"Donut","floor":3.0,"gold_loss":0.0,"damage_taken":0.0},{"damage_healed":0.0,"max_hp_gain":0.0,"max_hp_loss":0.0,"gold_gain":0.0,"event_name":"Mushrooms","player_choice":"Fought Mushrooms","floor":8.0,"gold_loss":0.0,"damage_taken":0.0},{"damage_healed":0.0,"max_hp_gain":0.0,"max_hp_loss":0.0,"gold_gain":0.0,"event_name":"Addict","player_choice":"Obtained Relic","floor":19.0,"gold_loss":85.0,"damage_taken":0.0,"relics_obtained":["Kunai"]}],"is_beta":false,"boss_relics":[{"not_picked":["Runic Cube","Lizard Tail"],"picked":"Philosopher\u0027s Stone"}],"items_purged_floors":[],"is_endless":false,"potions_floor_spawned":[1,6,8,11,14,16],"killed_by":"Slavers","ascension_level":6}