{"path_per_floor":["M","M","?","M","M","R","M","R","T","R","M","M","R","M","R","B",null,"M","?","?","M"],"character_chosen":"THE_SILENT","items_purchased":[],"gold_per_floor":[117,132,132,142,160,160,174,174,201,201,214,233,233,248,248,344,344,357,357,457,423,423],"floor_reached":22,"campfire_rested":0,"playtime":2089,"item_purchase_floors":[],"current_hp_per_floor":[63,63,63,63,63,63,63,63,63,63,63,62,62,62,62,44,67,48,48,48,23,7],"items_purged":[],"gold":423,"score":234,"play_id":"7191ef9e-e69a-465b-a1f6-e7762c814c73","local_time":"20180528174914","is_prod":false,"is_daily":false,"chose_seed":false,"is_ascension_mode":true,"campfire_upgraded":5,"win_rate":0,"timestamp":1527554954,"campfire_choices":[{"data":"Well Laid Plans","floor":6,"key":"SMITH"},{"data":"Neutralize","floor":8,"key":"SMITH"},{"data":"Prepared","floor":10,"key":"SMITH"},{"data":"Outmaneuver","floor":13,"key":"SMITH"},{"data":"Venomology","floor":15,"key":"SMITH"}],"path_taken":["M","M","?","?","M","R","M","R","T","R","M","M","R","M","R","BOSS","M","?","?","M","M"],"build_version":"2018-05-24","seed_source_timestamp":21306633850853,"purchased_purges":0,"victory":false,"master_deck":["Defend_G","Defend_G","Defend_G","Defend_G","Defend_G","Strike_G","Strike_G","Strike_G","Strike_G","Survivor","Neutralize+1","Quick Slash","Dodge and Roll","Well Laid Plans+1","Prepared+1","Backflip","Malaise","Outmaneuver+1","Venomology+1","Tactician","Quick Slash+1"],"max_hp_per_floor":[70,70,70,70,70,70,70,70,70,70,70,75,75,75,75,75,75,75,75,75,75,75],"relics":["Ring of the Snake","Regal Pillow","Eternal Feather"],"card_choices":[{"not_picked":["PiercingWail","Dash"],"picked":"Quick Slash","floor":1},{"not_picked":["Wraith Form v2","Slice"],"picked":"Dodge and Roll","floor":2},{"not_picked":["Outmaneuver","Deflect"],"picked":"Well Laid Plans","floor":4},{"not_picked":["Crippling Poison","Quick Slash"],"picked":"Prepared","floor":5},{"not_picked":["Underhanded Strike","Poisoned Stab"],"picked":"Backflip","floor":7},{"not_picked":["Dash","Cloak And Dagger"],"picked":"Malaise","floor":11},{"not_picked":["Heel Hook","Sucker Punch"],"picked":"Outmaneuver","floor":12},{"not_picked":["Catalyst","Sucker Punch"],"picked":"Venomology","floor":14},{"not_picked":["A Thousand Cuts","Unload"],"picked":"Tactician","floor":16},{"not_picked":["Setup","PiercingWail+1"],"picked":"Quick Slash+1","floor":18},{"not_picked":["Bane","Dagger Throw","Prepared+1"],"picked":"SKIP","floor":21}],"player_experience":448212,"potions_floor_usage":[12,16,16,18,21,22],"damage_taken":[{"damage":0,"enemies":"2 Louse","floor":1,"turns":4},{"damage":0,"enemies":"Small Slimes","floor":2,"turns":3},{"damage":0,"enemies":"Cultist","floor":4,"turns":3},{"damage":0,"enemies":"2 Fungi Beasts","floor":5,"turns":6},{"damage":0,"enemies":"Red Slaver","floor":7,"turns":5},{"damage":0,"enemies":"3 Louse","floor":11,"turns":5},{"damage":6,"enemies":"Gremlin Gang","floor":12,"turns":6},{"damage":0,"enemies":"Large Slime","floor":14,"turns":8},{"damage":18,"enemies":"Slime Boss","floor":16,"turns":20},{"damage":19,"enemies":"Spheric Guardian","floor":18,"turns":16},{"damage":25,"enemies":"2 Thieves","floor":21,"turns":5},{"damage":26,"enemies":"Slaver and Parasite","floor":22,"turns":4}],"relics_obtained":[{"floor":9,"key":"Regal Pillow"}],"event_choices":[{"event_name":"Living Wall","player_choice":"Forget","floor":3,"damage_taken":0},{"event_name":"Drug Dealer","player_choice":"Ignored","floor":19,"damage_taken":0},{"event_name":"Golden Shrine","player_choice":"Pray","floor":20,"damage_taken":0}],"boss_relics":[{"not_picked":["Astrolabe","Black Star"],"picked":"Eternal Feather"}],"items_purged_floors":[],"potions_floor_spawned":[2,4,5,11,21],"seed_played":"-6210936691234722261","killed_by":"Slaver and Parasite","ascension_level":6,"potions_obtained":[{"floor":2,"key":"Dexterity Potion"},{"floor":4,"key":"PowerPotion"},{"floor":5,"key":"EssenceOfSteel"},{"floor":11,"key":"Fruit Juice"},{"floor":21,"key":"Swift Potion"}],"is_trial":false}