{"gold_per_floor":[110,35,46,60,60,60,135,152,175,210,310,373,414,435,435,537,544,571,496,496,155,192,192,221,266,266,286,286,46,78,96,96,203,203,229,246,246,296,39,77,77,77,77,27,59,59,89,109,109,109],"floor_reached":51,"playtime":3467,"items_purged":["Doubt","Strike_G","Writhe","Strike_G"],"score":1022,"play_id":"ee99a483-af44-4047-a2f1-13de4c594469","local_time":"20190927224302","is_ascension_mode":true,"campfire_choices":[{"data":"Neutralize","floor":6,"key":"SMITH"},{"floor":15,"key":"REST"},{"data":"1","floor":23,"key":"LIFT"},{"data":"2","floor":28,"key":"LIFT"},{"data":"Calculated Gamble","floor":32,"key":"SMITH"},{"data":"Metamorphosis","floor":42,"key":"SMITH"},{"data":"Adrenaline","floor":46,"key":"SMITH"},{"data":"3","floor":49,"key":"LIFT"}],"neow_cost":"CURSE","seed_source_timestamp":45655272714400,"circlet_count":0,"master_deck":["Strike_G+1","Strike_G+1","Defend_G","Defend_G","Defend_G","Defend_G","Defend_G","Survivor","Neutralize+1","Backflip","Dash","Deflect","Slice","Cloak And Dagger","Skewer","Backstab","Calculated Gamble+1","Adrenaline+1","CurseOfTheBell","Sucker Punch+1","Infinite Blades","Burst+1","Metamorphosis+1","Blade Dance+1","Calculated Gamble","Bullet Time","Well Laid Plans+1","Blade Dance"],"relics":["Ring of the Snake","Ice Cream","Vajra","Whetstone","Juzu Bracelet","CeramicFish","Girya","Calling Bell","Smiling Mask","Question Card","Dead Branch","Mango","Frozen Egg 2","Tiny Chest","Tough Bandages","Orichalcum","Molten Egg 2","Gremlin Horn","WristBlade","Bird Faced Urn","Shuriken","War Paint","Eternal Feather","Lantern","Letter Opener"],"potions_floor_usage":[13,16,30,33,50,50,50],"damage_taken":[{"damage":1,"enemies":"2 Louse","floor":1,"turns":4},{"damage":1,"enemies":"Small Slimes","floor":3,"turns":3},{"damage":1,"enemies":"Cultist","floor":4,"turns":4},{"damage":0,"enemies":"Blue Slaver","floor":8,"turns":4},{"damage":2,"enemies":"3 Sentries","floor":10,"turns":9},{"damage":21,"enemies":"Lagavulin Event","floor":12,"turns":7},{"damage":12,"enemies":"Lagavulin","floor":13,"turns":6},{"damage":0,"enemies":"Lots of Slimes","floor":14,"turns":3},{"damage":10,"enemies":"The Guardian","floor":16,"turns":11},{"damage":0,"enemies":"Chosen","floor":18,"turns":2},{"damage":26,"enemies":"Gremlin Leader","floor":24,"turns":7},{"damage":0,"enemies":"3 Byrds","floor":27,"turns":3},{"damage":3,"enemies":"Book of Stabbing","floor":30,"turns":7},{"damage":8,"enemies":"Snake Plant","floor":31,"turns":4},{"damage":15,"enemies":"Collector","floor":33,"turns":10},{"damage":0,"enemies":"Orb Walker","floor":35,"turns":1},{"damage":0,"enemies":"3 Shapes","floor":36,"turns":1},{"damage":21,"enemies":"2 Orb Walkers","floor":38,"turns":5},{"damage":0,"enemies":"Giant Head","floor":40,"turns":5},{"damage":9,"enemies":"Nemesis","floor":45,"turns":5},{"damage":0,"enemies":"Reptomancer","floor":47,"turns":3},{"damage":1,"enemies":"Writhing Mass","floor":48,"turns":4},{"damage":14,"enemies":"Donu and Deca","floor":50,"turns":4}],"seed_played":"3875599083792189349","potions_obtained":[{"floor":4,"key":"Weak Potion"},{"floor":12,"key":"SteroidPotion"},{"floor":13,"key":"Strength Potion"},{"floor":16,"key":"Explosive Potion"},{"floor":27,"key":"Weak Potion"},{"floor":30,"key":"AttackPotion"},{"floor":33,"key":"Weak Potion"},{"floor":36,"key":"DuplicationPotion"},{"floor":38,"key":"CunningPotion"}],"is_trial":false,"path_per_floor":["M","$","M","M","?","R","?","M","T","E","?","?","E","M","R","B",null,"M","?","?","$","?","R","E","T","T","M","R","$","E","M","R","B",null,"M","M","?","?","$","E","?","R","T","$","E","R","E","M","R","B",null],"character_chosen":"THE_SILENT","items_purchased":["Infinite Blades","Frozen Egg 2","Metamorphosis","Shuriken"],"campfire_rested":1,"item_purchase_floors":[21,21,29,39],"current_hp_per_floor":[69,69,68,67,60,60,49,49,49,47,47,26,14,14,35,25,70,70,70,84,84,84,84,58,58,58,58,58,58,55,47,47,32,84,84,84,84,63,63,71,84,84,84,84,81,84,84,84,84,74],"gold":109,"neow_bonus":"ONE_RARE_RELIC","is_prod":false,"is_daily":false,"chose_seed":false,"campfire_upgraded":4,"win_rate":0,"timestamp":1569642182,"path_taken":["M","$","M","M","?","R","?","M","T","E","?","?","E","M","R","BOSS","M","?","?","$","?","R","E","?","T","M","R","?","E","M","R","BOSS","M","M","?","?","?","E","?","R","T","$","E","R","E","M","R","BOSS"],"build_version":"2019-09-27","purchased_purges":4,"victory":true,"max_hp_per_floor":[70,70,70,70,70,70,70,70,70,70,70,70,70,70,70,70,70,70,70,84,84,84,84,84,84,84,84,84,84,84,84,84,84,84,84,84,84,84,84,84,84,84,84,84,84,84,84,84,84,84],"card_choices":[{"not_picked":["Outmaneuver","Prepared"],"picked":"Backflip","floor":1},{"not_picked":["Underhanded Strike","Bane"],"picked":"Dash","floor":3},{"not_picked":["Acrobatics","Deadly Poison"],"picked":"Deflect","floor":4},{"not_picked":["Setup","Dash"],"picked":"Slice","floor":8},{"not_picked":["Storm of Steel","Masterful Stab"],"picked":"Cloak And Dagger","floor":10},{"not_picked":["Bane","Predator"],"picked":"Skewer","floor":12},{"not_picked":["Sucker Punch","Dash"],"picked":"Backstab","floor":13},{"not_picked":["Choke","Masterful Stab"],"picked":"Calculated Gamble","floor":14},{"not_picked":["A Thousand Cuts","Corpse Explosion"],"picked":"Adrenaline","floor":16},{"not_picked":["Poisoned Stab+1","Outmaneuver","Dash"],"picked":"Sucker Punch+1","floor":18},{"not_picked":["Bouncing Flask","Sucker Punch","Acrobatics","Underhanded Strike"],"picked":"SKIP","floor":24},{"not_picked":["Reflex","Masterful Stab+1","Bouncing Flask"],"picked":"Burst","floor":27},{"not_picked":["Endless Agony+1","Outmaneuver","Poisoned Stab+1"],"picked":"Blade Dance","floor":30},{"not_picked":["Dagger Throw+1","Poisoned Stab+1","Deflect"],"picked":"Calculated Gamble","floor":31},{"not_picked":["Die Die Die+1","Adrenaline","Doppelganger"],"picked":"Bullet Time","floor":33},{"not_picked":["Prepared","Deflect+1","Riddle With Holes+1"],"picked":"Well Laid Plans+1","floor":35},{"not_picked":["Dagger Spray+1","Outmaneuver+1","Tactician","Riddle With Holes+1"],"picked":"SKIP","floor":36},{"not_picked":["Tools of the Trade+1","Prepared","Tactician+1"],"picked":"Well Laid Plans+1","floor":40},{"not_picked":["Dagger Throw+1","Underhanded Strike+1","Heel Hook+1"],"picked":"Blade Dance","floor":45},{"not_picked":["Deadly Poison+1","Caltrops+1","Prepared+1","PiercingWail"],"picked":"SKIP","floor":47},{"not_picked":["Quick Slash+1","Poisoned Stab+1","Sucker Punch+1","Setup"],"picked":"SKIP","floor":48}],"player_experience":330689,"relics_obtained":[{"floor":9,"key":"Whetstone"},{"floor":10,"key":"Juzu Bracelet"},{"floor":12,"key":"CeramicFish"},{"floor":13,"key":"Girya"},{"floor":17,"key":"Smiling Mask"},{"floor":17,"key":"Question Card"},{"floor":17,"key":"Dead Branch"},{"floor":24,"key":"Tough Bandages"},{"floor":25,"key":"Orichalcum"},{"floor":26,"key":"Molten Egg 2"},{"floor":30,"key":"Gremlin Horn"},{"floor":38,"key":"Bird Faced Urn"},{"floor":40,"key":"War Paint"},{"floor":43,"key":"Eternal Feather"},{"floor":45,"key":"Lantern"},{"floor":47,"key":"Letter Opener"}],"event_choices":[{"damage_healed":0,"gold_gain":0,"player_choice":"Success","damage_taken":7,"relics_obtained":["Vajra"],"max_hp_gain":0,"max_hp_loss":0,"event_name":"Scrap Ooze","floor":5,"gold_loss":0},{"damage_healed":0,"gold_gain":75,"player_choice":"Gather Gold","damage_taken":11,"max_hp_gain":0,"max_hp_loss":0,"event_name":"World of Goop","floor":7,"gold_loss":0},{"damage_healed":0,"gold_gain":100,"player_choice":"Pray","damage_taken":0,"max_hp_gain":0,"max_hp_loss":0,"event_name":"Golden Shrine","floor":11,"gold_loss":0},{"damage_healed":0,"gold_gain":0,"player_choice":"Searched \u00271\u0027 times","damage_taken":0,"max_hp_gain":0,"max_hp_loss":0,"event_name":"Dead Adventurer","floor":12,"gold_loss":0},{"cards_removed":["Strike_G"],"damage_healed":0,"gold_gain":0,"player_choice":"Gave Gold","damage_taken":0,"max_hp_gain":0,"max_hp_loss":0,"event_name":"Beggar","floor":19,"gold_loss":75},{"damage_healed":0,"gold_gain":0,"player_choice":"Gave Potion","damage_taken":0,"relics_obtained":["Mango"],"max_hp_gain":0,"max_hp_loss":0,"event_name":"WeMeetAgain","floor":20,"gold_loss":0},{"damage_healed":0,"gold_gain":0,"player_choice":"Opened","damage_taken":0,"relics_obtained":["Tiny Chest"],"max_hp_gain":0,"max_hp_loss":0,"event_name":"The Mausoleum","floor":22,"gold_loss":0,"cards_obtained":["Writhe"]},{"damage_healed":0,"gold_gain":0,"player_choice":"Ignored","damage_taken":0,"max_hp_gain":0,"max_hp_loss":0,"event_name":"Tomb of Lord Red Mask","floor":37,"gold_loss":0},{"damage_healed":0,"gold_gain":0,"player_choice":"Fight","damage_taken":0,"max_hp_gain":0,"max_hp_loss":0,"event_name":"Mysterious Sphere","floor":38,"gold_loss":0},{"cards_removed":["Well Laid Plans"],"damage_healed":13,"gold_gain":0,"player_choice":"Offered Uncommon","damage_taken":0,"max_hp_gain":0,"max_hp_loss":0,"event_name":"Bonfire Elementals","floor":41,"gold_loss":0}],"is_beta":true,"boss_relics":[{"not_picked":["Ring of the Serpent","Snecko Eye"],"picked":"Calling Bell"},{"not_picked":["Cursed Key","SlaversCollar"],"picked":"WristBlade"}],"items_purged_floors":[2,21,29,44],"is_endless":false,"potions_floor_spawned":[4,12,13,16,27,30,33,36,38],"ascension_level":3}