{"gold_per_floor":[11,26,101,112,96,125,125,159,206,206,261,279,100,117,117,117],"floor_reached":16,"playtime":746,"items_purged":["Pain"],"score":159,"play_id":"e201cbaf-0e01-4047-9acb-e5ff44e6b13e","local_time":"20190920170326","is_ascension_mode":true,"campfire_choices":[{"floor":7,"key":"REST"},{"data":"Flame Barrier","floor":15,"key":"SMITH"}],"neow_cost":"NO_GOLD","seed_source_timestamp":0,"circlet_count":0,"master_deck":["Strike_R","Strike_R","Strike_R","Strike_R","Strike_R","Defend_R","Defend_R","Defend_R","Defend_R","Bash","Feel No Pain","True Grit","Flame Barrier+1","Headbutt","Power Through","Dark Embrace","Flex","Armaments","Whirlwind","Feel No Pain"],"special_seed":0,"relics":["Burning Blood","Mango","Ancient Tea Set","Kunai","Blood Vial","WarpedTongs","Tiny Chest"],"potions_floor_usage":[6],"damage_taken":[{"damage":10.0,"enemies":"Cultist","floor":1.0,"turns":5.0},{"damage":10,"enemies":"2 Louse","floor":2,"turns":4},{"damage":0,"enemies":"Small Slimes","floor":4,"turns":3},{"damage":15,"enemies":"Exordium Thugs","floor":5,"turns":7},{"damage":8,"enemies":"Gremlin Nob","floor":6,"turns":3},{"damage":10,"enemies":"3 Sentries","floor":8,"turns":15},{"damage":41,"enemies":"Lagavulin","floor":11,"turns":9},{"damage":7,"enemies":"Exordium Wildlife","floor":12,"turns":3},{"damage":8,"enemies":"Blue Slaver","floor":14,"turns":5},{"damage":56,"enemies":"The Guardian","floor":16,"turns":11}],"seed_played":"-3369733694259750458","potions_obtained":[{"floor":2,"key":"SteroidPotion"},{"floor":4,"key":"BloodPotion"},{"floor":11,"key":"EssenceOfSteel"},{"floor":12,"key":"GamblersBrew"},{"floor":14,"key":"Block Potion"}],"is_trial":false,"path_per_floor":["M","M","?","M","M","E","R","E","T","?","E","M","$","M","R","B"],"character_chosen":"IRONCLAD","items_purchased":["Whirlwind","Feel No Pain"],"campfire_rested":1,"item_purchase_floors":[13,13],"current_hp_per_floor":[82,78,67,73,64,62,90,86,86,86,53,54,54,54,54,0],"gold":117,"neow_bonus":"ONE_RARE_RELIC","is_prod":false,"is_daily":false,"chose_seed":false,"campfire_upgraded":1,"win_rate":0,"timestamp":1569024206,"path_taken":["M","?","?","M","M","E","R","E","T","?","E","?","$","M","R","BOSS"],"build_version":"2019-07-17","purchased_purges":1,"victory":false,"max_hp_per_floor":[94,94,94,94,94,94,94,94,94,94,94,94,94,94,94,94],"card_choices":[{"not_picked":["Thunderclap","Disarm"],"picked":"Feel No Pain","floor":1.0},{"not_picked":["Shrug It Off","Thunderclap"],"picked":"True Grit","floor":2},{"not_picked":["Warcry","Hemokinesis"],"picked":"Flame Barrier","floor":4},{"not_picked":["Wild Strike","Anger"],"picked":"Headbutt","floor":5},{"not_picked":["Shockwave","Fire Breathing"],"picked":"Power Through","floor":6},{"not_picked":["Twin Strike","Metallicize"],"picked":"Dark Embrace","floor":8},{"not_picked":["Perfected Strike","Seeing Red"],"picked":"Flex","floor":11},{"not_picked":["Clash","True Grit"],"picked":"Armaments","floor":12},{"not_picked":["Anger","Clash","Shrug It Off"],"picked":"SKIP","floor":14}],"player_experience":3717504,"relics_obtained":[{"floor":6,"key":"Ancient Tea Set"},{"floor":8,"key":"Kunai"},{"floor":9,"key":"Blood Vial"},{"floor":11,"key":"Tiny Chest"}],"event_choices":[{"damage_healed":0,"gold_gain":75,"player_choice":"Gather Gold","damage_taken":11,"max_hp_gain":0,"max_hp_loss":0,"event_name":"World of Goop","floor":3,"gold_loss":0},{"damage_healed":0,"gold_gain":0,"player_choice":"Rummage","damage_taken":0,"relics_obtained":["WarpedTongs"],"max_hp_gain":0,"max_hp_loss":0,"event_name":"Accursed Blacksmith","floor":10,"gold_loss":0,"cards_obtained":["Pain"]}],"is_beta":false,"boss_relics":[],"items_purged_floors":[13],"is_endless":false,"potions_floor_spawned":[2,4,11,12,14],"killed_by":"The Guardian","ascension_level":6}