{"gold_per_floor":[114,129,144,144,144,174,174,204,204,204,219,234,249,264,264,364,364,379,379,4,19,19,19,49,49,49,49,49,49,64,79,79,179,179,194,209,56,56,71,101,101,131,131,146,161,161,0,25,25,25],"floor_reached":51,"playtime":1538,"items_purged":["Regret","Regret"],"score":937,"play_id":"86a0fcb3-7957-4e3f-9979-f22bf70b905e","local_time":"20190915171329","daily_mods":["Cursed Run","Vintage","Night Terrors"],"is_ascension_mode":false,"campfire_choices":[{"data":"Bash","floor":7,"key":"SMITH"},{"data":"Sword Boomerang","floor":10,"key":"SMITH"},{"data":"Defend_R","floor":15,"key":"SMITH"},{"data":"Fiend Fire","floor":23,"key":"SMITH"},{"data":"Shrug It Off","floor":25,"key":"SMITH"},{"data":"Ghostly","floor":29,"key":"SMITH"},{"data":"Ghostly","floor":32,"key":"SMITH"},{"data":"Dark Shackles","floor":49,"key":"SMITH"}],"neow_cost":"","seed_source_timestamp":0,"circlet_count":0,"master_deck":["Strike_R","Strike_R","Strike_R","Strike_R","Defend_R+1","Defend_R","Defend_R","Defend_R","Bash+1","Sword Boomerang+1","Doubt","Fiend Fire+1","Shrug It Off+1","Clumsy","Ghostly+1","Ghostly+1","Ghostly+1","Ghostly","Immolate","CurseOfTheBell","Clothesline","Spot Weakness","Sword Boomerang+1","Dark Shackles+1","Pain"],"special_seed":18154,"relics":["Cursed Key","Darkstone Periapt","Du-Vu Doll","Nunchaku","Strawberry","Potion Belt","FossilizedHelix","CaptainsWheel","Singing Bowl","Paper Frog","Question Card","Bag of Preparation","Meat on the Bone","HornCleat","SacredBark","Eternal Feather","Enchiridion","Charon\u0027s Ashes","Mango","Akabeko","Sundial","Centennial Puzzle","Bottled Lightning","Calling Bell","Vajra","Dodecahedron","Girya","Incense Burner","White Beast Statue","Gremlin Horn","Omamori","StoneCalendar","Lizard Tail","InkBottle","Blue Candle","Red Mask","Happy Flower"],"potions_floor_usage":[33,42],"damage_taken":[{"damage":1,"enemies":"Cultist","floor":1,"turns":3},{"damage":0,"enemies":"Small Slimes","floor":2,"turns":2},{"damage":0,"enemies":"2 Louse","floor":3,"turns":3},{"damage":12,"enemies":"3 Sentries","floor":6,"turns":11},{"damage":0,"enemies":"Gremlin Nob","floor":8,"turns":3},{"damage":0,"enemies":"Looter","floor":11,"turns":1},{"damage":0,"enemies":"3 Louse","floor":12,"turns":2},{"damage":0,"enemies":"Red Slaver","floor":13,"turns":2},{"damage":0,"enemies":"Large Slime","floor":14,"turns":4},{"damage":28,"enemies":"The Guardian","floor":16,"turns":8},{"damage":2,"enemies":"3 Byrds","floor":18,"turns":4},{"damage":1,"enemies":"Spheric Guardian","floor":21,"turns":3},{"damage":9,"enemies":"Gremlin Leader","floor":24,"turns":3},{"damage":0,"enemies":"Snecko","floor":30,"turns":3},{"damage":0,"enemies":"Snake Plant","floor":31,"turns":2},{"damage":18,"enemies":"Champ","floor":33,"turns":6},{"damage":0,"enemies":"Orb Walker","floor":35,"turns":1},{"damage":0,"enemies":"3 Darklings","floor":36,"turns":3},{"damage":0,"enemies":"Maw","floor":39,"turns":6},{"damage":0,"enemies":"Nemesis","floor":40,"turns":5},{"damage":0,"enemies":"Giant Head","floor":42,"turns":6},{"damage":0,"enemies":"4 Shapes","floor":44,"turns":2},{"damage":0,"enemies":"3 Darklings","floor":45,"turns":3},{"damage":0,"enemies":"Time Eater","floor":50,"turns":7}],"seed_played":"-1082167995622274158","potions_obtained":[{"floor":6,"key":"Block Potion"},{"floor":8,"key":"Fire Potion"},{"floor":13,"key":"Strength Potion"},{"floor":18,"key":"Energy Potion"},{"floor":31,"key":"Weak Potion"},{"floor":36,"key":"PowerPotion"},{"floor":39,"key":"BloodPotion"},{"floor":42,"key":"BloodPotion"},{"floor":44,"key":"LiquidBronze"}],"is_trial":false,"path_per_floor":["M","M","M","?","?","E","R","E","T","R","M","M","M","M","R","B",null,"M","?","$","M","$","R","E","R","T","?","?","R","M","M","R","B",null,"M","M","$","?","M","E","?","E","T","M","M","?","?","T","R","B",null],"character_chosen":"IRONCLAD","items_purchased":["Charon\u0027s Ashes","Clothesline"],"campfire_rested":0,"item_purchase_floors":[20,37],"current_hp_per_floor":[79,86,86,79,72,60,60,62,68,68,68,68,68,68,68,58,101,99,83,83,96,96,102,93,99,105,60,60,60,60,60,60,48,72,72,72,72,68,68,68,68,68,68,68,68,68,68,68,68,74],"gold":25,"neow_bonus":"","is_prod":false,"is_daily":true,"chose_seed":false,"campfire_upgraded":8,"win_rate":0,"timestamp":1568585609,"path_taken":["M","M","M","?","?","E","R","E","T","R","M","M","M","M","R","BOSS","M","?","$","M","$","R","E","R","T","?","?","R","M","M","R","BOSS","M","M","$","?","M","E","?","E","T","M","M","?","?","?","R","BOSS"],"build_version":"2019-09-12","purchased_purges":2,"victory":true,"max_hp_per_floor":[80,87,87,87,87,87,87,89,95,95,95,95,95,95,95,101,101,101,101,101,115,115,115,115,115,121,60,60,60,60,60,60,66,72,72,72,72,68,68,68,68,68,68,68,68,68,68,68,68,74],"card_choices":[{"not_picked":["Cleave","Thunderclap"],"picked":"Sword Boomerang","floor":6},{"not_picked":["Body Slam","Warcry","Havoc"],"picked":"Singing Bowl","floor":8},{"not_picked":["Exhume","Limit Break","Brutality"],"picked":"Fiend Fire","floor":16},{"not_picked":["Clash","Armaments+1","Intimidate"],"picked":"Shrug It Off","floor":24},{"not_picked":["Juggernaut","Feed","Dark Embrace"],"picked":"Immolate","floor":33},{"not_picked":["Second Wind","Thunderclap+1","Havoc+1"],"picked":"Spot Weakness","floor":40},{"not_picked":["Offering","Clothesline+1","Perfected Strike"],"picked":"Sword Boomerang+1","floor":42},{"not_picked":["Good Instincts","Dramatic Entrance","Impatience"],"picked":"Dark Shackles","floor":46}],"player_experience":284270,"relics_obtained":[{"floor":1,"key":"Nunchaku"},{"floor":2,"key":"Strawberry"},{"floor":3,"key":"Potion Belt"},{"floor":6,"key":"CaptainsWheel"},{"floor":8,"key":"Singing Bowl"},{"floor":9,"key":"Paper Frog"},{"floor":11,"key":"Question Card"},{"floor":12,"key":"Bag of Preparation"},{"floor":13,"key":"Meat on the Bone"},{"floor":14,"key":"HornCleat"},{"floor":18,"key":"Eternal Feather"},{"floor":19,"key":"Enchiridion"},{"floor":21,"key":"Mango"},{"floor":24,"key":"Akabeko"},{"floor":26,"key":"Sundial"},{"floor":30,"key":"Centennial Puzzle"},{"floor":31,"key":"Bottled Lightning"},{"floor":34,"key":"Vajra"},{"floor":34,"key":"Dodecahedron"},{"floor":34,"key":"Girya"},{"floor":35,"key":"Incense Burner"},{"floor":36,"key":"White Beast Statue"},{"floor":39,"key":"Gremlin Horn"},{"floor":40,"key":"Omamori"},{"floor":42,"key":"StoneCalendar"},{"floor":43,"key":"Lizard Tail"},{"floor":44,"key":"InkBottle"},{"floor":45,"key":"Blue Candle"},{"floor":48,"key":"Happy Flower"}],"event_choices":[{"damage_healed":0,"gold_gain":0,"player_choice":"Success","damage_taken":7,"relics_obtained":["FossilizedHelix"],"max_hp_gain":0,"max_hp_loss":0,"event_name":"Scrap Ooze","floor":4,"gold_loss":0},{"cards_removed":["Strike_R"],"damage_healed":0,"gold_gain":0,"player_choice":"Card Removal","damage_taken":7,"max_hp_gain":0,"max_hp_loss":0,"event_name":"Golden Wing","floor":5,"gold_loss":0},{"damage_healed":0,"gold_gain":0,"player_choice":"Obtained Book","damage_taken":16,"max_hp_gain":0,"max_hp_loss":0,"event_name":"Cursed Tome","floor":19,"gold_loss":0},{"damage_healed":0,"gold_gain":0,"player_choice":"Became a Ghost","damage_taken":0,"max_hp_gain":0,"max_hp_loss":61,"event_name":"Ghosts","floor":27,"gold_loss":0,"cards_obtained":["Ghostly","Ghostly","Ghostly","Ghostly","Ghostly"]},{"damage_healed":0,"gold_gain":0,"player_choice":"Upgraded","damage_taken":0,"max_hp_gain":0,"max_hp_loss":0,"event_name":"Upgrade Shrine","floor":28,"gold_loss":0,"cards_upgraded":["Ghostly"]},{"damage_healed":0,"gold_gain":0,"player_choice":"Max HP","damage_taken":0,"max_hp_gain":0,"max_hp_loss":4,"event_name":"Winding Halls","floor":38,"gold_loss":0},{"cards_removed":["Ghostly"],"damage_healed":0,"gold_gain":0,"player_choice":"Removed Skill","damage_taken":0,"max_hp_gain":0,"max_hp_loss":0,"event_name":"Falling","floor":41,"gold_loss":0},{"damage_healed":0,"gold_gain":0,"player_choice":"Memory 1","damage_taken":0,"max_hp_gain":0,"max_hp_loss":0,"event_name":"SensoryStone","floor":46,"gold_loss":0},{"damage_healed":0,"gold_gain":0,"player_choice":"Paid","damage_taken":0,"relics_obtained":["Red Mask"],"max_hp_gain":0,"max_hp_loss":0,"event_name":"Tomb of Lord Red Mask","floor":47,"gold_loss":161}],"is_beta":true,"boss_relics":[{"not_picked":["Tiny House","Velvet Choker"],"picked":"SacredBark"},{"not_picked":["Runic Cube","Sozu"],"picked":"Calling Bell"}],"items_purged_floors":[20,37],"is_endless":false,"potions_floor_spawned":[6,8,13,18,31,36,39,40,42,44,45],"ascension_level":0}