{"gold_per_floor":[114,289,304,6,21,21,36,66,66,66,81,96,23,298,298,398,398,413,125,140,155,155,215,230,230,305,305,68,83,113,128,128,228,228,243,282,282,297,18,18,48,48,48,63,63,63,93,108,108,108],"floor_reached":51,"playtime":1580,"items_purged":["Strike_G","Strike_G","Strike_G","Strike_G"],"score":1147,"play_id":"a8ad5450-d066-429b-9df4-27ee7c7bec90","local_time":"20191003223420","daily_mods":["Cursed Run","Time Dilation","Lethality"],"is_ascension_mode":false,"campfire_choices":[{"data":"Neutralize","floor":6,"key":"SMITH"},{"data":"Deadly Poison","floor":10,"key":"SMITH"},{"data":"Wraith Form v2","floor":15,"key":"SMITH"},{"data":"Glass Knife","floor":25,"key":"SMITH"},{"data":"Infinite Blades","floor":32,"key":"SMITH"},{"data":"Flechettes","floor":40,"key":"SMITH"},{"data":"After Image","floor":46,"key":"SMITH"},{"floor":49,"key":"REST"}],"neow_cost":"","seed_source_timestamp":0,"circlet_count":0,"master_deck":["Strike_G","Defend_G","Defend_G","Defend_G","Defend_G","Defend_G","Survivor","Neutralize+1","Backstab","Doubt","Dagger Spray","Cloak And Dagger","Backstab","Deadly Poison+1","Riddle With Holes","Pain","Quick Slash","Dagger Spray","Wraith Form v2+1","Regret","Doubt","Glass Knife+1","Leg Sweep+1","Infinite Blades+1","Regret","PiercingWail","Injury","Wraith Form v2+1","Slice","Metamorphosis","Sucker Punch+1","Flechettes+1","Blade Dance+1","Parasite","A Thousand Cuts","CurseOfTheBell","Backstab","Blade Dance+1","Clumsy","Footwork+1","Well Laid Plans","Finisher+1","After Image+1","Secret Weapon","Dark Shackles","Pain","Prepared","Injury","Blade Dance+1","Accuracy+1","Pain"],"special_seed":18173,"relics":["Cursed Key","Darkstone Periapt","Du-Vu Doll","Membership Card","Gremlin Horn","Strawberry","Paper Crane","Busted Crown","Shuriken","Pen Nib","Question Card","Tiny Chest","Pear","Lee\u0027s Waffle","Pantograph","Calling Bell","Snake Skull","The Courier","Incense Burner","Tough Bandages","Kunai","Oddly Smooth Stone","Molten Egg 2","Centennial Puzzle","Smiling Mask","CaptainsWheel","StrikeDummy"],"potions_floor_usage":[16,24,30,48,50,50],"damage_taken":[{"damage":5,"enemies":"Jaw Worm","floor":1,"turns":2},{"damage":0,"enemies":"2 Louse","floor":3,"turns":1},{"damage":0,"enemies":"Cultist","floor":5,"turns":2},{"damage":0,"enemies":"Large Slime","floor":7,"turns":2},{"damage":6,"enemies":"3 Sentries","floor":8,"turns":4},{"damage":5,"enemies":"Red Slaver","floor":11,"turns":1},{"damage":0,"enemies":"Looter","floor":12,"turns":1},{"damage":7,"enemies":"Slime Boss","floor":16,"turns":3},{"damage":0,"enemies":"Spheric Guardian","floor":18,"turns":1},{"damage":6,"enemies":"2 Thieves","floor":20,"turns":3},{"damage":0,"enemies":"Snake Plant","floor":21,"turns":2},{"damage":0,"enemies":"Slavers","floor":23,"turns":2},{"damage":0,"enemies":"Centurion and Healer","floor":24,"turns":2},{"damage":0,"enemies":"Shelled Parasite and Fungi","floor":29,"turns":1},{"damage":7,"enemies":"Book of Stabbing","floor":30,"turns":2},{"damage":20,"enemies":"Snake Plant","floor":31,"turns":2},{"damage":26,"enemies":"Champ","floor":33,"turns":6},{"damage":2,"enemies":"3 Darklings","floor":35,"turns":3},{"damage":13,"enemies":"2 Orb Walkers","floor":36,"turns":2},{"damage":0,"enemies":"3 Shapes","floor":38,"turns":2},{"damage":0,"enemies":"Giant Head","floor":41,"turns":4},{"damage":1,"enemies":"Transient","floor":44,"turns":5},{"damage":5,"enemies":"Reptomancer","floor":47,"turns":4},{"damage":14,"enemies":"Writhing Mass","floor":48,"turns":2},{"damage":10,"enemies":"Time Eater","floor":50,"turns":3}],"seed_played":"5898277998764713723","potions_obtained":[{"floor":1,"key":"CunningPotion"},{"floor":7,"key":"Block Potion"},{"floor":8,"key":"EssenceOfSteel"},{"floor":16,"key":"Regen Potion"},{"floor":18,"key":"PowerPotion"},{"floor":29,"key":"PowerPotion"},{"floor":36,"key":"Weak Potion"}],"is_trial":false,"path_per_floor":["M","?","M","$","M","R","M","E","T","R","M","M","$","?","R","B",null,"M","$","M","M","T","E","M","R","T","?","$","M","E","M","R","B",null,"M","?","T","M","$","R","E","?","T","M","T","R","E","M","R","B",null],"character_chosen":"THE_SILENT","items_purchased":["Membership Card","Gremlin Horn","Cloak And Dagger","Wraith Form v2","Shuriken","Pen Nib","Infinite Blades","Slice","Lee\u0027s Waffle","Metamorphosis","Well Laid Plans","Oddly Smooth Stone","Molten Egg 2","Finisher+1"],"campfire_rested":1,"item_purchase_floors":[4,4,4,13,19,19,19,28,28,28,39,39,39,39],"current_hp_per_floor":[65,71,71,71,71,71,71,72,78,78,73,73,73,79,79,78,101,101,101,95,95,101,101,101,101,117,117,130,130,123,103,103,108,142,140,127,133,133,133,133,133,123,129,128,134,134,129,115,160,156],"gold":108,"neow_bonus":"","is_prod":false,"is_daily":true,"chose_seed":false,"campfire_upgraded":7,"win_rate":0,"timestamp":1570160060,"path_taken":["M","?","M","$","M","R","M","E","T","R","M","M","$","?","R","BOSS","M","$","M","M","?","E","M","R","T","?","$","?","E","M","R","BOSS","M","?","?","M","$","R","E","?","T","M","?","R","E","M","R","BOSS"],"build_version":"2019-10-03","purchased_purges":4,"victory":true,"max_hp_per_floor":[70,76,76,76,76,76,76,83,89,89,89,89,89,95,95,101,101,101,101,101,101,107,107,107,107,123,123,130,130,130,130,130,136,142,142,142,148,148,148,148,148,148,154,154,160,160,160,160,160,166],"card_choices":[{"not_picked":["Terror","Dagger Throw"],"picked":"Backstab","floor":1},{"not_picked":["Bane","Flying Knee"],"picked":"Dagger Spray","floor":3},{"not_picked":["Prepared","Dagger Throw"],"picked":"Backstab","floor":5},{"not_picked":["Bane","Outmaneuver"],"picked":"Deadly Poison","floor":7},{"not_picked":["Predator","Sucker Punch"],"picked":"Riddle With Holes","floor":8},{"not_picked":["Setup","Dagger Throw"],"picked":"Quick Slash","floor":11},{"not_picked":["Deflect","Masterful Stab"],"picked":"Dagger Spray","floor":12},{"not_picked":["Burst","Night Terror"],"picked":"Glass Knife","floor":16},{"not_picked":[],"picked":"Leg Sweep+1","floor":18},{"not_picked":["Endless Agony"],"picked":"SKIP","floor":20},{"not_picked":["Dodge and Roll"],"picked":"SKIP","floor":21},{"not_picked":["Distraction","Bullet Time"],"picked":"SKIP","floor":23},{"not_picked":["Dagger Spray+1"],"picked":"PiercingWail","floor":24},{"not_picked":["Poisoned Stab"],"picked":"Sucker Punch+1","floor":29},{"not_picked":["Dagger Throw"],"picked":"Flechettes","floor":30},{"not_picked":["Acrobatics"],"picked":"Blade Dance+1","floor":31},{"not_picked":["Bullet Time"],"picked":"A Thousand Cuts","floor":33},{"not_picked":["Blur+1"],"picked":"Backstab","floor":35},{"not_picked":["Dodge and Roll+1"],"picked":"Blade Dance+1","floor":36},{"not_picked":["Underhanded Strike"],"picked":"Footwork+1","floor":38},{"not_picked":["Unload+1"],"picked":"After Image","floor":41},{"not_picked":["Forethought"],"picked":"Secret Weapon","floor":42},{"not_picked":["The Bomb"],"picked":"Dark Shackles","floor":42},{"not_picked":["Dagger Throw+1"],"picked":"Prepared","floor":44},{"not_picked":["Blur"],"picked":"Blade Dance+1","floor":47},{"not_picked":["Dagger Throw+1"],"picked":"Accuracy+1","floor":48}],"player_experience":379956,"relics_obtained":[{"floor":8,"key":"Strawberry"},{"floor":9,"key":"Paper Crane"},{"floor":22,"key":"Question Card"},{"floor":23,"key":"Tiny Chest"},{"floor":26,"key":"Pear"},{"floor":30,"key":"Pantograph"},{"floor":34,"key":"Snake Skull"},{"floor":34,"key":"The Courier"},{"floor":34,"key":"Incense Burner"},{"floor":36,"key":"Tough Bandages"},{"floor":37,"key":"Kunai"},{"floor":41,"key":"Centennial Puzzle"},{"floor":43,"key":"Smiling Mask"},{"floor":45,"key":"CaptainsWheel"},{"floor":47,"key":"StrikeDummy"}],"event_choices":[{"damage_healed":0,"gold_gain":175,"player_choice":"AGREE","damage_taken":0,"max_hp_gain":0,"max_hp_loss":0,"event_name":"Liars Game","floor":2,"gold_loss":0,"cards_obtained":["Doubt"]},{"damage_healed":0,"gold_gain":275,"player_choice":"Desecrate","damage_taken":0,"max_hp_gain":0,"max_hp_loss":0,"event_name":"Golden Shrine","floor":14,"gold_loss":0,"cards_obtained":["Regret"]},{"damage_healed":0,"gold_gain":0,"player_choice":"Copied","damage_taken":0,"max_hp_gain":0,"max_hp_loss":0,"event_name":"Duplicator","floor":27,"gold_loss":0,"cards_obtained":["Wraith Form v2"]},{"damage_healed":0,"gold_gain":0,"player_choice":"Fight","damage_taken":0,"max_hp_gain":0,"max_hp_loss":0,"event_name":"Mysterious Sphere","floor":36,"gold_loss":0},{"damage_healed":0,"gold_gain":0,"player_choice":"Memory 3","damage_taken":10,"max_hp_gain":0,"max_hp_loss":0,"event_name":"SensoryStone","floor":42,"gold_loss":0}],"is_beta":true,"boss_relics":[{"not_picked":["Runic Pyramid","HoveringKite"],"picked":"Busted Crown"},{"not_picked":["SacredBark","Snecko Eye"],"picked":"Calling Bell"}],"items_purged_floors":[13,19,28,39],"is_endless":false,"potions_floor_spawned":[1,7,8,16,18,20,29,36,41,44],"ascension_level":0}