{"gold_per_floor":[115,131,145,163,163,196,196,228,253,253,267,285,159,159,159,261,261,251,251,265,285,285],"floor_reached":22,"playtime":1177,"items_purged":[],"score":228,"play_id":"fdf0ca56-8a09-46b9-a54d-9830d34d37a8","local_time":"20190630055313","is_ascension_mode":true,"campfire_choices":[{"floor":7,"key":"REST"},{"floor":10,"key":"REST"},{"floor":15,"key":"REST"}],"neow_cost":"NONE","seed_source_timestamp":1480883553237859,"circlet_count":0,"master_deck":["Defend_B","Defend_B","Defend_B","Zap","Dualcast","Static Discharge","Conserve Battery","Gash","Genetic Algorithm","Melter","Blizzard","Coolheaded","Thunder Strike","Chaos","Stack","Double Energy"],"relics":["Cracked Core","Vajra","PreservedInsect","Bronze Scales","Strawberry","Tiny Chest","Empty Cage"],"potions_floor_usage":[16,18],"damage_taken":[{"damage":3,"enemies":"2 Louse","floor":1,"turns":2},{"damage":0,"enemies":"Small Slimes","floor":2,"turns":3},{"damage":0,"enemies":"Jaw Worm","floor":3,"turns":5},{"damage":16,"enemies":"Lots of Slimes","floor":4,"turns":4},{"damage":33,"enemies":"Gremlin Nob","floor":6,"turns":4},{"damage":23,"enemies":"3 Sentries","floor":8,"turns":6},{"damage":23,"enemies":"Gremlin Gang","floor":11,"turns":3},{"damage":7,"enemies":"Blue Slaver","floor":12,"turns":3},{"damage":19,"enemies":"Hexaghost","floor":16,"turns":9},{"damage":13,"enemies":"2 Thieves","floor":18,"turns":4},{"damage":5,"enemies":"3 Byrds","floor":20,"turns":3},{"damage":27,"enemies":"Snake Plant","floor":21,"turns":4},{"damage":11,"enemies":"3 Cultists","floor":22,"turns":3}],"seed_played":"4177281322962572521","potions_obtained":[{"floor":1,"key":"Ancient Potion"},{"floor":3,"key":"Weak Potion"},{"floor":6,"key":"SpeedPotion"},{"floor":21,"key":"Weak Potion"}],"is_trial":false,"path_per_floor":["M","M","M","M","?","E","R","E","T","R","M","M","$","?","R","B",null,"M","?","M","M","M"],"character_chosen":"DEFECT","items_purchased":["Tiny Chest"],"campfire_rested":3,"item_purchase_floors":[13],"current_hp_per_floor":[79,79,79,63,56,23,47,24,31,57,34,27,27,20,46,27,89,76,76,71,44,33],"gold":285,"neow_bonus":"TEN_PERCENT_HP_BONUS","is_prod":false,"is_daily":false,"chose_seed":false,"campfire_upgraded":0,"win_rate":0,"timestamp":1561888393,"path_taken":["M","M","M","M","?","E","R","E","T","R","M","M","$","?","R","BOSS","M","?","M","M","M"],"build_version":"2019-01-23","purchased_purges":0,"victory":false,"max_hp_per_floor":[82,82,82,82,82,82,82,82,89,89,89,89,89,89,89,89,89,89,89,89,89,89],"card_choices":[{"not_picked":["BootSequence","Double Energy"],"picked":"Static Discharge","floor":1},{"not_picked":["Static Discharge","Stack"],"picked":"Conserve Battery","floor":2},{"not_picked":["Auto Shields","Stack"],"picked":"Gash","floor":3},{"not_picked":["Go for the Eyes","Compile Driver"],"picked":"Genetic Algorithm","floor":4},{"not_picked":["Gash","Cold Snap"],"picked":"Melter","floor":6},{"not_picked":["Fusion","Gash"],"picked":"Blizzard","floor":8},{"not_picked":["Storm","Steam"],"picked":"Coolheaded","floor":11},{"not_picked":["Cold Snap","Turbo","Barrage"],"picked":"SKIP","floor":12},{"not_picked":["Amplify","Multi-Cast"],"picked":"Thunder Strike","floor":16},{"not_picked":["BootSequence","Compile Driver+1","Stack"],"picked":"SKIP","floor":18},{"not_picked":["Consume","Darkness"],"picked":"Double Energy","floor":20},{"not_picked":["Coolheaded","Conserve Battery+1","Chaos"],"picked":"SKIP","floor":21}],"player_experience":302923,"relics_obtained":[{"floor":6,"key":"PreservedInsect"},{"floor":8,"key":"Bronze Scales"},{"floor":9,"key":"Strawberry"}],"event_choices":[{"damage_healed":0,"gold_gain":0,"player_choice":"Success","damage_taken":7,"relics_obtained":["Vajra"],"max_hp_gain":0,"max_hp_loss":0,"event_name":"Scrap Ooze","floor":5,"gold_loss":0},{"cards_removed":["Strike_B"],"damage_healed":0,"gold_gain":0,"player_choice":"Card Removal","damage_taken":7,"max_hp_gain":0,"max_hp_loss":0,"event_name":"Golden Wing","floor":14,"gold_loss":0},{"damage_healed":0,"gold_gain":0,"cards_transformed":["Strike_B","Defend_B"],"player_choice":"Became Test Subject","damage_taken":0,"max_hp_gain":0,"max_hp_loss":0,"event_name":"Drug Dealer","floor":19,"gold_loss":0,"cards_obtained":["Chaos","Stack"]}],"is_beta":false,"boss_relics":[{"not_picked":["Tiny House","Ectoplasm"],"picked":"Empty Cage"}],"items_purged_floors":[],"is_endless":false,"potions_floor_spawned":[1,3,6,12,21],"killed_by":"3 Cultists","ascension_level":3}