{"gold_per_floor":[110,110,123,150,164,198,198,224,251,251,269,301,301,311,311,410,410,428,19,119,139,152,182,182,281,281,13,42,54,54,67,67,163,163,175,175,186,8,108,108,119,119,142,158,186,186,197,211,211,211],"floor_reached":50,"playtime":3880,"items_purged":[],"score":693,"play_id":"3b788fe2-7799-4ef6-af45-370352076271","local_time":"20190811140549","is_ascension_mode":true,"campfire_choices":[{"floor":7.0,"key":"REST"},{"data":"Body Slam","floor":10.0,"key":"SMITH"},{"data":"Spot Weakness","floor":13,"key":"SMITH"},{"data":"Inflame","floor":15,"key":"SMITH"},{"floor":24,"key":"REST"},{"floor":30,"key":"REST"},{"floor":32,"key":"REST"},{"data":"Dual Wield","floor":40,"key":"SMITH"},{"data":"Armaments","floor":42,"key":"SMITH"},{"data":"Flame Barrier","floor":49,"key":"SMITH"}],"neow_cost":"NONE","seed_source_timestamp":94707515194464,"circlet_count":0,"master_deck":["Strike_R","Strike_R","Strike_R","Defend_R","Defend_R","Defend_R+1","Defend_R","Bash","Ghostly Armor","Spot Weakness+1","Clash","Body Slam+1","Bludgeon","Inflame+1","Whirlwind","Clash","Limit Break+1","Uppercut","Feel No Pain","Armaments+1","Shockwave","Havoc+1","Dual Wield+1","Metallicize+1","Sentinel","Evolve+1","Metallicize+1","Reaper","Pummel+1","Second Wind+1","Fire Breathing+1","Seeing Red","Flame Barrier+1","Rage+1","Madness","Madness","Heavy Blade+1"],"special_seed":0,"relics":["Burning Blood","NeowsBlessing","Red Skull","Anchor","Pantograph","Blood Vial","Bird Faced Urn","Sozu","Charon\u0027s Ashes","Ancient Tea Set","Frozen Egg 2","PreservedInsect","War Paint","Coffee Dripper","Pen Nib","Girya","Centennial Puzzle","Incense Burner"],"potions_floor_usage":[23,39],"damage_taken":[{"damage":0.0,"enemies":"Small Slimes","floor":1.0,"turns":1.0},{"damage":0.0,"enemies":"Cultist","floor":3.0,"turns":1.0},{"damage":0.0,"enemies":"Jaw Worm","floor":5.0,"turns":1.0},{"damage":31.0,"enemies":"Lagavulin","floor":6.0,"turns":6.0},{"damage":24.0,"enemies":"Gremlin Nob","floor":8.0,"turns":4.0},{"damage":0,"enemies":"Blue Slaver","floor":11,"turns":2},{"damage":20,"enemies":"3 Sentries","floor":12,"turns":6},{"damage":0,"enemies":"2 Fungi Beasts","floor":14,"turns":2},{"damage":46,"enemies":"Slime Boss","floor":16,"turns":7},{"damage":13,"enemies":"Spheric Guardian","floor":18,"turns":4},{"damage":15,"enemies":"Shell Parasite","floor":21,"turns":3},{"damage":10,"enemies":"Centurion and Healer","floor":22,"turns":5},{"damage":79,"enemies":"Gremlin Leader","floor":23,"turns":6},{"damage":10,"enemies":"Book of Stabbing","floor":28,"turns":3},{"damage":34,"enemies":"Sentry and Sphere","floor":29,"turns":4},{"damage":14,"enemies":"Snake Plant","floor":31,"turns":2},{"damage":67,"enemies":"Champ","floor":33,"turns":10},{"damage":10,"enemies":"Orb Walker","floor":35,"turns":3},{"damage":41,"enemies":"3 Darklings","floor":37,"turns":6},{"damage":24,"enemies":"Mind Bloom Boss Battle","floor":39,"turns":6},{"damage":7,"enemies":"Transient","floor":41,"turns":5},{"damage":20,"enemies":"Sphere and 2 Shapes","floor":44,"turns":5},{"damage":41,"enemies":"Nemesis","floor":45,"turns":11},{"damage":41,"enemies":"Writhing Mass","floor":47,"turns":5},{"damage":7,"enemies":"3 Darklings","floor":48,"turns":3},{"damage":93,"enemies":"Awakened One","floor":50,"turns":7}],"seed_played":"18710959665202813","potions_obtained":[{"floor":3.0,"key":"SteroidPotion"},{"floor":5.0,"key":"PowerPotion"},{"floor":8.0,"key":"BloodPotion"},{"floor":14,"key":"FearPotion"}],"is_trial":false,"path_per_floor":["M","?","M","T","M","E","R","E","T","R","M","E","R","M","R","B",null,"M","$","?","M","M","E","R","?","T","$","E","M","R","M","R","B",null,"M","?","M","$","?","R","M","R","T","M","E","?","M","M","R","B"],"character_chosen":"IRONCLAD","items_purchased":["Charon\u0027s Ashes","Feel No Pain","Armaments","PreservedInsect","Metallicize+1","Sentinel","Pen Nib","Fire Breathing+1"],"campfire_rested":4,"item_purchase_floors":[19,19,19,27,27,27,38,38],"current_hp_per_floor":[80,80,80,80,80,55,79,61,61,61,69,57,57,65,65,40,80,73,73,73,68,70,23,47,47,47,47,49,29,53,51,75,25,80,76,76,51,51,70,70,79,79,79,72,62,52,23,49,49,0],"gold":211,"neow_bonus":"THREE_ENEMY_KILL","is_prod":false,"is_daily":false,"chose_seed":false,"campfire_upgraded":6,"win_rate":0,"timestamp":1565557549,"path_taken":["M","?","?","?","M","E","R","E","T","R","?","E","R","M","R","BOSS","M","$","?","?","M","E","R","?","T","?","E","M","R","M","R","BOSS","M","?","M","$","?","R","M","R","T","M","E","?","M","M","R","BOSS"],"build_version":"2019-07-17","purchased_purges":0,"victory":false,"max_hp_per_floor":[80,80,80,80,80,80,80,80,80,80,80,80,80,80,80,80,80,80,80,80,80,80,80,80,80,80,80,80,80,80,80,80,80,80,80,80,80,80,80,80,80,80,80,80,80,80,80,80,80,80],"card_choices":[{"not_picked":["Twin Strike","Power Through"],"picked":"Ghostly Armor","floor":1.0},{"not_picked":["Carnage","Entrench"],"picked":"Spot Weakness","floor":3.0},{"not_picked":["Armaments","Rupture"],"picked":"Clash","floor":5.0},{"not_picked":["Havoc","Sword Boomerang"],"picked":"Body Slam","floor":6.0},{"not_picked":["Thunderclap","Armaments"],"picked":"Bludgeon","floor":8.0},{"not_picked":["Clothesline","Havoc"],"picked":"Inflame","floor":11},{"not_picked":["Thunderclap","Combust"],"picked":"Whirlwind","floor":12},{"not_picked":["Wild Strike","Havoc"],"picked":"Clash","floor":14},{"not_picked":["Dark Embrace","Double Tap"],"picked":"Limit Break","floor":16},{"not_picked":["Fire Breathing","Pommel Strike"],"picked":"Uppercut","floor":18},{"not_picked":["Clothesline","Body Slam"],"picked":"Shockwave","floor":21},{"not_picked":["Warcry","Carnage"],"picked":"Havoc+1","floor":22},{"not_picked":["Blood for Blood","Twin Strike"],"picked":"Dual Wield","floor":23},{"not_picked":["Twin Strike","Rupture+1"],"picked":"Evolve+1","floor":28},{"not_picked":["Sword Boomerang","Dual Wield","Perfected Strike"],"picked":"SKIP","floor":29},{"not_picked":["Hemokinesis","Clash+1"],"picked":"Metallicize+1","floor":31},{"not_picked":["Double Tap","Brutality+1"],"picked":"Reaper","floor":33},{"not_picked":["Dual Wield+1","Clash+1"],"picked":"Pummel+1","floor":35},{"not_picked":["Whirlwind+1","Cleave"],"picked":"Second Wind+1","floor":37},{"not_picked":["Ghostly Armor","Hemokinesis"],"picked":"Seeing Red","floor":39},{"not_picked":["Power Through","Entrench"],"picked":"Flame Barrier","floor":41},{"not_picked":["Cleave","Shockwave","Perfected Strike"],"picked":"SKIP","floor":44},{"not_picked":["Thunderclap","Warcry"],"picked":"Rage+1","floor":45},{"not_picked":["Armaments","Body Slam+1"],"picked":"Heavy Blade+1","floor":47},{"not_picked":["Cleave+1","Second Wind","Dual Wield"],"picked":"SKIP","floor":48}],"player_experience":2891090,"relics_obtained":[{"floor":4.0,"key":"Red Skull"},{"floor":6.0,"key":"Anchor"},{"floor":8.0,"key":"Pantograph"},{"floor":9.0,"key":"Blood Vial"},{"floor":12,"key":"Bird Faced Urn"},{"floor":23,"key":"Ancient Tea Set"},{"floor":26,"key":"Frozen Egg 2"},{"floor":28,"key":"War Paint"},{"floor":39,"key":"Girya"},{"floor":43,"key":"Centennial Puzzle"},{"floor":45,"key":"Incense Burner"}],"event_choices":[{"cards_removed":["Strike_R"],"damage_healed":0.0,"max_hp_gain":0.0,"max_hp_loss":0.0,"gold_gain":0.0,"event_name":"Bonfire Elementals","player_choice":"Offered Basic","floor":2.0,"gold_loss":0.0,"damage_taken":0.0},{"damage_healed":0,"gold_gain":100,"player_choice":"Pray","damage_taken":0,"max_hp_gain":0,"max_hp_loss":0,"event_name":"Golden Shrine","floor":20,"gold_loss":0},{"damage_healed":0,"gold_gain":99,"player_choice":"Stole From Cult","damage_taken":0,"max_hp_gain":0,"max_hp_loss":0,"event_name":"Nest","floor":25,"gold_loss":0},{"cards_removed":["Strike_R"],"damage_healed":0,"gold_gain":0,"player_choice":"Removed Attack","damage_taken":0,"max_hp_gain":0,"max_hp_loss":0,"event_name":"Falling","floor":36,"gold_loss":0},{"damage_healed":0,"gold_gain":0,"player_choice":"Fight","damage_taken":0,"max_hp_gain":0,"max_hp_loss":0,"event_name":"MindBloom","floor":39,"gold_loss":0},{"damage_healed":0,"gold_gain":0,"player_choice":"Embrace Madness","damage_taken":10,"max_hp_gain":0,"max_hp_loss":0,"event_name":"Winding Halls","floor":46,"gold_loss":0,"cards_obtained":["Madness","Madness"]}],"is_beta":false,"boss_relics":[{"not_picked":["Runic Cube","Cursed Key"],"picked":"Sozu"},{"not_picked":["Runic Dome","Calling Bell"],"picked":"Coffee Dripper"}],"items_purged_floors":[],"is_endless":false,"potions_floor_spawned":[3,5,8,14,28,31,33,37,39,44,48],"killed_by":"Awakened One","ascension_level":4}