{"gold_per_floor":[218,235,235,20,38,70,70,87,87,112,112,112,112,132,132,235,235,253,278,52,52,52,52,52],"floor_reached":24,"playtime":1328,"items_purged":[],"score":212,"play_id":"7afd1f15-2462-4082-9cac-e2b5336d04ee","local_time":"20190928203849","is_ascension_mode":true,"campfire_choices":[{"floor":11.0,"key":"REST"},{"floor":15.0,"key":"REST"},{"floor":23.0,"key":"REST"}],"neow_cost":"NONE","seed_source_timestamp":0,"circlet_count":0,"master_deck":["Strike_P","Strike_P+1","Strike_P","Defend_P","Defend_P","Defend_P","Defend_P","Eruption+1","Vigilance","Consecrate+1","Meditate","FlurryOfBlows","Flash of Steel","Prostrate+1","CutThroughFate","FollowUp","FearNoEvil","Perseverance","LessonLearned","Protect+1","Tantrum","Alpha","Shame"],"special_seed":0,"relics":["PureWater","Juzu Bracelet","HornCleat","Pocketwatch","Snecko Eye","Red Mask","Happy Flower","Blood Vial"],"potions_floor_usage":[],"damage_taken":[{"damage":0.0,"enemies":"Cultist","floor":1.0,"turns":4.0},{"damage":0.0,"enemies":"Small Slimes","floor":2.0,"turns":3.0},{"damage":0.0,"enemies":"2 Louse","floor":5.0,"turns":2.0},{"damage":18.0,"enemies":"Lagavulin","floor":6.0,"turns":4.0},{"damage":7.0,"enemies":"Looter","floor":8.0,"turns":3.0},{"damage":19.0,"enemies":"3 Sentries","floor":10.0,"turns":11.0},{"damage":12.0,"enemies":"Exordium Wildlife","floor":14.0,"turns":2.0},{"damage":47.0,"enemies":"Hexaghost","floor":16.0,"turns":12.0},{"damage":0.0,"enemies":"Spheric Guardian","floor":18.0,"turns":1.0},{"damage":34.0,"enemies":"Masked Bandits","floor":19.0,"turns":5.0},{"damage":87,"enemies":"Gremlin Leader","floor":24,"turns":7}],"seed_played":"-7826399914129064447","potions_obtained":[{"floor":5.0,"key":"StancePotion"},{"floor":14.0,"key":"StancePotion"},{"floor":16.0,"key":"Ancient Potion"},{"floor":18.0,"key":"FairyPotion"}],"is_trial":false,"path_per_floor":["M","M","?","$","M","E","$","M","T","E","R","?","?","M","R","B",null,"M","?","$","?","?","R","E"],"character_chosen":"WATCHER","items_purchased":["FlurryOfBlows","Flash of Steel","Prostrate","Happy Flower","Alpha"],"campfire_rested":3,"item_purchase_floors":[4,4,4,20,20],"current_hp_per_floor":[72,72,58,58,58,40,40,33,33,14,35,59,59,47,68,21,72,72,38,38,38,38,59,0],"gold":52,"neow_bonus":"HUNDRED_GOLD","is_prod":false,"is_daily":false,"chose_seed":false,"campfire_upgraded":0,"win_rate":0,"timestamp":1569728329,"path_taken":["M","M","?","$","M","E","$","M","T","E","R","?","?","M","R","BOSS","M","?","$","?","?","R","E"],"build_version":"2019-09-27","purchased_purges":0,"victory":false,"max_hp_per_floor":[72,72,72,72,72,72,72,72,72,72,72,72,72,72,72,72,72,72,72,72,72,72,72,72],"card_choices":[{"not_picked":["EmptyBody","ThirdEye"],"picked":"Consecrate","floor":1.0},{"not_picked":["CutThroughFate","MentalFortress"],"picked":"Meditate","floor":2.0},{"not_picked":["Crescendo","Meditate"],"picked":"CutThroughFate","floor":5.0},{"not_picked":["EmptyFist","Meditate","MasterReality"],"picked":"SKIP","floor":6.0},{"not_picked":["ClearTheMind","SashWhip"],"picked":"FollowUp","floor":8.0},{"not_picked":["Halt","MentalFortress"],"picked":"FearNoEvil","floor":10.0},{"not_picked":["MasterReality","FlyingSleeves"],"picked":"Perseverance","floor":14.0},{"not_picked":["DeusExMachina","Nirvana"],"picked":"LessonLearned","floor":16.0},{"not_picked":["MasterReality+1","FearNoEvil"],"picked":"Protect+1","floor":18.0},{"not_picked":["EmptyBody","FlyingSleeves"],"picked":"Tantrum","floor":19.0}],"player_experience":33141,"relics_obtained":[{"floor":6.0,"key":"Juzu Bracelet"},{"floor":9.0,"key":"HornCleat"},{"floor":10.0,"key":"Pocketwatch"},{"floor":19.0,"key":"Red Mask"}],"event_choices":[{"damage_healed":0.0,"max_hp_gain":0.0,"max_hp_loss":0.0,"gold_gain":0.0,"event_name":"Shining Light","player_choice":"Entered Light","floor":3.0,"gold_loss":0.0,"damage_taken":14.0,"cards_upgraded":["Strike_P","Eruption"]},{"damage_healed":24.0,"max_hp_gain":0.0,"max_hp_loss":0.0,"gold_gain":0.0,"event_name":"Big Fish","player_choice":"Banana","floor":12.0,"gold_loss":0.0,"damage_taken":0.0},{"damage_healed":0.0,"max_hp_gain":0.0,"max_hp_loss":0.0,"gold_gain":0.0,"event_name":"Dead Adventurer","player_choice":"Searched \u00270\u0027 times","floor":13.0,"gold_loss":0.0,"damage_taken":0.0},{"damage_healed":0.0,"max_hp_gain":0.0,"max_hp_loss":0.0,"gold_gain":0.0,"event_name":"Masked Bandits","player_choice":"Fought Bandits","floor":19.0,"gold_loss":0.0,"damage_taken":0.0},{"cards_removed":["Strike_P"],"damage_healed":0.0,"max_hp_gain":0.0,"max_hp_loss":0.0,"gold_gain":0.0,"event_name":"Purifier","player_choice":"Purged","floor":21.0,"gold_loss":0.0,"damage_taken":0.0},{"damage_healed":0.0,"max_hp_gain":0.0,"max_hp_loss":0.0,"gold_gain":0.0,"event_name":"Addict","player_choice":"Stole Relic","floor":22.0,"gold_loss":0.0,"damage_taken":0.0,"relics_obtained":["Blood Vial"],"cards_obtained":["Shame"]}],"is_beta":true,"boss_relics":[{"not_picked":["Astrolabe","SlaversCollar"],"picked":"Snecko Eye"}],"items_purged_floors":[],"is_endless":false,"potions_floor_spawned":[5,14,16,18],"killed_by":"Gremlin Leader","ascension_level":1}