{"path_per_floor":["M","T","$","?","M","M","M","M","T","R","M","M","R","M","R","B",null,"M","M","M","$","?","R","M","R","T","?","M","$","$","M","R","B",null,"M","$","M","?","M","R","E","M","T","R","M","?","M","$","R","B"],"character_chosen":"THE_SILENT","items_purchased":["Blur"],"gold_per_floor":[113,138,63,63,81,95,112,130,156,156,168,185,185,197,197,296,296,310,329,339,239,164,164,175,175,202,202,213,88,47,60,60,160,160,180,30,48,48,62,62,91,110,110,110,120,120,130,130,130,130],"floor_reached":51,"campfire_rested":5,"playtime":3749,"current_hp_per_floor":[70,70,70,70,72,74,71,68,68,68,68,71,71,61,61,70,78,68,70,42,42,42,66,39,63,65,65,65,65,65,65,65,49,88,32,32,32,55,57,84,86,20,20,48,50,50,44,44,73,49],"items_purged":["Strike_G","Strike_G","Strike_G","Strike_G"],"gold":130,"score":700,"play_id":"88c47524-7fab-43d3-b219-ead998c9dd40","local_time":"20180322102112","is_prod":false,"is_daily":false,"is_ascension_mode":false,"campfire_upgraded":4,"timestamp":1521728472,"path_taken":["M","?","$","?","M","M","M","?","T","R","M","M","R","M","R","BOSS","M","M","M","$","?","R","M","R","T","?","M","?","$","M","R","BOSS","M","$","M","?","M","R","E","M","T","R","M","?","M","$","R","BOSS"],"build_version":"2018-03-15v3","purchased_purges":4,"victory":true,"master_deck":["Defend_G","Defend_G","Defend_G","Defend_G","Survivor","Neutralize","Noxious Fumes+1","Catalyst+1","Prepared","Backflip","Noxious Fumes+1","Noxious Fumes","Footwork","Blur","Burst+1","Footwork","Writhe","Blur","Escape Plan+1"],"max_hp_per_floor":[70,70,70,70,72,74,74,74,74,74,74,74,74,76,76,78,78,78,80,82,82,82,82,82,82,84,84,86,86,86,86,86,88,88,90,90,90,90,92,92,94,94,94,94,96,96,98,98,98,98],"relics":["Ring of the Snake","NeowsBlessing","Singing Bowl","Prayer Wheel","Lizard Tail","Art of War","Sozu","Juzu Bracelet","Gambling Chip"],"card_choices":[{"not_picked":["Infinite Blades","Dodge and Roll"],"picked":"Noxious Fumes"},{"not_picked":["Quick Slash","Crippling Poison"],"picked":"Catalyst"},{"not_picked":["Heel Hook","Acrobatics"],"picked":"Prepared"},{"not_picked":["Cloak And Dagger","Deadly Poison"],"picked":"Backflip"},{"not_picked":["Infinite Blades","Dagger Spray"],"picked":"Noxious Fumes"},{"not_picked":["Flechettes","Well Laid Plans"],"picked":"Noxious Fumes"},{"not_picked":["Dodge and Roll","Underhanded Strike"],"picked":"Footwork"},{"not_picked":["Flechettes","Poisoned Stab"],"picked":"Burst"},{"not_picked":["Catalyst","Malaise"],"picked":"Footwork"},{"not_picked":["Bane","Outmaneuver"],"picked":"Blur"},{"not_picked":["PiercingWail","Calculated Gamble"],"picked":"Escape Plan"}],"player_experience":98521,"potions_floor_usage":[8,12,16,16,33,33],"damage_taken":[{"damage":0,"enemies":"Cultist","floor":1,"turns":1},{"damage":0,"enemies":"2 Louse","floor":5,"turns":1},{"damage":0,"enemies":"Jaw Worm","floor":6,"turns":1},{"damage":3,"enemies":"Red Slaver","floor":7,"turns":6},{"damage":3,"enemies":"Exordium Thugs","floor":8,"turns":6},{"damage":0,"enemies":"Looter","floor":11,"turns":4},{"damage":9,"enemies":"Exordium Wildlife","floor":12,"turns":5},{"damage":12,"enemies":"Exordium Thugs","floor":14,"turns":5},{"damage":8,"enemies":"Slime Boss","floor":16,"turns":7},{"damage":10,"enemies":"3 Byrds","floor":18,"turns":4},{"damage":0,"enemies":"Shell Parasite","floor":19,"turns":5},{"damage":30,"enemies":"Sentry and Sphere","floor":20,"turns":5},{"damage":27,"enemies":"3 Cultists","floor":24,"turns":5},{"damage":2,"enemies":"Chosen and Byrds","floor":28,"turns":5},{"damage":0,"enemies":"Centurion and Healer","floor":31,"turns":6},{"damage":18,"enemies":"Automaton","floor":33,"turns":8},{"damage":58,"enemies":"3 Shapes","floor":35,"turns":4},{"damage":0,"enemies":"Orb Walker","floor":37,"turns":5},{"damage":0,"enemies":"Maw","floor":39,"turns":5},{"damage":0,"enemies":"Giant Head","floor":41,"turns":8},{"damage":66,"enemies":"Sphere and 2 Shapes","floor":42,"turns":7},{"damage":0,"enemies":"4 Shapes","floor":45,"turns":6},{"damage":8,"enemies":"3 Darklings","floor":47,"turns":5},{"damage":74,"enemies":"Donu and Deca","floor":50,"turns":12}],"event_choices":[{"event_name":"Living Wall","player_choice":"Forget","floor":4,"damage_taken":0},{"event_name":"Beggar","player_choice":"Gave Gold","floor":22,"damage_taken":0},{"event_name":"Cursed Tome","player_choice":"Ignored","floor":27,"damage_taken":0},{"event_name":"Winding Halls","player_choice":"Writhe","floor":38,"damage_taken":0},{"event_name":"Mysterious Sphere","player_choice":"Ignore","floor":46,"damage_taken":0}],"boss_relics":[{"not_picked":["Philosopher\u0027s Stone","Ectoplasm"],"picked":"Lizard Tail"},{"not_picked":["Runic Dome","Eternal Feather"],"picked":"Sozu"}],"potions_floor_spawned":[1,5,7,11,12,28,31,41,42,47],"seed_played":"6409458458363225184","ascension_level":0,"is_trial":false}