{"gold_per_floor":[110,127,145,70,170,170,197,210,210,244,254,254,285,296,296,296],"floor_reached":16,"playtime":1014,"items_purged":[],"score":154,"play_id":"5d5694dc-44e6-42b9-bef5-8df80c56bea5","local_time":"20190624102307","is_ascension_mode":true,"campfire_choices":[{"floor":6,"key":"RECALL"},{"floor":12,"key":"REST"},{"data":"Corruption","floor":15,"key":"SMITH"}],"neow_cost":"NONE","seed_source_timestamp":978848313571234,"circlet_count":0,"master_deck":["Strike_R","Strike_R","Strike_R","Strike_R","Strike_R","Defend_R","Defend_R","Defend_R","Defend_R","Bash","Whirlwind","Battle Trance","Corruption+1","Sentinel","Shrug It Off"],"relics":["Burning Blood","PreservedInsect","Charon\u0027s Ashes","Oddly Smooth Stone"],"potions_floor_usage":[7,7,16,16],"damage_taken":[{"damage":5,"enemies":"Jaw Worm","floor":1,"turns":4},{"damage":5,"enemies":"Cultist","floor":2,"turns":4},{"damage":5,"enemies":"2 Louse","floor":3,"turns":2},{"damage":68,"enemies":"Gremlin Nob","floor":7,"turns":6},{"damage":2,"enemies":"Looter","floor":8,"turns":4},{"damage":26,"enemies":"Lagavulin","floor":10,"turns":7},{"damage":5,"enemies":"Large Slime","floor":11,"turns":5},{"damage":0,"enemies":"3 Sentries","floor":13,"turns":2},{"damage":11,"enemies":"Gremlin Gang","floor":14,"turns":2},{"damage":55,"enemies":"The Guardian","floor":16,"turns":6}],"seed_played":"260693908313861376","potions_obtained":[{"floor":1,"key":"EssenceOfSteel"},{"floor":3,"key":"LiquidBronze"},{"floor":8,"key":"Explosive Potion"},{"floor":10,"key":"AttackPotion"},{"floor":14,"key":"Regen Potion"}],"is_trial":false,"path_per_floor":["M","M","M","$","?","R","E","M","T","E","M","R","E","M","R","B"],"character_chosen":"IRONCLAD","items_purchased":["Corruption"],"campfire_rested":1,"item_purchase_floors":[4],"current_hp_per_floor":[88,88,88,88,88,88,26,30,30,10,11,37,43,38,38,0],"gold":296,"neow_bonus":"TEN_PERCENT_HP_BONUS","is_prod":false,"is_daily":false,"chose_seed":false,"campfire_upgraded":1,"win_rate":0,"timestamp":1561386187,"path_taken":["M","M","M","$","?","R","E","M","T","E","M","R","E","M","R","BOSS"],"build_version":"2019-01-23","purchased_purges":0,"victory":false,"max_hp_per_floor":[88,88,88,88,88,88,88,88,88,88,88,88,88,88,88,88],"card_choices":[{"not_picked":["Inflame","Hemokinesis"],"picked":"Whirlwind","floor":1},{"not_picked":["Thunderclap","Perfected Strike","Clothesline"],"picked":"SKIP","floor":2},{"not_picked":["Cleave","Feel No Pain"],"picked":"Battle Trance","floor":3},{"not_picked":["Sword Boomerang","Anger"],"picked":"Sentinel","floor":7},{"not_picked":["Thunderclap","Armaments","Pommel Strike"],"picked":"SKIP","floor":8},{"not_picked":["Cleave","Armaments","Metallicize"],"picked":"SKIP","floor":10},{"not_picked":["Iron Wave","Combust","Armaments"],"picked":"SKIP","floor":11},{"not_picked":["Flame Barrier","Disarm"],"picked":"Shrug It Off","floor":13},{"not_picked":["Wild Strike","Sever Soul","Iron Wave"],"picked":"SKIP","floor":14}],"player_experience":201979,"relics_obtained":[{"floor":7,"key":"PreservedInsect"},{"floor":10,"key":"Charon\u0027s Ashes"},{"floor":13,"key":"Oddly Smooth Stone"}],"event_choices":[{"damage_healed":0,"gold_gain":100,"player_choice":"Gold","damage_taken":0,"max_hp_gain":0,"max_hp_loss":0,"event_name":"Wheel of Change","floor":5,"gold_loss":0}],"is_beta":false,"boss_relics":[],"items_purged_floors":[],"is_endless":false,"potions_floor_spawned":[1,3,8,10,14],"killed_by":"The Guardian","ascension_level":1}