{"path_per_floor":["M","?","M","M","$","R","E","M","T","$","?","M","R","$","R","B",null,"M","M","$","M","?","E","R","?","T","M","R","M","M","M","R"],"character_chosen":"IRONCLAD","items_purchased":["Whirlwind","Flex","Flex"],"gold_per_floor":[110,110,125,142,43,43,71,85,85,61,61,78,78,3,3,101,101,116,133,33,43,43,69,69,69,94,106,106,122,136,149,149,149],"floor_reached":33,"campfire_rested":1,"playtime":2008,"current_hp_per_floor":[80,64,70,68,68,68,39,44,44,44,44,42,42,42,66,25,80,65,57,57,55,55,34,34,34,34,47,47,53,49,55,55,0],"items_purged":["Strike_R","Pain"],"gold":149,"score":269,"play_id":"512e3817-2f15-4038-8655-37771bd6fcee","local_time":"20180427175156","is_prod":false,"is_daily":false,"chose_seed":false,"is_ascension_mode":false,"campfire_upgraded":5,"timestamp":1524876716,"path_taken":["M","?","M","M","$","R","E","M","T","?","?","?","R","$","R","BOSS","M","M","$","M","?","E","R","?","T","M","R","M","M","M","R","BOSS"],"build_version":"2018-04-26","seed_source_timestamp":2721229011006,"purchased_purges":2,"victory":false,"master_deck":["Strike_R","Strike_R","Strike_R","Defend_R+1","Defend_R","Defend_R+1","Defend_R","Bash","Cleave","Body Slam+1","Shockwave","Whirlwind+1","Flex+1","Iron Wave","Limit Break+1","Flex","Shrug It Off+1","Limit Break","Injury","Doubt","Headbutt+1","Evolve","Twin Strike","Pommel Strike","Heavy Blade","Shrug It Off"],"max_hp_per_floor":[80,80,80,80,80,80,80,80,80,80,80,80,80,80,80,80,80,80,80,80,80,80,80,80,80,80,80,80,80,80,80,80,80],"relics":["Burning Blood","Ornamental Fan","Mercury Hourglass","Calling Bell","Dream Catcher","Meat on the Bone","Gambling Chip","Question Card","Pen Nib"],"card_choices":[{"not_picked":["Havoc","Reckless Charge"],"picked":"Cleave","floor":1},{"not_picked":["Perfected Strike","Clothesline"],"picked":"Body Slam","floor":3},{"not_picked":["Rampage","Rupture"],"picked":"Shockwave","floor":4},{"not_picked":["Blood for Blood","Sword Boomerang"],"picked":"Iron Wave","floor":7},{"not_picked":["Heavy Blade","Clash"],"picked":"Limit Break","floor":8},{"not_picked":["Clash","Armaments"],"picked":"Shrug It Off","floor":12},{"not_picked":["Bludgeon","Dark Embrace"],"picked":"Limit Break","floor":16},{"not_picked":["Wild Strike","Sword Boomerang"],"picked":"Headbutt","floor":18},{"not_picked":["Disarm","Pummel"],"picked":"Evolve","floor":19},{"not_picked":["Clash","Power Through"],"picked":"Twin Strike","floor":21},{"not_picked":["Evolve","Clash","Combust"],"picked":"Heavy Blade","floor":27},{"not_picked":["Flex","Dark Embrace","Pommel Strike"],"picked":"Shrug It Off","floor":29}],"player_experience":54233,"potions_floor_usage":[16,21,21,33,33],"damage_taken":[{"damage":2,"enemies":"Small Slimes","floor":1,"turns":4},{"damage":0,"enemies":"2 Louse","floor":3,"turns":3},{"damage":8,"enemies":"Jaw Worm","floor":4,"turns":3},{"damage":35,"enemies":"Lagavulin","floor":7,"turns":7},{"damage":1,"enemies":"2 Fungi Beasts","floor":8,"turns":2},{"damage":8,"enemies":"Red Slaver","floor":12,"turns":2},{"damage":62,"enemies":"Hexaghost","floor":16,"turns":12},{"damage":21,"enemies":"3 Byrds","floor":18,"turns":4},{"damage":14,"enemies":"Spheric Guardian","floor":19,"turns":4},{"damage":20,"enemies":"Centurion and Healer","floor":21,"turns":6},{"damage":39,"enemies":"Slavers","floor":23,"turns":4},{"damage":5,"enemies":"Chosen and Byrds","floor":27,"turns":5},{"damage":0,"enemies":"Snecko","floor":29,"turns":4},{"damage":22,"enemies":"Snake Plant","floor":30,"turns":5},{"damage":0,"enemies":"3 Cultists","floor":31,"turns":3},{"damage":60,"enemies":"Automaton","floor":33,"turns":8}],"event_choices":[{"event_name":"Shining Light","player_choice":"Entered Light","floor":2,"damage_taken":0},{"event_name":"Match and Keep!","player_choice":"0 cards matched","floor":11,"damage_taken":0},{"event_name":"The Library","player_choice":"Read","floor":22,"damage_taken":0},{"event_name":"The Woman in Blue","player_choice":"Bought 0 Potions","floor":25,"damage_taken":0}],"boss_relics":[{"not_picked":["Sozu","Cursed Key"],"picked":"Calling Bell"}],"potions_floor_spawned":[7,8,12,18,19,29,30],"seed_played":"-8093834497046891291","killed_by":"Automaton","ascension_level":0,"is_trial":false}