{"gold_per_floor":[119,129,147,97,97,129,129,146,195,208,208,237,251,176,176,279,279,291,324,239,239,220,246,246,246,246,280,297,103,103],"floor_reached":30,"playtime":1651,"items_purged":["Strike_G"],"score":364,"play_id":"744a2cef-d634-462e-af91-166fbf6fd7ac","local_time":"20190703224715","is_ascension_mode":true,"campfire_choices":[{"floor":7.0,"key":"REST"},{"floor":11.0,"key":"RECALL"},{"floor":15.0,"key":"REST"},{"floor":24,"key":"REST"}],"neow_cost":"NONE","seed_source_timestamp":1800370312776267,"circlet_count":0,"master_deck":["Survivor","Neutralize","Skewer","Calculated Gamble","Predator","Noxious Fumes","Noxious Fumes","Phantasmal Killer","Backflip","After Image","Caltrops","Dodge and Roll","Wraith Form v2","Caltrops","Footwork","Escape Plan","PiercingWail+1","Writhe","Outmaneuver","Well Laid Plans","Grand Finale","Adrenaline","Terror","Apotheosis"],"special_seed":0,"relics":["Fusion Hammer","Pantograph","Oddly Smooth Stone","Lantern","Vajra","Pandora\u0027s Box","Red Mask","Prayer Wheel","Question Card","Omamori","Centennial Puzzle"],"potions_floor_usage":[22,27],"damage_taken":[{"damage":1.0,"enemies":"Jaw Worm","floor":1.0,"turns":5.0},{"damage":0.0,"enemies":"2 Louse","floor":2.0,"turns":3.0},{"damage":0.0,"enemies":"Small Slimes","floor":3.0,"turns":3.0},{"damage":18.0,"enemies":"Gremlin Nob","floor":6.0,"turns":3.0},{"damage":0.0,"enemies":"3 Louse","floor":8.0,"turns":2.0},{"damage":12.0,"enemies":"Gremlin Gang","floor":10.0,"turns":6.0},{"damage":20.0,"enemies":"3 Sentries","floor":12.0,"turns":5.0},{"damage":0.0,"enemies":"Blue Slaver","floor":13.0,"turns":2.0},{"damage":3.0,"enemies":"The Guardian","floor":16.0,"turns":11.0},{"damage":12.0,"enemies":"Spheric Guardian","floor":18.0,"turns":4.0},{"damage":14,"enemies":"Masked Bandits","floor":19,"turns":5},{"damage":9,"enemies":"2 Thieves","floor":22,"turns":4},{"damage":0,"enemies":"Book of Stabbing","floor":23,"turns":5},{"damage":49,"enemies":"Slavers","floor":27,"turns":6},{"damage":0,"enemies":"Snake Plant","floor":28,"turns":3},{"damage":11,"enemies":"Sentry and Sphere","floor":30,"turns":2}],"seed_played":"-4885894499472959529","potions_obtained":[{"floor":1.0,"key":"FearPotion"},{"floor":2.0,"key":"Dexterity Potion"},{"floor":3.0,"key":"Ancient Potion"},{"floor":19,"key":"Ancient Potion"},{"floor":22,"key":"Explosive Potion"},{"floor":28,"key":"Poison Potion"}],"is_trial":false,"path_per_floor":["M","M","M","?","?","E","R","M","T","M","R","E","M","$","R","B",null,"M","?","?","?","M","E","R","?","T","E","M","$","M"],"character_chosen":"THE_SILENT","items_purchased":["Apotheosis"],"campfire_rested":3,"item_purchase_floors":[29],"current_hp_per_floor":[69,69,69,69,66,48,69,69,69,57,57,37,37,37,58,67,70,58,44,44,44,35,35,56,56,56,7,7,7,0],"gold":103,"neow_bonus":"BOSS_RELIC","is_prod":false,"is_daily":false,"chose_seed":false,"campfire_upgraded":0,"win_rate":0,"timestamp":1562208435,"path_taken":["M","M","M","?","?","E","R","M","T","M","R","E","M","$","R","BOSS","M","?","?","?","M","E","R","?","T","E","?","$","M"],"build_version":"2019-07-01","purchased_purges":1,"victory":false,"max_hp_per_floor":[70,70,70,70,70,70,70,70,70,70,70,70,70,70,70,70,70,70,70,70,70,70,70,70,70,70,70,70,70,70],"card_choices":[{"not_picked":["Poisoned Stab","Crippling Poison"],"picked":"Skewer","floor":1.0},{"not_picked":["Sucker Punch","Slice"],"picked":"Calculated Gamble","floor":2.0},{"not_picked":["Sucker Punch","Cloak And Dagger","Skewer"],"picked":"SKIP","floor":3.0},{"not_picked":["Distraction","Storm of Steel","Heel Hook"],"picked":"SKIP","floor":6.0},{"not_picked":["Outmaneuver","Slice"],"picked":"Predator","floor":8.0},{"not_picked":["Flechettes","Concentrate","Skewer"],"picked":"SKIP","floor":10.0},{"not_picked":["Deadly Poison","Backflip"],"picked":"Noxious Fumes","floor":12.0},{"not_picked":["Underhanded Strike","Setup"],"picked":"Noxious Fumes","floor":13.0},{"not_picked":["Wraith Form v2","Corpse Explosion"],"picked":"Phantasmal Killer","floor":16.0},{"not_picked":["PiercingWail","Underhanded Strike"],"picked":"Acrobatics","floor":18.0},{"not_picked":["Dagger Throw","Acrobatics"],"picked":"PiercingWail+1","floor":19},{"not_picked":["Dagger Throw+1","Leg Sweep","Distraction+1"],"picked":"Outmaneuver","floor":22},{"not_picked":["All Out Attack","Deflect","Blade Dance+1","Choke"],"picked":"SKIP","floor":22},{"not_picked":["Adrenaline","Dagger Throw","Caltrops"],"picked":"Well Laid Plans","floor":23},{"not_picked":["Dagger Throw","PiercingWail","Outmaneuver"],"picked":"Adrenaline","floor":27},{"not_picked":["Eviscerate+1","Dagger Spray","Acrobatics"],"picked":"Terror","floor":28},{"not_picked":["Deflect","Poisoned Stab","Acrobatics","Concentrate"],"picked":"SKIP","floor":28}],"player_experience":352059,"relics_obtained":[{"floor":6.0,"key":"Oddly Smooth Stone"},{"floor":9.0,"key":"Lantern"},{"floor":12.0,"key":"Vajra"},{"floor":19,"key":"Red Mask"},{"floor":23,"key":"Omamori"},{"floor":27,"key":"Centennial Puzzle"}],"event_choices":[{"cards_removed":["Strike_G"],"damage_healed":0.0,"max_hp_gain":0.0,"max_hp_loss":0.0,"gold_gain":0.0,"event_name":"The Cleric","player_choice":"Card Removal","floor":4.0,"gold_loss":50.0,"damage_taken":0.0},{"damage_healed":0.0,"max_hp_gain":0.0,"max_hp_loss":0.0,"gold_gain":0.0,"event_name":"Scrap Ooze","player_choice":"Success","floor":5.0,"gold_loss":0.0,"damage_taken":3.0,"relics_obtained":["Pantograph"]},{"damage_healed":0,"gold_gain":0,"player_choice":"Fought Bandits","damage_taken":0,"max_hp_gain":0,"max_hp_loss":0,"event_name":"Masked Bandits","floor":19,"gold_loss":0},{"damage_healed":0,"gold_gain":0,"player_choice":"Obtained Relic","damage_taken":0,"relics_obtained":["Prayer Wheel"],"max_hp_gain":0,"max_hp_loss":0,"event_name":"Addict","floor":20,"gold_loss":85},{"damage_healed":0,"gold_gain":0,"player_choice":"Opened","damage_taken":0,"relics_obtained":["Question Card"],"max_hp_gain":0,"max_hp_loss":0,"event_name":"The Mausoleum","floor":21,"gold_loss":0,"cards_obtained":["Writhe"]},{"damage_healed":0,"gold_gain":0,"cards_transformed":["Acrobatics"],"player_choice":"Transformed","damage_taken":0,"max_hp_gain":0,"max_hp_loss":0,"event_name":"Transmorgrifier","floor":25,"gold_loss":0,"cards_obtained":["Grand Finale"]}],"is_beta":false,"boss_relics":[{"not_picked":["Astrolabe","Runic Dome"],"picked":"Pandora\u0027s Box"}],"items_purged_floors":[14],"is_endless":false,"potions_floor_spawned":[1,2,3,19,22,28],"killed_by":"Sentry and Sphere","ascension_level":4}