{"gold_per_floor":[119,131,81,94,169,169,182,182,182,40,50,78,90,119,119,219,219,229,229,244,17,17,42,42,72,98,124,49,69,69,79,79,184,184,203,203,222,0,0,32,32,32,32,32,57,57,57,74,74,74],"floor_reached":51,"playtime":4651,"items_purged":["Strike_P"],"score":810,"play_id":"8b3f1e96-ac6b-4518-8ed5-c0ccbd81b40d","local_time":"20190913180659","is_ascension_mode":true,"campfire_choices":[{"data":"PathToVictory","floor":6,"key":"SMITH"},{"data":"TalkToTheHand","floor":8,"key":"SMITH"},{"data":"Wish","floor":15,"key":"SMITH"},{"data":"Apotheosis","floor":24,"key":"SMITH"},{"data":"Judgement","floor":30,"key":"SMITH"},{"data":"Collect","floor":32,"key":"SMITH"},{"data":"Ragnarok","floor":41,"key":"SMITH"},{"data":"Ragnarok","floor":44,"key":"SMITH"},{"data":"ThirdEye","floor":46,"key":"SMITH"},{"data":"Worship","floor":49,"key":"SMITH"}],"neow_cost":"NONE","seed_source_timestamp":858369800368400,"circlet_count":0,"master_deck":["Strike_P","Strike_P","Defend_P","Defend_P","Defend_P","Eruption","Vigilance","TalkToTheHand+1","PathToVictory+1","EmptyFist","Judgement+1","ThirdEye+1","ForeignInfluence","Wish+1","Ragnarok+1","Consecrate+1","Worship+1","Apotheosis+1","Perseverance+1","Weave","EmptyBody+1","FollowUp","Collect+1","Ragnarok+1","Protect+1","JustLucky+1","Writhe","Scrawl","Eruption","FlyingSleeves+1"],"relics":["PureWater","NeowsBlessing","Gambling Chip","Torii","Pantograph","SacredBark","Ornamental Fan","Smiling Mask","Du-Vu Doll","Dream Catcher","Anchor","Coffee Dripper","Red Mask","Lantern","Mummified Hand","Darkstone Periapt"],"potions_floor_usage":[11,12,16,16,23,23,25,27,33,33,50],"damage_taken":[{"damage":0,"enemies":"Small Slimes","floor":1,"turns":1},{"damage":0,"enemies":"Jaw Worm","floor":2,"turns":1},{"damage":0,"enemies":"Cultist","floor":4,"turns":1},{"damage":2,"enemies":"Exordium Wildlife","floor":7,"turns":2},{"damage":0,"enemies":"Large Slime","floor":11,"turns":3},{"damage":22,"enemies":"Gremlin Nob","floor":12,"turns":4},{"damage":0,"enemies":"2 Fungi Beasts","floor":13,"turns":2},{"damage":8,"enemies":"3 Sentries","floor":14,"turns":5},{"damage":38,"enemies":"The Guardian","floor":16,"turns":17},{"damage":0,"enemies":"Chosen","floor":18,"turns":3},{"damage":1,"enemies":"3 Byrds","floor":20,"turns":3},{"damage":0,"enemies":"Gremlin Leader","floor":23,"turns":2},{"damage":1,"enemies":"Slavers","floor":25,"turns":6},{"damage":0,"enemies":"Book of Stabbing","floor":27,"turns":3},{"damage":0,"enemies":"Centurion and Healer","floor":29,"turns":4},{"damage":1,"enemies":"Sentry and Sphere","floor":31,"turns":4},{"damage":2,"enemies":"Collector","floor":33,"turns":6},{"damage":0,"enemies":"3 Darklings","floor":35,"turns":2},{"damage":1,"enemies":"Orb Walker","floor":37,"turns":3},{"damage":19,"enemies":"Nemesis","floor":40,"turns":5},{"damage":1,"enemies":"Reptomancer","floor":45,"turns":6},{"damage":0,"enemies":"Maw","floor":48,"turns":3},{"damage":57,"enemies":"Awakened One","floor":50,"turns":18}],"seed_played":"8827918365095517322","potions_obtained":[{"floor":4,"key":"DuplicationPotion"},{"floor":11,"key":"Swift Potion"},{"floor":13,"key":"Energy Potion"},{"floor":14,"key":"GamblersBrew"},{"floor":16,"key":"Energy Potion"},{"floor":23,"key":"PowerPotion"},{"floor":25,"key":"AttackPotion"},{"floor":27,"key":"SteroidPotion"},{"floor":31,"key":"PowerPotion"},{"floor":40,"key":"Ancient Potion"}],"is_trial":false,"path_per_floor":["M","M","?","M","?","R","M","R","T","$","M","E","M","E","R","B",null,"M","?","M","$","?","E","R","E","T","E","?","M","R","M","R","B",null,"M","?","M","?","$","E","R","?","T","R","E","R","?","M","R","B",null],"character_chosen":"WATCHER","items_purchased":["Judgement","Apotheosis","Explosive Potion"],"campfire_rested":0,"item_purchase_floors":[10,21,21],"current_hp_per_floor":[65,65,65,65,54,54,52,52,52,52,52,30,30,22,22,9,65,65,65,64,64,64,64,64,63,63,63,63,63,63,62,62,63,65,65,65,64,64,64,45,45,61,61,61,60,60,60,60,60,8],"gold":74,"neow_bonus":"THREE_ENEMY_KILL","is_prod":false,"is_daily":false,"chose_seed":false,"campfire_upgraded":10,"win_rate":0,"timestamp":1568416019,"path_taken":["M","M","?","M","?","R","M","R","T","?","M","E","?","E","R","BOSS","M","?","M","$","?","E","R","E","T","E","?","M","R","M","R","BOSS","M","?","M","?","$","E","R","?","T","R","E","R","?","?","R","BOSS"],"build_version":"2019-09-12","purchased_purges":1,"victory":true,"max_hp_per_floor":[65,65,65,65,65,65,65,65,65,65,65,65,65,65,65,65,65,65,65,65,65,65,65,65,65,65,65,65,65,65,65,65,65,65,65,65,65,65,65,65,65,65,65,65,65,65,65,65,65,65],"card_choices":[{"not_picked":["BowlingBash","EmptyFist"],"picked":"TalkToTheHand","floor":1},{"not_picked":["BowlingBash","Vengeance"],"picked":"PathToVictory","floor":2},{"not_picked":["CrushJoints","Prostrate"],"picked":"EmptyFist","floor":4},{"not_picked":["Sanctity","EmptyFist","Vengeance"],"picked":"SKIP","floor":7},{"not_picked":["Sanctity","EmptyFist","Vengeance"],"picked":"SKIP","floor":7},{"not_picked":["Prostrate","FollowUp"],"picked":"ThirdEye","floor":11},{"not_picked":["Clarity","Weave"],"picked":"ForeignInfluence","floor":12},{"not_picked":["Consecrate","PathToVictory","InnerPeace"],"picked":"SKIP","floor":13},{"not_picked":["Weave","Meditate"],"picked":"Wish","floor":14},{"not_picked":["FlowState","Blasphemy"],"picked":"Ragnarok","floor":16},{"not_picked":["CrushJoints","EmptyFist"],"picked":"Consecrate+1","floor":18},{"not_picked":["PathToVictory","Weave","FearNoEvil+1"],"picked":"SKIP","floor":20},{"not_picked":["PathToVictory","CutThroughFate"],"picked":"Perseverance+1","floor":23},{"not_picked":["ThirdEye+1","Swivel"],"picked":"Weave","floor":25},{"not_picked":["Omniscience","JustLucky"],"picked":"EmptyBody+1","floor":27},{"not_picked":["Perseverance","CarveReality"],"picked":"FollowUp","floor":29},{"not_picked":["FollowUp+1","Meditate"],"picked":"Collect","floor":31},{"not_picked":["SignatureMove","Nirvana"],"picked":"Ragnarok","floor":33},{"not_picked":["Consecrate+1","Meditate","Halt"],"picked":"SKIP","floor":35},{"not_picked":["CleanseEvil+1","ThirdEye"],"picked":"Protect+1","floor":37},{"not_picked":["Perseverance","EmptyFist"],"picked":"JustLucky+1","floor":40},{"not_picked":["PathToVictory","Halt+1","Scrawl+1"],"picked":"SKIP","floor":45},{"not_picked":["Prostrate","Sanctity"],"picked":"FlyingSleeves+1","floor":48}],"player_experience":264380,"relics_obtained":[{"floor":9,"key":"Gambling Chip"},{"floor":12,"key":"Torii"},{"floor":14,"key":"Pantograph"},{"floor":23,"key":"Smiling Mask"},{"floor":25,"key":"Du-Vu Doll"},{"floor":26,"key":"Dream Catcher"},{"floor":27,"key":"Anchor"},{"floor":40,"key":"Lantern"},{"floor":43,"key":"Mummified Hand"},{"floor":45,"key":"Darkstone Periapt"}],"event_choices":[{"cards_removed":["Strike_P"],"damage_healed":0,"gold_gain":0,"player_choice":"Card Removal","damage_taken":0,"max_hp_gain":0,"max_hp_loss":0,"event_name":"The Cleric","floor":3,"gold_loss":50},{"damage_healed":0,"gold_gain":75,"player_choice":"Gather Gold","damage_taken":11,"max_hp_gain":0,"max_hp_loss":0,"event_name":"World of Goop","floor":5,"gold_loss":0},{"damage_healed":0,"gold_gain":0,"player_choice":"Read","damage_taken":0,"max_hp_gain":0,"max_hp_loss":0,"event_name":"The Library","floor":19,"gold_loss":0,"cards_obtained":["Worship"]},{"damage_healed":0,"gold_gain":0,"player_choice":"Opened","damage_taken":0,"relics_obtained":["Ornamental Fan"],"max_hp_gain":0,"max_hp_loss":0,"event_name":"The Mausoleum","floor":22,"gold_loss":0,"cards_obtained":["Writhe"]},{"cards_removed":["Writhe"],"damage_healed":0,"gold_gain":0,"player_choice":"Gave Gold","damage_taken":0,"max_hp_gain":0,"max_hp_loss":0,"event_name":"Beggar","floor":28,"gold_loss":75},{"cards_removed":["Defend_P"],"damage_healed":0,"gold_gain":0,"player_choice":"Removed Skill","damage_taken":0,"max_hp_gain":0,"max_hp_loss":0,"event_name":"Falling","floor":36,"gold_loss":0},{"damage_healed":0,"gold_gain":0,"player_choice":"Paid","damage_taken":0,"relics_obtained":["Red Mask"],"max_hp_gain":0,"max_hp_loss":0,"event_name":"Tomb of Lord Red Mask","floor":38,"gold_loss":222},{"damage_healed":16,"gold_gain":0,"player_choice":"Writhe","damage_taken":0,"max_hp_gain":0,"max_hp_loss":0,"event_name":"Winding Halls","floor":42,"gold_loss":0,"cards_obtained":["Writhe"]},{"damage_healed":0,"gold_gain":0,"player_choice":"2 cards matched","damage_taken":0,"max_hp_gain":0,"max_hp_loss":0,"event_name":"Match and Keep!","floor":47,"gold_loss":0,"cards_obtained":["Scrawl","Eruption"]}],"is_beta":true,"boss_relics":[{"not_picked":["Runic Dome","Tiny House"],"picked":"SacredBark"},{"not_picked":["Pandora\u0027s Box","Sozu"],"picked":"Coffee Dripper"}],"items_purged_floors":[10],"is_endless":false,"potions_floor_spawned":[4,11,13,14,16,23,25,27,31,40],"ascension_level":1}