{"path_per_floor":["M","$","M","M","M","R","M","R","T","?","R","M","R","M","R","B",null,"M","$","M","M","?","?","$","R","T","R","M","M","M","$","R"],"character_chosen":"THE_SILENT","items_purchased":["Footwork","Deadly Poison","Prepared"],"gold_per_floor":[119,45,64,80,97,97,108,108,108,108,108,127,127,143,143,244,244,258,161,141,160,160,160,8,8,8,8,26,43,58,58,58,58],"floor_reached":33,"campfire_rested":1,"playtime":2136,"current_hp_per_floor":[69,69,69,69,57,57,55,55,55,55,55,55,55,55,55,20,70,63,63,48,48,48,48,48,54,54,60,22,21,15,15,44,0],"items_purged":["Strike_G","Writhe"],"gold":58,"score":241,"play_id":"7cbf1149-a068-4a05-be34-496cbed69db8","local_time":"20180520143613","is_prod":false,"is_daily":false,"chose_seed":false,"is_ascension_mode":false,"campfire_upgraded":7,"timestamp":1526852173,"campfire_choices":[{"data":"Footwork","floor":6,"key":"SMITH"},{"data":"Noxious Fumes","floor":8,"key":"SMITH"},{"data":"Survivor","floor":11,"key":"SMITH"},{"data":"Backflip","floor":13,"key":"SMITH"},{"data":"Neutralize","floor":15,"key":"SMITH"},{"data":"Deadly Poison","floor":25,"key":"SMITH"},{"data":"Poisoned Stab","floor":27,"key":"SMITH"},{"floor":32,"key":"REST"}],"path_taken":["M","$","M","M","?","R","M","R","T","?","R","M","R","M","R","BOSS","M","$","M","M","?","?","$","R","T","R","?","M","?","?","R","BOSS"],"build_version":"2018-05-17","seed_source_timestamp":50073858508867,"purchased_purges":2,"victory":false,"master_deck":["Defend_G","Defend_G","Defend_G","Defend_G","Defend_G","Strike_G","Strike_G","Strike_G","Survivor+1","Neutralize+1","Backflip+1","Footwork+1","Noxious Fumes+1","Sucker Punch","Die Die Die","Poisoned Stab+1","Deadly Poison+1","Prepared","Backflip","Catalyst"],"max_hp_per_floor":[70,70,70,70,70,70,70,70,70,70,70,70,70,70,70,70,70,70,70,70,70,70,70,70,70,70,70,70,70,70,70,70,70],"relics":["Ring of the Snake","Frozen Egg 2","Eternal Feather","Pen Nib","Molten Egg 2"],"card_choices":[{"not_picked":["Slice","Underhanded Strike"],"picked":"Backflip","floor":0},{"not_picked":["Quick Slash","Endless Agony","Outmaneuver"],"picked":"SKIP","floor":1},{"not_picked":["PiercingWail","Quick Slash"],"picked":"Noxious Fumes","floor":3},{"not_picked":["Quick Slash","Leg Sweep","Distraction"],"picked":"SKIP","floor":4},{"not_picked":["Storm of Steel","Outmaneuver"],"picked":"Sucker Punch","floor":5},{"not_picked":["Acrobatics","Dodge and Roll","Reflex"],"picked":"SKIP","floor":7},{"not_picked":["Slice","Masterful Stab","Sucker Punch"],"picked":"SKIP","floor":12},{"not_picked":["Underhanded Strike","Dagger Throw","Slice"],"picked":"SKIP","floor":14},{"not_picked":["Tools of the Trade+1","Unload"],"picked":"Die Die Die","floor":16},{"not_picked":["Outmaneuver","Caltrops+1"],"picked":"Poisoned Stab","floor":18},{"not_picked":["Flying Knee","Eviscerate","Flechettes"],"picked":"SKIP","floor":20},{"not_picked":["Setup+1","Slice","Skewer+1"],"picked":"SKIP","floor":21},{"not_picked":["Riddle With Holes+1","Eviscerate+1"],"picked":"Backflip","floor":28},{"not_picked":["Dagger Throw+1","Predator+1"],"picked":"Catalyst","floor":29},{"not_picked":["Blade Dance","Endless Agony+1","Phantasmal Killer"],"picked":"SKIP","floor":30}],"player_experience":253951,"potions_floor_usage":[16,16,16,33],"damage_taken":[{"damage":1,"enemies":"Cultist","floor":1,"turns":4},{"damage":0,"enemies":"Small Slimes","floor":3,"turns":5},{"damage":0,"enemies":"2 Louse","floor":4,"turns":4},{"damage":12,"enemies":"Gremlin Gang","floor":5,"turns":6},{"damage":2,"enemies":"Blue Slaver","floor":7,"turns":5},{"damage":0,"enemies":"2 Fungi Beasts","floor":12,"turns":5},{"damage":0,"enemies":"Looter","floor":14,"turns":4},{"damage":35,"enemies":"Slime Boss","floor":16,"turns":11},{"damage":7,"enemies":"Chosen","floor":18,"turns":5},{"damage":15,"enemies":"2 Thieves","floor":20,"turns":4},{"damage":0,"enemies":"Snake Plant","floor":21,"turns":5},{"damage":38,"enemies":"3 Cultists","floor":28,"turns":9},{"damage":1,"enemies":"Centurion and Healer","floor":29,"turns":8},{"damage":6,"enemies":"Cultist and Chosen","floor":30,"turns":6},{"damage":52,"enemies":"Champ","floor":33,"turns":13}],"relics_obtained":[{"floor":9,"key":"Frozen Egg 2"},{"floor":26,"key":"Molten Egg 2"}],"event_choices":[{"event_name":"Living Wall","player_choice":"Forget","floor":10,"damage_taken":0},{"event_name":"The Mausoleum","player_choice":"Yes","floor":22,"damage_taken":0},{"event_name":"Vampires","player_choice":"Ignored","floor":23,"damage_taken":0}],"boss_relics":[{"not_picked":["Orrery","Tiny House"],"picked":"Eternal Feather"}],"potions_floor_spawned":[5,7,12,14,18,20,29],"seed_played":"-8533241074773250744","killed_by":"Champ","ascension_level":0,"potions_obtained":[{"floor":5,"key":"Fire Potion"},{"floor":7,"key":"PowerPotion"},{"floor":12,"key":"Explosive Potion"},{"floor":18,"key":"Ancient Potion"},{"floor":20,"key":"LiquidBronze"},{"floor":29,"key":"EssenceOfSteel"}],"is_trial":false}