{"gold_per_floor":[112,37,37,54,67,67,80,94,173,207,207,225,325,356,356,457,457,467,467,367,367,379,379,254,282,282,317,317,317,334,184,184,286,286,296,306,361,361,381,413,428,453,506,525,535,535,553,164,164,164],"floor_reached":51,"playtime":4529,"items_purged":["Defend_G","Strike_G","Strike_G","Strike_G","Crippling Poison"],"score":832,"play_id":"d3fe4687-9193-43db-b1cd-df06e04baaa0","local_time":"20190117193523","is_ascension_mode":false,"campfire_choices":[{"data":"Tools of the Trade","floor":6,"key":"SMITH"},{"data":"Noxious Fumes","floor":11,"key":"SMITH"},{"data":"Noxious Fumes","floor":15,"key":"SMITH"},{"data":"After Image","floor":23,"key":"SMITH"},{"data":"Footwork","floor":28,"key":"SMITH"},{"data":"Neutralize","floor":32,"key":"SMITH"},{"data":"After Image","floor":46,"key":"SMITH"},{"data":"Blur","floor":49,"key":"SMITH"}],"neow_cost":"NONE","seed_source_timestamp":726057920236025,"circlet_count":0,"master_deck":["Defend_G","Defend_G","Defend_G","Defend_G","Survivor","Neutralize+1","Tools of the Trade+1","Blur","Footwork+1","Noxious Fumes+1","Noxious Fumes+1","After Image+1","Finisher","After Image+1","Prepared","Backflip","Well Laid Plans","Blur+1","Blur+1"],"relics":["Ring of the Snake","Sundial","Bird Faced Urn","Art of War","Busted Crown","Paper Crane","Orichalcum","Bronze Scales","Dream Catcher","Black Star","Unceasing Top","Bag of Marbles","Bag of Preparation","Incense Burner","Meat on the Bone","Ancient Tea Set","Anchor"],"potions_floor_usage":[10,16,16,33,42,50,50],"damage_taken":[{"damage":0,"enemies":"2 Louse","floor":1,"turns":4},{"damage":1,"enemies":"Cultist","floor":4,"turns":4},{"damage":0,"enemies":"Small Slimes","floor":5,"turns":5},{"damage":4,"enemies":"Red Slaver","floor":7,"turns":6},{"damage":0,"enemies":"2 Fungi Beasts","floor":8,"turns":6},{"damage":18,"enemies":"Gremlin Nob","floor":10,"turns":6},{"damage":3,"enemies":"3 Louse","floor":12,"turns":3},{"damage":6,"enemies":"Lagavulin","floor":14,"turns":7},{"damage":15,"enemies":"The Guardian","floor":16,"turns":10},{"damage":0,"enemies":"Chosen","floor":18,"turns":6},{"damage":0,"enemies":"3 Byrds","floor":22,"turns":4},{"damage":17,"enemies":"Gremlin Leader","floor":25,"turns":8},{"damage":2,"enemies":"Book of Stabbing","floor":27,"turns":7},{"damage":3,"enemies":"Shelled Parasite and Fungi","floor":30,"turns":5},{"damage":0,"enemies":"Collector","floor":33,"turns":11},{"damage":11,"enemies":"3 Darklings","floor":35,"turns":5},{"damage":2,"enemies":"3 Shapes","floor":36,"turns":6},{"damage":32,"enemies":"2 Orb Walkers","floor":37,"turns":6},{"damage":7,"enemies":"3 Darklings","floor":39,"turns":5},{"damage":0,"enemies":"Nemesis","floor":40,"turns":11},{"damage":0,"enemies":"4 Shapes","floor":41,"turns":5},{"damage":48,"enemies":"Reptomancer","floor":42,"turns":8},{"damage":0,"enemies":"Spire Growth","floor":44,"turns":8},{"damage":0,"enemies":"Writhing Mass","floor":45,"turns":7},{"damage":0,"enemies":"Transient","floor":47,"turns":5},{"damage":0,"enemies":"Time Eater","floor":50,"turns":17}],"seed_played":"-4178167428024591319","potions_obtained":[{"floor":1,"key":"Fire Potion"},{"floor":7,"key":"Dexterity Potion"},{"floor":10,"key":"Weak Potion"},{"floor":27,"key":"SpeedPotion"},{"floor":33,"key":"PowerPotion"},{"floor":36,"key":"LiquidBronze"},{"floor":37,"key":"Strength Potion"},{"floor":44,"key":"Swift Potion"}],"is_trial":false,"path_per_floor":["M","$","?","M","M","R","M","M","T","E","R","M","?","E","R","B",null,"M","T","$","?","M","R","$","E","T","E","R","?","M","$","R","B",null,"M","M","?","?","M","E","M","E","T","M","M","R","M","$","R","B",null],"character_chosen":"THE_SILENT","items_purchased":["Anchor","Blur"],"campfire_rested":0,"item_purchase_floors":[48,48],"current_hp_per_floor":[70,70,70,69,69,69,65,65,65,47,47,50,50,52,52,45,70,70,70,70,70,70,70,70,61,61,69,69,69,70,70,70,70,70,63,70,44,44,49,61,70,27,27,41,55,55,69,69,69,70],"gold":164,"neow_bonus":"TRANSFORM_CARD","is_prod":false,"is_daily":false,"chose_seed":false,"campfire_upgraded":8,"win_rate":0,"timestamp":1547771723,"path_taken":["M","$","?","M","M","R","M","?","T","E","R","M","?","E","R","BOSS","M","?","$","?","M","R","$","E","T","E","R","?","?","$","R","BOSS","M","M","?","?","M","E","M","E","T","M","M","R","M","$","R","BOSS"],"build_version":"2019-01-10","purchased_purges":5,"victory":true,"max_hp_per_floor":[70,70,70,70,70,70,70,70,70,70,70,70,70,70,70,70,70,70,70,70,70,70,70,70,70,70,70,70,70,70,70,70,70,70,70,70,70,70,70,70,70,70,70,70,70,70,70,70,70,70],"card_choices":[{"not_picked":["Underhanded Strike","Bane"],"picked":"Blur","floor":1},{"not_picked":["Sucker Punch","Dagger Spray","Poisoned Stab"],"picked":"SKIP","floor":4},{"not_picked":["Deflect","PiercingWail","Dodge and Roll"],"picked":"SKIP","floor":5},{"not_picked":["Terror","Poisoned Stab"],"picked":"Footwork","floor":7},{"not_picked":["Dodge and Roll","Masterful Stab"],"picked":"Noxious Fumes","floor":8},{"not_picked":["Dagger Throw","Skewer"],"picked":"Crippling Poison","floor":10},{"not_picked":["Skewer","Dagger Spray"],"picked":"Noxious Fumes","floor":12},{"not_picked":["Poisoned Stab","Doppelganger","Quick Slash"],"picked":"SKIP","floor":14},{"not_picked":["Tools of the Trade","Burst"],"picked":"After Image","floor":16},{"not_picked":["Dagger Throw"],"picked":"SKIP","floor":18},{"not_picked":["Tactician"],"picked":"SKIP","floor":22},{"not_picked":["PiercingWail"],"picked":"SKIP","floor":25},{"not_picked":["PiercingWail+1"],"picked":"SKIP","floor":27},{"not_picked":["Masterful Stab"],"picked":"SKIP","floor":30},{"not_picked":[],"picked":"After Image","floor":33},{"not_picked":["Outmaneuver+1"],"picked":"SKIP","floor":35},{"not_picked":["Deflect+1"],"picked":"SKIP","floor":36},{"not_picked":[],"picked":"Prepared","floor":37},{"not_picked":["Quick Slash+1"],"picked":"SKIP","floor":39},{"not_picked":["Choke+1"],"picked":"SKIP","floor":40},{"not_picked":[],"picked":"Backflip","floor":41},{"not_picked":[],"picked":"Well Laid Plans","floor":42},{"not_picked":[],"picked":"Blur+1","floor":44},{"not_picked":["Flechettes"],"picked":"SKIP","floor":45},{"not_picked":["Deflect"],"picked":"SKIP","floor":47}],"player_experience":169741,"relics_obtained":[{"floor":9,"key":"Sundial"},{"floor":10,"key":"Bird Faced Urn"},{"floor":14,"key":"Art of War"},{"floor":19,"key":"Paper Crane"},{"floor":25,"key":"Orichalcum"},{"floor":26,"key":"Bronze Scales"},{"floor":27,"key":"Dream Catcher"},{"floor":37,"key":"Unceasing Top"},{"floor":40,"key":"Bag of Marbles"},{"floor":40,"key":"Bag of Preparation"},{"floor":42,"key":"Incense Burner"},{"floor":42,"key":"Meat on the Bone"},{"floor":43,"key":"Ancient Tea Set"}],"event_choices":[{"damage_healed":0,"gold_gain":0,"player_choice":"Ignored","damage_taken":0,"max_hp_gain":0,"max_hp_loss":0,"event_name":"NoteForYourself","floor":3,"gold_loss":0},{"damage_healed":0,"gold_gain":100,"player_choice":"Pray","damage_taken":0,"max_hp_gain":0,"max_hp_loss":0,"event_name":"Golden Shrine","floor":13,"gold_loss":0},{"damage_healed":0,"gold_gain":0,"player_choice":"Ignored","damage_taken":0,"max_hp_gain":0,"max_hp_loss":0,"event_name":"Ghosts","floor":21,"gold_loss":0},{"damage_healed":0,"gold_gain":0,"cards_transformed":["Strike_G"],"player_choice":"Transformed","damage_taken":0,"max_hp_gain":0,"max_hp_loss":0,"event_name":"Transmorgrifier","floor":29,"gold_loss":0,"cards_obtained":["Finisher"]},{"damage_healed":0,"gold_gain":0,"player_choice":"Fight","damage_taken":0,"max_hp_gain":0,"max_hp_loss":0,"event_name":"Mysterious Sphere","floor":37,"gold_loss":0},{"damage_healed":0,"gold_gain":0,"player_choice":"Memory 1","damage_taken":0,"max_hp_gain":0,"max_hp_loss":0,"event_name":"SensoryStone","floor":38,"gold_loss":0}],"is_beta":false,"boss_relics":[{"not_picked":["Cursed Key","Coffee Dripper"],"picked":"Busted Crown"},{"not_picked":["Astrolabe","Tiny House"],"picked":"Black Star"}],"items_purged_floors":[2,20,24,31,48],"is_endless":false,"potions_floor_spawned":[1,7,10,27,33,36,37,44,45],"ascension_level":0}