{"path_per_floor":["M","M","M","?","M","R","E","M","T","R","?","M","R","T","R","B"],"character_chosen":"THE_SILENT","items_purchased":[],"gold_per_floor":[214,228,247,247,266,266,292,306,306,306,306,323,323,323,323,424,424],"floor_reached":17,"campfire_rested":2,"playtime":1121,"item_purchase_floors":[],"current_hp_per_floor":[69,65,64,52,46,67,29,22,22,22,22,22,43,43,43,34,70],"items_purged":[],"gold":424,"score":188,"play_id":"ad49fe32-8938-447e-97f3-26a1ba965b95","local_time":"20180526011239","is_prod":false,"is_daily":false,"chose_seed":false,"is_ascension_mode":true,"campfire_upgraded":2,"win_rate":0,"timestamp":1527322359,"campfire_choices":[{"floor":6,"key":"REST"},{"data":"Well Laid Plans","floor":10,"key":"SMITH"},{"floor":13,"key":"REST"},{"data":"Bouncing Flask","floor":15,"key":"SMITH"}],"path_taken":["M","M","M","?","M","R","E","M","T","R","?","?","R","?","R","BOSS"],"build_version":"2018-05-24","seed_source_timestamp":30513938982637,"purchased_purges":0,"victory":false,"master_deck":["Defend_G","Defend_G","Defend_G","Defend_G","Defend_G","Strike_G","Strike_G","Strike_G","Strike_G","Survivor","Neutralize","Quick Slash","Deflect","Malaise","Well Laid Plans+1","Cloak And Dagger","Bouncing Flask+1"],"max_hp_per_floor":[70,70,70,70,70,70,70,70,70,70,70,70,70,70,70,70,70],"relics":["Ring of the Snake","Matryoshka","Ninja Scroll","Snake Skull","Ginger","Toxic Egg 2","Dead Branch","Eternal Feather"],"card_choices":[{"not_picked":["Dash","Underhanded Strike"],"picked":"Quick Slash","floor":1},{"not_picked":["Dagger Spray","Underhanded Strike"],"picked":"Deflect","floor":2},{"not_picked":["Concentrate","Distraction"],"picked":"Malaise","floor":3},{"not_picked":["Sucker Punch","Acrobatics"],"picked":"Well Laid Plans","floor":5},{"not_picked":["All Out Attack","PiercingWail"],"picked":"Cloak And Dagger","floor":7},{"not_picked":["Deflect","Skewer","Terror"],"picked":"SKIP","floor":8},{"not_picked":["Dodge and Roll","Flechettes"],"picked":"Bouncing Flask","floor":12}],"player_experience":363077,"potions_floor_usage":[8],"damage_taken":[{"damage":1,"enemies":"Jaw Worm","floor":1,"turns":5},{"damage":4,"enemies":"Small Slimes","floor":2,"turns":3},{"damage":1,"enemies":"Cultist","floor":3,"turns":4},{"damage":6,"enemies":"Looter","floor":5,"turns":3},{"damage":38,"enemies":"3 Sentries","floor":7,"turns":13},{"damage":7,"enemies":"Exordium Thugs","floor":8,"turns":5},{"damage":0,"enemies":"Exordium Wildlife","floor":12,"turns":4},{"damage":9,"enemies":"The Guardian","floor":16,"turns":9}],"relics_obtained":[{"floor":7,"key":"Ninja Scroll"},{"floor":9,"key":"Snake Skull"},{"floor":9,"key":"Ginger"},{"floor":14,"key":"Toxic Egg 2"},{"floor":14,"key":"Dead Branch"}],"event_choices":[{"event_name":"Scrap Ooze","player_choice":"success","floor":4,"damage_taken":12},{"event_name":"Bonfire Elementals","player_choice":"BASIC","floor":11,"damage_taken":0}],"boss_relics":[{"not_picked":["Runic Pyramid","Runic Dome"],"picked":"Eternal Feather"}],"items_purged_floors":[],"potions_floor_spawned":[2],"seed_played":"6988977297392931657","ascension_level":4,"potions_obtained":[{"floor":2,"key":"Poison Potion"}],"is_trial":false}