{"path_per_floor":["M","M","M","M","M","R","?","R","T","?","R","M","?","?","R"],"character_chosen":"THE_SILENT","items_purchased":[],"gold_per_floor":[112,122,142,162,177,177,177,177,177,127,127,141,168,168,168,168],"floor_reached":16,"campfire_rested":0,"playtime":764,"item_purchase_floors":[],"current_hp_per_floor":[63,63,62,52,49,49,49,49,49,49,49,49,41,41,41,41],"items_purged":[],"gold":168,"score":120,"play_id":"6fdfa4c2-5067-473d-9d50-2ee6dd0923f2","local_time":"20180528024010","is_prod":false,"is_daily":false,"chose_seed":false,"is_ascension_mode":true,"campfire_upgraded":4,"win_rate":0,"timestamp":1527500410,"campfire_choices":[{"data":"Deadly Poison","floor":6,"key":"SMITH"},{"data":"Neutralize","floor":8,"key":"SMITH"},{"data":"Backflip","floor":11,"key":"SMITH"},{"data":"Well Laid Plans","floor":15,"key":"SMITH"}],"path_taken":["M","M","M","M","M","R","?","R","T","?","R","M","?","?","R","BOSS"],"build_version":"2018-05-24","seed_source_timestamp":22169813985006,"purchased_purges":0,"victory":false,"master_deck":["Defend_G","Defend_G","Defend_G","Defend_G","Defend_G","Strike_G","Strike_G","Strike_G","Survivor","Neutralize+1","Flying Knee","Backflip+1","Deadly Poison+1","Outmaneuver","Well Laid Plans+1"],"max_hp_per_floor":[70,70,70,70,70,70,70,70,70,70,70,70,70,70,70,70],"relics":["Ring of the Snake","Ornamental Fan","Odd Mushroom"],"card_choices":[{"not_picked":["Underhanded Strike","Prepared"],"picked":"Flying Knee","floor":1},{"not_picked":["Slice","Predator","Quick Slash"],"picked":"SKIP","floor":2},{"not_picked":["Crippling Poison","Slice"],"picked":"Backflip","floor":3},{"not_picked":["Flechettes","Flying Knee"],"picked":"Deadly Poison","floor":4},{"not_picked":["Deadly Poison","Dagger Spray","Caltrops"],"picked":"SKIP","floor":5},{"not_picked":["PiercingWail","Eviscerate"],"picked":"Outmaneuver","floor":12},{"not_picked":["Accuracy","Masterful Stab"],"picked":"Well Laid Plans","floor":13}],"player_experience":425563,"potions_floor_usage":[4,13,13],"damage_taken":[{"damage":0,"enemies":"2 Louse","floor":1,"turns":3},{"damage":0,"enemies":"Cultist","floor":2,"turns":3},{"damage":1,"enemies":"Small Slimes","floor":3,"turns":4},{"damage":10,"enemies":"3 Louse","floor":4,"turns":5},{"damage":3,"enemies":"Blue Slaver","floor":5,"turns":5},{"damage":0,"enemies":"2 Fungi Beasts","floor":12,"turns":5},{"damage":8,"enemies":"The Mushroom Lair","floor":13,"turns":4},{"damage":0,"enemies":"The Guardian","floor":16,"turns":2}],"relics_obtained":[{"floor":9,"key":"Ornamental Fan"},{"floor":13,"key":"Odd Mushroom"}],"event_choices":[{"event_name":"Purifier","player_choice":"One Purge","floor":7,"damage_taken":0},{"event_name":"The Cleric","player_choice":"Card Removal","floor":10,"damage_taken":0},{"event_name":"Mushrooms","player_choice":"Fought Mushrooms","floor":13,"damage_taken":0},{"event_name":"Golden Idol","player_choice":"Ignored","floor":14,"damage_taken":0}],"boss_relics":[],"items_purged_floors":[],"potions_floor_spawned":[2,4,5,12],"seed_played":"6061138585877380680","killed_by":"The Guardian","ascension_level":6,"potions_obtained":[{"floor":2,"key":"SkillPotion"},{"floor":4,"key":"LiquidBronze"},{"floor":5,"key":"EssenceOfSteel"},{"floor":12,"key":"LiquidBronze"}],"is_trial":false}