{"gold_per_floor":[111,125,300,51,51,85,85,110,161,161,176,20,20,31,31,128,128,140,140,140,158,158,158,188,202,202,202,213,41,41,72,72,175,175,194,194,194,107,124,154,4,4,4,34,34,68,0,14,14,14],"floor_reached":51,"playtime":6266,"items_purged":["Doubt","Strike_P+1","Strike_P+1"],"score":855,"play_id":"dda62623-48e9-446d-9b68-69af837d0089","local_time":"20190914103149","is_ascension_mode":true,"campfire_choices":[{"data":"Nirvana","floor":10.0,"key":"SMITH"},{"data":"TalkToTheHand","floor":13.0,"key":"SMITH"},{"floor":15.0,"key":"REST"},{"floor":23.0,"key":"REST"},{"floor":30.0,"key":"REST"},{"floor":32.0,"key":"REST"},{"floor":42,"key":"REST"},{"data":"LessonLearned","floor":45,"key":"SMITH"},{"floor":49,"key":"REST"}],"neow_cost":"CURSE","seed_source_timestamp":0,"circlet_count":0,"master_deck":["Strike_P+1","Strike_P+1","Defend_P+1","Defend_P+1","Defend_P+1","Defend_P+1","Eruption","Vigilance","Perseverance","WreathOfFlame","FlyingSleeves","Crescendo","BowlingBash+1","Nirvana+1","EmptyMind+1","TalkToTheHand+1","Alpha+1","JustLucky+1","Metaphysics","EmptyBody+1","EmptyFist+1","Protect","Protect","LessonLearned+1","Sanctity","ForeignInfluence","Clumsy","CutThroughFate+1","WaveOfTheHand","Wireheading+1"],"special_seed":0,"relics":["PureWater","Regal Pillow","Vajra","Melange","Strange Spoon","SlaversCollar","Nilry\u0027s Codex","Smiling Mask","Strawberry","MutagenicStrength","Gremlin Horn","Cursed Key","Lantern","Happy Flower","White Beast Statue","Ornamental Fan","InkBottle","Red Mask"],"potions_floor_usage":[39,46,48,48,48,48,48,48,50],"damage_taken":[{"damage":0.0,"enemies":"2 Louse","floor":1.0,"turns":1.0},{"damage":4.0,"enemies":"Jaw Worm","floor":2.0,"turns":3.0},{"damage":1.0,"enemies":"3 Sentries","floor":6.0,"turns":4.0},{"damage":29.0,"enemies":"Gremlin Nob","floor":8.0,"turns":3.0},{"damage":0.0,"enemies":"Small Slimes","floor":11.0,"turns":2.0},{"damage":4.0,"enemies":"3 Louse","floor":14.0,"turns":2.0},{"damage":36.0,"enemies":"Slime Boss","floor":16.0,"turns":6.0},{"damage":33.0,"enemies":"Shell Parasite","floor":18.0,"turns":6.0},{"damage":10.0,"enemies":"Spheric Guardian","floor":21.0,"turns":4.0},{"damage":27.0,"enemies":"Book of Stabbing","floor":24.0,"turns":4.0},{"damage":38.0,"enemies":"3 Cultists","floor":25.0,"turns":7.0},{"damage":12.0,"enemies":"Centurion and Healer","floor":28.0,"turns":6.0},{"damage":35.0,"enemies":"Gremlin Leader","floor":31.0,"turns":7.0},{"damage":27.0,"enemies":"Champ","floor":33.0,"turns":7.0},{"damage":60,"enemies":"3 Darklings","floor":35,"turns":6},{"damage":0,"enemies":"3 Shapes","floor":39,"turns":4},{"damage":30,"enemies":"Giant Head","floor":40,"turns":11},{"damage":0,"enemies":"Reptomancer","floor":44,"turns":7},{"damage":57,"enemies":"Nemesis","floor":46,"turns":9},{"damage":11,"enemies":"Sphere and 2 Shapes","floor":48,"turns":6},{"damage":9,"enemies":"Awakened One","floor":50,"turns":14}],"seed_played":"-2373119310053754177","potions_obtained":[{"floor":2.0,"key":"LiquidBronze"},{"floor":8.0,"key":"Block Potion"},{"floor":16.0,"key":"FearPotion"},{"floor":21.0,"key":"Regen Potion"},{"floor":31.0,"key":"Strength Potion"},{"floor":33.0,"key":"Fire Potion"},{"floor":37,"key":"Ancient Potion"},{"floor":37,"key":"Weak Potion"},{"floor":40,"key":"SkillPotion"},{"floor":44,"key":"EntropicBrew"},{"floor":46,"key":"Energy Potion"},{"floor":48,"key":"PowerPotion"}],"is_trial":false,"path_per_floor":["M","M","?","$","?","E","?","E","T","R","M","$","R","M","R","B",null,"M","?","?","M","?","R","E","M","T","?","M","$","R","E","R","B",null,"M","?","?","$","M","E","$","R","T","E","R","E","?","M","R","B",null],"character_chosen":"WATCHER","items_purchased":["FlyingSleeves","Crescendo","Energy Potion","BowlingBash","Strange Spoon","Protect","DuplicationPotion","ForeignInfluence","Happy Flower"],"campfire_rested":6,"item_purchase_floors":[4,4,4,4,12,29,29,38,41],"current_hp_per_floor":[77,73,73,73,66,65,70,41,41,41,41,41,41,37,76,40,82,49,76,76,66,50,82,55,17,24,24,27,27,68,33,74,47,89,29,78,78,78,78,48,48,78,78,78,78,21,21,10,48,39],"gold":14,"neow_bonus":"TWENTY_PERCENT_HP_BONUS","is_prod":false,"is_daily":false,"chose_seed":false,"campfire_upgraded":3,"win_rate":0,"timestamp":1568475109,"path_taken":["M","M","?","$","?","E","?","E","T","R","M","?","R","?","R","BOSS","M","?","?","M","?","R","E","M","T","?","?","$","R","E","R","BOSS","M","?","?","$","?","E","$","R","T","E","R","E","?","M","R","BOSS"],"build_version":"2019-09-12","purchased_purges":3,"victory":true,"max_hp_per_floor":[77,77,77,77,77,77,82,82,82,82,82,82,82,82,82,82,82,82,82,82,82,82,82,82,82,89,89,89,89,89,89,89,89,89,89,78,78,78,78,78,78,78,78,78,78,78,78,78,78,78],"card_choices":[{"not_picked":["ClearTheMind","WreathOfFlame"],"picked":"Perseverance","floor":1.0},{"not_picked":["PathToVictory","Weave"],"picked":"WreathOfFlame","floor":2.0},{"not_picked":["Consecrate","Scrawl"],"picked":"Nirvana","floor":6.0},{"not_picked":["Perseverance","Worship"],"picked":"EmptyMind","floor":8.0},{"not_picked":["Prostrate","JustLucky"],"picked":"TalkToTheHand","floor":11.0},{"not_picked":["Consecrate","Evaluate","Crescendo"],"picked":"SKIP","floor":14.0},{"not_picked":["LessonLearned","BattleHymn"],"picked":"Alpha","floor":16.0},{"not_picked":["SpiritShield","Weave"],"picked":"JustLucky+1","floor":18.0},{"not_picked":["WreathOfFlame","JustLucky+1","Sanctity"],"picked":"SKIP","floor":21.0},{"not_picked":["Consecrate","ClearTheMind+1"],"picked":"Metaphysics","floor":24.0},{"not_picked":["FollowUp","FlyingSleeves"],"picked":"EmptyBody","floor":25.0},{"not_picked":["WreathOfFlame","EmptyMind"],"picked":"EmptyFist+1","floor":28.0},{"not_picked":["Collect+1","JustLucky"],"picked":"Protect","floor":31.0},{"not_picked":["Unraveling","Wallop"],"picked":"LessonLearned","floor":33.0},{"not_picked":["FollowUp+1","SpiritShield+1"],"picked":"Sanctity","floor":35},{"not_picked":["CrushJoints","Consecrate+1","FlyingSleeves+1"],"picked":"SKIP","floor":39},{"not_picked":["CrushJoints","Conclude+1","Prostrate"],"picked":"SKIP","floor":40},{"not_picked":["Consecrate","ForeignInfluence+1"],"picked":"CutThroughFate+1","floor":44},{"not_picked":["BowlingBash+1","Halt"],"picked":"WaveOfTheHand","floor":46},{"not_picked":["Clarity+1","Weave+1"],"picked":"Wireheading+1","floor":48}],"player_experience":269031,"relics_obtained":[{"floor":6.0,"key":"Regal Pillow"},{"floor":8.0,"key":"Vajra"},{"floor":9.0,"key":"Melange"},{"floor":22.0,"key":"Nilry\u0027s Codex"},{"floor":24.0,"key":"Smiling Mask"},{"floor":26.0,"key":"Strawberry"},{"floor":31.0,"key":"Gremlin Horn"},{"floor":40,"key":"Lantern"},{"floor":43,"key":"White Beast Statue"},{"floor":44,"key":"Ornamental Fan"},{"floor":46,"key":"InkBottle"}],"event_choices":[{"damage_healed":0.0,"max_hp_gain":0.0,"max_hp_loss":0.0,"gold_gain":175.0,"event_name":"Liars Game","player_choice":"AGREE","floor":3.0,"gold_loss":0.0,"damage_taken":0.0,"cards_obtained":["Doubt"]},{"cards_removed":["Clumsy"],"damage_healed":0.0,"max_hp_gain":0.0,"max_hp_loss":0.0,"gold_gain":0.0,"event_name":"Golden Wing","player_choice":"Card Removal","floor":5.0,"gold_loss":0.0,"damage_taken":7.0},{"damage_healed":0.0,"max_hp_gain":5.0,"max_hp_loss":0.0,"gold_gain":0.0,"event_name":"Big Fish","player_choice":"Donut","floor":7.0,"gold_loss":0.0,"damage_taken":0.0},{"damage_healed":27.0,"max_hp_gain":0.0,"max_hp_loss":0.0,"gold_gain":0.0,"event_name":"The Library","player_choice":"Heal","floor":19.0,"gold_loss":0.0,"damage_taken":0.0},{"damage_healed":0.0,"max_hp_gain":0.0,"max_hp_loss":0.0,"gold_gain":0.0,"event_name":"Back to Basics","player_choice":"Simplicity","floor":20.0,"gold_loss":0.0,"damage_taken":0.0,"cards_upgraded":["Strike_P","Strike_P","Strike_P","Strike_P","Defend_P","Defend_P","Defend_P","Defend_P"]},{"damage_healed":0.0,"max_hp_gain":0.0,"max_hp_loss":0.0,"gold_gain":0.0,"event_name":"Cursed Tome","player_choice":"Obtained Book","floor":22.0,"gold_loss":0.0,"damage_taken":16.0},{"damage_healed":0.0,"max_hp_gain":0.0,"max_hp_loss":0.0,"gold_gain":0.0,"event_name":"Drug Dealer","player_choice":"Inject Mutagens","floor":27.0,"gold_loss":0.0,"damage_taken":0.0,"relics_obtained":["MutagenicStrength"]},{"damage_healed":78,"gold_gain":0,"player_choice":"Heal","damage_taken":0,"max_hp_gain":0,"max_hp_loss":11,"event_name":"The Moai Head","floor":36,"gold_loss":0},{"damage_healed":0,"gold_gain":0,"player_choice":"Got Potions","damage_taken":0,"max_hp_gain":0,"max_hp_loss":0,"event_name":"Lab","floor":37,"gold_loss":0},{"damage_healed":0,"gold_gain":0,"player_choice":"Paid","damage_taken":0,"relics_obtained":["Red Mask"],"max_hp_gain":0,"max_hp_loss":0,"event_name":"Tomb of Lord Red Mask","floor":47,"gold_loss":68}],"is_beta":true,"boss_relics":[{"not_picked":["Busted Crown","Sozu"],"picked":"SlaversCollar"},{"not_picked":["Astrolabe","Runic Dome"],"picked":"Cursed Key"}],"items_purged_floors":[4,29,38],"is_endless":false,"potions_floor_spawned":[2,8,16,21,31,33,40,44,46,48],"ascension_level":2}