{"gold_per_floor":[211,223,223,18,18,51,51,33,59,76,76,106,106,133,133,133],"floor_reached":16,"playtime":452,"items_purged":[],"score":117,"play_id":"cf8cf29c-b721-4312-afea-9e5a36d1c34c","local_time":"20190805214802","is_ascension_mode":true,"campfire_choices":[{"floor":7,"key":"REST"},{"floor":11,"key":"REST"},{"data":"Dual Wield","floor":13,"key":"SMITH"},{"data":"Body Slam","floor":15,"key":"SMITH"}],"neow_cost":"NONE","seed_source_timestamp":618125791966207,"circlet_count":0,"master_deck":["Strike_R","Strike_R","Strike_R","Strike_R","Defend_R","Defend_R","Defend_R","Defend_R+1","Bash+1","Carnage","Dual Wield+1","Body Slam+1","Inflame","Heavy Blade","Feed"],"relics":["Burning Blood","Membership Card","PreservedInsect","Blood Vial","Dead Branch"],"potions_floor_usage":[6],"damage_taken":[{"damage":23,"enemies":"Jaw Worm","floor":1,"turns":4},{"damage":18,"enemies":"Small Slimes","floor":2,"turns":4},{"damage":18,"enemies":"Lagavulin","floor":6,"turns":5},{"damage":4,"enemies":"2 Louse","floor":10,"turns":3},{"damage":14,"enemies":"Gremlin Nob","floor":14,"turns":3},{"damage":65,"enemies":"Slime Boss","floor":16,"turns":8}],"seed_played":"-4767785472119728040","potions_obtained":[{"floor":2,"key":"Strength Potion"},{"floor":10,"key":"Poison Potion"}],"is_trial":false,"path_per_floor":["M","M","?","$","?","E","R","$","T","M","R","?","R","E","R","B"],"character_chosen":"IRONCLAD","items_purchased":["Membership Card","Inflame"],"campfire_rested":2,"item_purchase_floors":[4,8],"current_hp_per_floor":[63,51,44,44,28,16,40,40,40,44,68,68,68,62,62,0],"gold":133,"neow_bonus":"HUNDRED_GOLD","is_prod":false,"is_daily":false,"chose_seed":false,"campfire_upgraded":2,"win_rate":0,"timestamp":1565066882,"path_taken":["M","M","?","$","?","E","R","$","T","M","R","?","R","E","R","BOSS"],"build_version":"2019-07-17","purchased_purges":0,"victory":false,"max_hp_per_floor":[80,80,80,80,80,80,80,80,80,80,80,80,80,80,80,80],"card_choices":[{"not_picked":["Sword Boomerang","Feel No Pain"],"picked":"Carnage","floor":1},{"not_picked":["Iron Wave","Twin Strike"],"picked":"Dual Wield","floor":2},{"not_picked":["Thunderclap","Twin Strike"],"picked":"Body Slam","floor":6},{"not_picked":["Sword Boomerang","Rage"],"picked":"Heavy Blade","floor":10},{"not_picked":["Spot Weakness","Evolve"],"picked":"Feed","floor":14}],"player_experience":2533897,"relics_obtained":[{"floor":6,"key":"PreservedInsect"},{"floor":9,"key":"Blood Vial"},{"floor":14,"key":"Dead Branch"}],"event_choices":[{"cards_removed":["Strike_R"],"damage_healed":0,"gold_gain":0,"player_choice":"Card Removal","damage_taken":7,"max_hp_gain":0,"max_hp_loss":0,"event_name":"Golden Wing","floor":3,"gold_loss":0},{"damage_healed":0,"gold_gain":0,"player_choice":"Entered Light","damage_taken":16,"max_hp_gain":0,"max_hp_loss":0,"event_name":"Shining Light","floor":5,"gold_loss":0,"cards_upgraded":["Defend_R","Bash"]},{"damage_healed":0,"gold_gain":30,"player_choice":"Searched \u00271\u0027 times","damage_taken":0,"max_hp_gain":0,"max_hp_loss":0,"event_name":"Dead Adventurer","floor":12,"gold_loss":0}],"is_beta":false,"boss_relics":[],"items_purged_floors":[],"is_endless":false,"potions_floor_spawned":[2,10],"killed_by":"Slime Boss","ascension_level":2}