{"gold_per_floor":[113,131,147,159,159,187,207,232,232,232,232,243,243,261,261,363,363,380,380,380,411,160,189,207,222,272,284,294,306,6,6,6,6],"floor_reached":33,"playtime":2150,"items_purged":["Strike_P","Strike_P"],"score":414,"play_id":"eed15282-1856-49ff-acbf-7220edc26a33","local_time":"20191005160902","is_ascension_mode":true,"campfire_choices":[{"floor":10,"key":"REST"},{"floor":13,"key":"RECALL"},{"floor":15,"key":"REST"},{"floor":32,"key":"REST"}],"neow_cost":"NONE","seed_source_timestamp":535836257895800,"circlet_count":0,"master_deck":["Strike_P+1","Defend_P+1","Defend_P","Defend_P","Defend_P+1","Eruption","Vigilance+1","Tantrum","Halt+1","Consecrate","SandsOfTime","FearNoEvil","Vault+1","Fasting2","Consecrate+1","Collect","EmptyBody","LessonLearned","Adaptation+1","TalkToTheHand+1","BowlingBash","WindmillStrike","Vault","WreathOfFlame","Halt+1","Protect+1","Prostrate+1","FlyingSleeves"],"relics":["Fusion Hammer","Pocketwatch","Shuriken","Sundial","SlaversCollar","Red Mask","DollysMirror","Matryoshka","MealTicket","Oddly Smooth Stone","Ancient Tea Set"],"potions_floor_usage":[14,18,23,25,25,27],"damage_taken":[{"damage":0,"enemies":"Cultist","floor":1,"turns":2},{"damage":0,"enemies":"Small Slimes","floor":2,"turns":2},{"damage":0,"enemies":"2 Louse","floor":3,"turns":1},{"damage":1,"enemies":"Looter","floor":4,"turns":3},{"damage":0,"enemies":"3 Sentries","floor":6,"turns":4},{"damage":0,"enemies":"2 Fungi Beasts","floor":7,"turns":2},{"damage":3,"enemies":"Lagavulin","floor":8,"turns":3},{"damage":0,"enemies":"Blue Slaver","floor":12,"turns":2},{"damage":0,"enemies":"Looter","floor":14,"turns":3},{"damage":12,"enemies":"Hexaghost","floor":16,"turns":5},{"damage":0,"enemies":"2 Thieves","floor":18,"turns":3},{"damage":1,"enemies":"Masked Bandits","floor":21,"turns":6},{"damage":0,"enemies":"Gremlin Leader","floor":23,"turns":4},{"damage":0,"enemies":"Spheric Guardian","floor":24,"turns":2},{"damage":34,"enemies":"Snake Plant","floor":25,"turns":4},{"damage":23,"enemies":"Shelled Parasite and Fungi","floor":27,"turns":5},{"damage":1,"enemies":"Centurion and Healer","floor":28,"turns":3},{"damage":0,"enemies":"Chosen and Byrds","floor":29,"turns":4},{"damage":78,"enemies":"Champ","floor":33,"turns":7}],"seed_played":"-7785933960674007535","potions_obtained":[{"floor":2,"key":"SkillPotion"},{"floor":6,"key":"Block Potion"},{"floor":12,"key":"Block Potion"},{"floor":14,"key":"Weak Potion"},{"floor":18,"key":"SteroidPotion"},{"floor":24,"key":"StancePotion"},{"floor":29,"key":"Explosive Potion"}],"is_trial":false,"path_per_floor":["M","M","M","M","?","E","M","E","T","R","?","M","R","M","R","B",null,"M","?","?","?","$","E","M","M","T","M","M","M","$","?","R","B"],"character_chosen":"WATCHER","items_purchased":["WindmillStrike","DollysMirror","Ancient Tea Set","FlyingSleeves"],"campfire_rested":3,"item_purchase_floors":[22,22,30,30],"current_hp_per_floor":[72,72,72,71,57,57,57,54,54,72,72,72,72,72,72,60,69,69,69,69,68,68,68,68,34,34,11,10,10,25,25,46,0],"gold":6,"neow_bonus":"BOSS_RELIC","is_prod":false,"is_daily":false,"chose_seed":false,"campfire_upgraded":0,"win_rate":0,"timestamp":1570309742,"path_taken":["M","?","M","M","?","E","M","E","T","R","?","?","R","M","R","BOSS","M","?","?","?","$","E","M","M","T","M","M","?","$","?","R","BOSS"],"build_version":"2019-10-04","purchased_purges":2,"victory":false,"max_hp_per_floor":[72,72,72,72,72,72,72,72,72,72,72,72,72,72,72,72,72,72,72,72,72,72,72,72,72,72,72,72,72,72,72,72,72],"card_choices":[{"not_picked":["Sanctity","Protect"],"picked":"Tantrum","floor":1},{"not_picked":["Vengeance","JustLucky"],"picked":"Halt","floor":2},{"not_picked":["Scrawl","Crescendo"],"picked":"Consecrate","floor":3},{"not_picked":["Conclude","JustLucky"],"picked":"SandsOfTime","floor":4},{"not_picked":["Nirvana","SashWhip"],"picked":"FearNoEvil","floor":6},{"not_picked":["MentalFortress","WreathOfFlame"],"picked":"Vault","floor":7},{"not_picked":["Tantrum","Protect"],"picked":"Fasting2","floor":8},{"not_picked":["JustLucky","Weave"],"picked":"Collect","floor":12},{"not_picked":["SashWhip","CutThroughFate"],"picked":"EmptyBody","floor":14},{"not_picked":["DevaForm","Brilliance"],"picked":"LessonLearned","floor":16},{"not_picked":["DeceiveReality","Crescendo"],"picked":"Adaptation+1","floor":18},{"not_picked":["Collect","FollowUp+1"],"picked":"BowlingBash","floor":21},{"not_picked":["FollowUp","BowlingBash","Discipline"],"picked":"SKIP","floor":23},{"not_picked":["Halt","WaveOfTheHand"],"picked":"WreathOfFlame","floor":24},{"not_picked":["Conclude+1","PathToVictory+1"],"picked":"Halt+1","floor":25},{"not_picked":["Evaluate","WreathOfFlame"],"picked":"Protect+1","floor":27},{"not_picked":["Crescendo","JustLucky"],"picked":"Prostrate+1","floor":28},{"not_picked":["BowlingBash+1","JustLucky","CarveReality"],"picked":"SKIP","floor":29}],"player_experience":394796,"relics_obtained":[{"floor":6,"key":"Pocketwatch"},{"floor":8,"key":"Shuriken"},{"floor":9,"key":"Sundial"},{"floor":21,"key":"Red Mask"},{"floor":23,"key":"Matryoshka"},{"floor":26,"key":"MealTicket"},{"floor":26,"key":"Oddly Smooth Stone"}],"event_choices":[{"damage_healed":0,"gold_gain":0,"player_choice":"Entered Light","damage_taken":14,"max_hp_gain":0,"max_hp_loss":0,"event_name":"Shining Light","floor":5,"gold_loss":0,"cards_upgraded":["Vigilance","Halt"]},{"damage_healed":0,"gold_gain":0,"cards_transformed":["Strike_P"],"player_choice":"Transformed","damage_taken":0,"max_hp_gain":0,"max_hp_loss":0,"event_name":"Transmorgrifier","floor":11,"gold_loss":0,"cards_obtained":["Consecrate"]},{"damage_healed":0,"gold_gain":0,"player_choice":"Read","damage_taken":0,"max_hp_gain":0,"max_hp_loss":0,"event_name":"The Library","floor":19,"gold_loss":0,"cards_obtained":["TalkToTheHand"]},{"damage_healed":0,"gold_gain":0,"player_choice":"Ignored","damage_taken":0,"max_hp_gain":0,"max_hp_loss":0,"event_name":"Vampires","floor":20,"gold_loss":0},{"damage_healed":0,"gold_gain":0,"player_choice":"Fought Bandits","damage_taken":0,"max_hp_gain":0,"max_hp_loss":0,"event_name":"Masked Bandits","floor":21,"gold_loss":0},{"damage_healed":0,"gold_gain":0,"player_choice":"Ignored","damage_taken":0,"max_hp_gain":0,"max_hp_loss":0,"event_name":"Ghosts","floor":31,"gold_loss":0}],"is_beta":true,"boss_relics":[{"not_picked":["Runic Dome","Pandora\u0027s Box"],"picked":"SlaversCollar"}],"items_purged_floors":[22,30],"is_endless":false,"potions_floor_spawned":[2,6,12,14,18,21,24,29],"killed_by":"Champ","ascension_level":5}