{"gold_per_floor":[111,122,138,138,17,47,47,47,47,64,81,115,115,125,125,199,199,212,212,11,11,11,40,40,67,67,67,83,108,108,125,125,199,199,215,233,32,51,51,96,127,0,0,30,56,56,69,101,101,101],"floor_reached":51,"playtime":5140,"items_purged":["Strike_P"],"score":1437,"play_id":"7ccab486-7de4-438c-8466-6413b34d8ae7","local_time":"20191011180924","is_ascension_mode":true,"campfire_choices":[{"data":"BattleHymn","floor":8.0,"key":"SMITH"},{"floor":13.0,"key":"REST"},{"data":"Protect","floor":15.0,"key":"SMITH"},{"data":"RitualDagger","floor":27.0,"key":"SMITH"},{"floor":30.0,"key":"REST"},{"floor":32.0,"key":"REST"},{"data":"Establishment","floor":46,"key":"SMITH"},{"floor":49,"key":"REST"}],"neow_cost":"NONE","seed_source_timestamp":9670871202400,"circlet_count":0,"master_deck":["AscendersBane","Strike_P","Strike_P","Strike_P","Defend_P","Defend_P","Defend_P","Defend_P","Eruption+1","Vigilance","BowlingBash","Sanctity","FlurryOfBlows","EmptyFist","Halt","CutThroughFate","BattleHymn+1","FearNoEvil","Crescendo","Protect+1","Establishment+1","LikeWater","Tantrum","EmptyBody","RitualDagger+1","SashWhip","FlyingSleeves","Meditate","SandsOfTime","Perseverance","Brilliance","CurseOfTheBell","WreathOfFlame","Protect","DeceiveReality","Worship+1","WindmillStrike","Crescendo","Worship+1","EmptyFist+1","DeceiveReality+1"],"special_seed":0,"relics":["PureWater","Torii","InkBottle","Unceasing Top","Philosopher\u0027s Stone","Lee\u0027s Waffle","Strawberry","MutagenicStrength","Bottled Flame","Pantograph","Mercury Hourglass","Calling Bell","Omamori","Shuriken","Dead Branch","Sling","WingedGreaves","Happy Flower","Peace Pipe","PreservedInsect","FossilizedHelix","The Courier"],"potions_floor_usage":[40,44,44,45,48],"damage_taken":[{"damage":0.0,"enemies":"2 Louse","floor":1.0,"turns":2.0},{"damage":5.0,"enemies":"Cultist","floor":2.0,"turns":4.0},{"damage":1.0,"enemies":"Jaw Worm","floor":3.0,"turns":4.0},{"damage":17.0,"enemies":"Lagavulin","floor":6.0,"turns":5.0},{"damage":13.0,"enemies":"Large Slime","floor":10.0,"turns":6.0},{"damage":2.0,"enemies":"Exordium Wildlife","floor":11.0,"turns":4.0},{"damage":15.0,"enemies":"3 Sentries","floor":12.0,"turns":3.0},{"damage":12.0,"enemies":"Gremlin Gang","floor":14.0,"turns":4.0},{"damage":0.0,"enemies":"The Guardian","floor":16.0,"turns":7.0},{"damage":10.0,"enemies":"Shell Parasite","floor":18.0,"turns":4.0},{"damage":11.0,"enemies":"Slavers","floor":23.0,"turns":3.0},{"damage":27.0,"enemies":"Book of Stabbing","floor":25.0,"turns":5.0},{"damage":20.0,"enemies":"2 Thieves","floor":28.0,"turns":2.0},{"damage":19.0,"enemies":"Slavers","floor":29.0,"turns":6.0},{"damage":0.0,"enemies":"3 Cultists","floor":31.0,"turns":3.0},{"damage":21.0,"enemies":"Champ","floor":33.0,"turns":9.0},{"damage":21.0,"enemies":"Orb Walker","floor":35.0,"turns":6.0},{"damage":12.0,"enemies":"3 Darklings","floor":36.0,"turns":2.0},{"damage":2,"enemies":"Writhing Mass","floor":38,"turns":9},{"damage":1,"enemies":"2 Orb Walkers","floor":40,"turns":4},{"damage":1,"enemies":"Giant Head","floor":41,"turns":6},{"damage":7,"enemies":"Reptomancer","floor":44,"turns":4},{"damage":1,"enemies":"Giant Head","floor":45,"turns":4},{"damage":0,"enemies":"Transient","floor":47,"turns":5},{"damage":37,"enemies":"Nemesis","floor":48,"turns":5},{"damage":78,"enemies":"Time Eater","floor":50,"turns":9}],"seed_played":"5476120009252796169","potions_obtained":[{"floor":2.0,"key":"FearPotion"},{"floor":3.0,"key":"Regen Potion"},{"floor":10.0,"key":"SmokeBomb"},{"floor":12.0,"key":"AttackPotion"},{"floor":14.0,"key":"PowerPotion"},{"floor":23.0,"key":"GamblersBrew"},{"floor":25.0,"key":"EssenceOfSteel"},{"floor":31.0,"key":"LiquidBronze"},{"floor":38,"key":"AttackPotion"},{"floor":40,"key":"SpeedPotion"},{"floor":41,"key":"Swift Potion"},{"floor":44,"key":"Block Potion"},{"floor":47,"key":"Weak Potion"}],"is_trial":false,"path_per_floor":["M","M","M","?","$","E","$","R","T","M","M","E","R","M","R","B",null,"M","?","$","?","$","E","?","E","T","R","M","E","R","M","R","B",null,"M","M","$","M","?","?","E","$","T","E","E","R","M","E","R","B",null],"character_chosen":"WATCHER","items_purchased":["EmptyFist","Halt","CutThroughFate","Lee\u0027s Waffle","EmptyBody","Sling","Protect","Crescendo"],"campfire_rested":4,"item_purchase_floors":[5,5,5,20,20,37,37,42],"current_hp_per_floor":[65,60,59,59,59,42,42,42,42,43,41,26,47,35,35,35,63,53,53,79,73,73,69,69,42,42,42,22,3,28,28,53,57,79,64,52,52,50,50,49,60,60,60,53,52,52,64,33,58,5],"gold":101,"neow_bonus":"UPGRADE_CARD","is_prod":false,"is_daily":false,"chose_seed":false,"campfire_upgraded":4,"win_rate":0,"timestamp":1570835364,"path_taken":["M","M","M","?","$","E","$","R","T","?","M","E","R","M","R","BOSS","M","?","$","?","?","E","?","E","T","R","?","E","R","M","R","BOSS","M","?","$","M","?","?","E","?","T","E","E","R","M","E","R","BOSS"],"build_version":"2019-10-11","purchased_purges":1,"victory":true,"max_hp_per_floor":[72,72,72,72,72,72,72,72,72,72,72,72,72,72,72,72,72,72,72,79,79,79,86,86,86,86,86,86,86,86,86,86,86,86,86,86,86,86,86,86,86,86,86,86,86,86,86,86,86,86],"card_choices":[{"not_picked":["EmptyBody","FlyingSleeves"],"picked":"BowlingBash","floor":1.0},{"not_picked":["Collect","JustLucky"],"picked":"Sanctity","floor":2.0},{"not_picked":["WaveOfTheHand","Halt"],"picked":"FlurryOfBlows","floor":3.0},{"not_picked":["JustLucky","MasterReality"],"picked":"BattleHymn","floor":6.0},{"not_picked":["Consecrate","Scrawl"],"picked":"FearNoEvil","floor":10.0},{"not_picked":["Study","CrushJoints"],"picked":"Crescendo","floor":11.0},{"not_picked":["Sanctity","Weave"],"picked":"Protect","floor":12.0},{"not_picked":["CutThroughFate","FollowUp","Study"],"picked":"SKIP","floor":14.0},{"not_picked":["MasterReality","Blasphemy"],"picked":"Establishment","floor":16.0},{"not_picked":["PathToVictory+1","FlurryOfBlows"],"picked":"LikeWater","floor":18.0},{"not_picked":["Halt","Vengeance+1"],"picked":"SashWhip","floor":23.0},{"not_picked":["Indignation","PathToVictory"],"picked":"FlyingSleeves","floor":25.0},{"not_picked":["Study","Prostrate"],"picked":"Meditate","floor":28.0},{"not_picked":["EmptyMind","DeceiveReality"],"picked":"SandsOfTime","floor":29.0},{"not_picked":["Establishment","JustLucky"],"picked":"Perseverance","floor":31.0},{"not_picked":["LessonLearned","Establishment"],"picked":"Brilliance","floor":33.0},{"not_picked":["PathToVictory","BattleHymn","Sanctity+1"],"picked":"SKIP","floor":35.0},{"not_picked":["CrushJoints","Scrawl"],"picked":"WreathOfFlame","floor":36.0},{"not_picked":["CrushJoints+1","SashWhip"],"picked":"DeceiveReality","floor":38},{"not_picked":["DeceiveReality","Halt"],"picked":"Worship+1","floor":40},{"not_picked":["SignatureMove","DeusExMachina"],"picked":"WindmillStrike","floor":41},{"not_picked":["SpiritShield","Sanctity+1"],"picked":"Worship+1","floor":44},{"not_picked":["FollowUp","ConjureBlade"],"picked":"EmptyFist+1","floor":45},{"not_picked":["FlurryOfBlows","FollowUp","Halt"],"picked":"SKIP","floor":47},{"not_picked":["FlurryOfBlows","SashWhip"],"picked":"DeceiveReality+1","floor":48}],"player_experience":460636,"relics_obtained":[{"floor":6.0,"key":"Torii"},{"floor":9.0,"key":"InkBottle"},{"floor":12.0,"key":"Unceasing Top"},{"floor":23.0,"key":"Strawberry"},{"floor":25.0,"key":"Bottled Flame"},{"floor":26.0,"key":"Pantograph"},{"floor":29.0,"key":"Mercury Hourglass"},{"floor":34.0,"key":"Omamori"},{"floor":34.0,"key":"Shuriken"},{"floor":34.0,"key":"Dead Branch"},{"floor":40,"key":"WingedGreaves"},{"floor":41,"key":"Happy Flower"},{"floor":43,"key":"Peace Pipe"},{"floor":44,"key":"PreservedInsect"},{"floor":45,"key":"FossilizedHelix"},{"floor":48,"key":"The Courier"}],"event_choices":[{"damage_healed":0.0,"max_hp_gain":0.0,"max_hp_loss":0.0,"gold_gain":0.0,"event_name":"Lab","player_choice":"Got Potions","floor":4.0,"gold_loss":0.0,"damage_taken":0.0},{"damage_healed":0.0,"max_hp_gain":0.0,"max_hp_loss":0.0,"gold_gain":0.0,"event_name":"The Library","player_choice":"Read","floor":19.0,"gold_loss":0.0,"damage_taken":0.0,"cards_obtained":["Tantrum"]},{"damage_healed":0.0,"max_hp_gain":0.0,"max_hp_loss":0.0,"gold_gain":0.0,"event_name":"Nest","player_choice":"Joined the Cult","floor":21.0,"gold_loss":0.0,"damage_taken":6.0,"cards_obtained":["RitualDagger"]},{"damage_healed":0.0,"max_hp_gain":0.0,"max_hp_loss":0.0,"gold_gain":0.0,"event_name":"Drug Dealer","player_choice":"Inject Mutagens","floor":24.0,"gold_loss":0.0,"damage_taken":0.0,"relics_obtained":["MutagenicStrength"]},{"damage_healed":0,"gold_gain":0,"player_choice":"Memory 1","damage_taken":0,"max_hp_gain":0,"max_hp_loss":0,"event_name":"SensoryStone","floor":39,"gold_loss":0},{"damage_healed":0,"gold_gain":0,"player_choice":"Fight","damage_taken":0,"max_hp_gain":0,"max_hp_loss":0,"event_name":"Mysterious Sphere","floor":40,"gold_loss":0}],"is_beta":true,"boss_relics":[{"not_picked":["Coffee Dripper","Tiny House"],"picked":"Philosopher\u0027s Stone"},{"not_picked":["Busted Crown","Runic Pyramid"],"picked":"Calling Bell"}],"items_purged_floors":[42],"is_endless":false,"potions_floor_spawned":[2,3,10,12,14,23,25,31,38,40,41,44,47],"ascension_level":13}