{"gold_per_floor":[112,124,74,87,12,37,37,66,66,66,96,116,116,133,133,133],"floor_reached":16,"playtime":784,"items_purged":["Strike_G"],"score":138,"play_id":"4d4c0d7c-cb8d-4cac-916a-499e6e04e05c","local_time":"20190701084405","is_ascension_mode":true,"campfire_choices":[{"floor":7,"key":"REST"},{"floor":10,"key":"REST"},{"floor":15,"key":"REST"}],"neow_cost":"NONE","seed_source_timestamp":0,"circlet_count":0,"master_deck":["Defend_G","Defend_G","Defend_G","Defend_G","Strike_G","Strike_G","Strike_G","Strike_G","Survivor","Neutralize+1","PiercingWail","Flechettes","Quick Slash","Dagger Throw","After Image","Backflip","Infinite Blades","Heel Hook"],"special_seed":0,"relics":["Ring of the Snake","Bottled Flame","Ornamental Fan","Sundial","Vajra"],"potions_floor_usage":[6,11],"damage_taken":[{"damage":0.0,"enemies":"Cultist","floor":1.0,"turns":4.0},{"damage":0.0,"enemies":"Jaw Worm","floor":2.0,"turns":4.0},{"damage":0.0,"enemies":"Small Slimes","floor":4.0,"turns":4.0},{"damage":43,"enemies":"3 Sentries","floor":6,"turns":8},{"damage":24,"enemies":"Gremlin Nob","floor":8,"turns":5},{"damage":17,"enemies":"3 Sentries","floor":11,"turns":9},{"damage":1,"enemies":"Blue Slaver","floor":12,"turns":3},{"damage":9,"enemies":"Large Slime","floor":14,"turns":5},{"damage":2,"enemies":"The Guardian","floor":16,"turns":5}],"seed_played":"3141838519222533907","potions_obtained":[{"floor":2.0,"key":"GamblersBrew"},{"floor":8,"key":"AttackPotion"},{"floor":12,"key":"Fire Potion"}],"is_trial":false,"path_per_floor":["M","M","?","M","$","E","R","E","T","R","E","M","?","M","R","B"],"character_chosen":"THE_SILENT","items_purchased":[],"campfire_rested":3,"item_purchase_floors":[],"current_hp_per_floor":[70,70,70,70,70,27,48,24,24,45,28,27,24,15,36,34],"gold":133,"neow_bonus":"UPGRADE_CARD","is_prod":false,"is_daily":false,"chose_seed":false,"campfire_upgraded":0,"win_rate":0,"timestamp":1561985045,"path_taken":["M","M","?","M","$","E","R","E","T","R","E","M","?","M","R","BOSS"],"build_version":"2019-01-23","purchased_purges":1,"victory":false,"max_hp_per_floor":[70,70,70,70,70,70,70,70,70,70,70,70,70,70,70,70],"card_choices":[{"not_picked":["Flying Knee","Outmaneuver"],"picked":"PiercingWail","floor":1.0},{"not_picked":["Prepared","Sucker Punch"],"picked":"Flechettes","floor":2.0},{"not_picked":["Dagger Throw","Cloak And Dagger"],"picked":"Quick Slash","floor":4.0},{"not_picked":["Accuracy","Outmaneuver"],"picked":"Dagger Throw","floor":6},{"not_picked":["Poisoned Stab","Glass Knife"],"picked":"After Image","floor":8},{"not_picked":["Deadly Poison","Concentrate"],"picked":"Backflip","floor":11},{"not_picked":["Backflip","Accuracy"],"picked":"Infinite Blades","floor":12},{"not_picked":["Eviscerate","Deadly Poison"],"picked":"Heel Hook","floor":14}],"player_experience":320296,"relics_obtained":[{"floor":6,"key":"Bottled Flame"},{"floor":8,"key":"Ornamental Fan"},{"floor":11,"key":"Sundial"}],"event_choices":[{"cards_removed":["Defend_G"],"damage_healed":0.0,"max_hp_gain":0.0,"max_hp_loss":0.0,"gold_gain":0.0,"event_name":"The Cleric","player_choice":"Card Removal","floor":3.0,"gold_loss":50.0,"damage_taken":0.0},{"damage_healed":0,"gold_gain":0,"player_choice":"Success","damage_taken":3,"relics_obtained":["Vajra"],"max_hp_gain":0,"max_hp_loss":0,"event_name":"Scrap Ooze","floor":13,"gold_loss":0}],"is_beta":false,"boss_relics":[],"items_purged_floors":[5],"is_endless":false,"potions_floor_spawned":[2,8,12],"killed_by":"The Guardian","ascension_level":3}