{"gold_per_floor":[113,38,50,60,235,235,265,70,121,121,132,132],"floor_reached":12,"playtime":406,"items_purged":["Defend_R","Defend_R"],"score":82,"play_id":"b46eab95-f471-4840-a973-68c91343a2ab","local_time":"20190624093656","is_ascension_mode":true,"campfire_choices":[{"floor":6,"key":"RECALL"}],"neow_cost":"NONE","seed_source_timestamp":976685093542575,"circlet_count":0,"master_deck":["Strike_R","Strike_R","Strike_R+1","Strike_R","Strike_R+1","Defend_R","Defend_R","Bash","Flex","Doubt","Purity"],"relics":["Burning Blood","Whetstone","Blood Vial"],"potions_floor_usage":[10],"damage_taken":[{"damage":7,"enemies":"2 Louse","floor":1,"turns":3},{"damage":11,"enemies":"Jaw Worm","floor":3,"turns":3},{"damage":1,"enemies":"Cultist","floor":4,"turns":3},{"damage":70,"enemies":"3 Sentries","floor":7,"turns":11},{"damage":16,"enemies":"Blue Slaver","floor":11,"turns":4},{"damage":36,"enemies":"Lagavulin","floor":12,"turns":3}],"seed_played":"-7866016828910234871","potions_obtained":[{"floor":7,"key":"GamblersBrew"},{"floor":10,"key":"Fruit Juice"},{"floor":10,"key":"GamblersBrew"},{"floor":10,"key":"Strength Potion"}],"is_trial":false,"path_per_floor":["M","$","M","M","?","R","E","$","T","?","M","E"],"character_chosen":"IRONCLAD","items_purchased":["Purity"],"campfire_rested":0,"item_purchase_floors":[8],"current_hp_per_floor":[87,87,82,87,87,87,23,23,23,28,20,0],"gold":132,"neow_bonus":"TEN_PERCENT_HP_BONUS","is_prod":false,"is_daily":false,"chose_seed":false,"campfire_upgraded":0,"win_rate":0,"timestamp":1561383416,"path_taken":["M","$","M","M","?","R","E","$","T","?","M","E"],"build_version":"2019-01-23","purchased_purges":2,"victory":false,"max_hp_per_floor":[88,88,88,88,88,88,88,88,88,93,93,93],"card_choices":[{"not_picked":["Iron Wave","Warcry"],"picked":"Flex","floor":1},{"not_picked":["Perfected Strike","Pommel Strike","Hemokinesis"],"picked":"SKIP","floor":3},{"not_picked":["Wild Strike","Iron Wave","Cleave"],"picked":"SKIP","floor":4},{"not_picked":["Pummel","Bloodletting","Immolate"],"picked":"SKIP","floor":7},{"not_picked":["Dropkick","Warcry","Searing Blow"],"picked":"SKIP","floor":11}],"player_experience":200853,"relics_obtained":[{"floor":7,"key":"Whetstone"},{"floor":9,"key":"Blood Vial"}],"event_choices":[{"damage_healed":0,"gold_gain":175,"player_choice":"AGREE","damage_taken":0,"max_hp_gain":0,"max_hp_loss":0,"event_name":"Liars Game","floor":5,"gold_loss":0,"cards_obtained":["Doubt"]},{"damage_healed":0,"gold_gain":0,"player_choice":"Got Potions","damage_taken":0,"max_hp_gain":0,"max_hp_loss":0,"event_name":"Lab","floor":10,"gold_loss":0}],"is_beta":false,"boss_relics":[],"items_purged_floors":[2,8],"is_endless":false,"potions_floor_spawned":[7,11],"killed_by":"Lagavulin","ascension_level":1}