{"path_per_floor":["M","?","?","T","M","E","R","?","T","R","$","R","E","$","R","B",null,"M","M","?","M","$","R","M","R","T","M","$","M","R","T","R","B",null,"M","M","$","?","?","R","M","M","T","M","?","M","M","?","R","B"],"character_chosen":"IRONCLAD","items_purchased":["Flex","Flex"],"gold_per_floor":[110,110,285,285,304,330,330,330,330,330,207,207,238,86,86,182,182,201,220,145,163,38,38,55,55,55,65,65,76,76,76,76,181,181,196,211,61,161,161,161,176,189,189,205,205,223,243,243,243,243],"floor_reached":51,"campfire_rested":3,"playtime":1656,"current_hp_per_floor":[74,74,74,74,74,43,43,69,69,69,69,69,53,53,53,22,80,63,53,53,45,45,45,26,50,50,34,34,26,50,50,50,23,80,70,66,66,66,66,66,57,55,55,51,51,40,13,13,37,40],"items_purged":["Defend_R","Doubt","Defend_R","Strike_R"],"gold":243,"score":655,"play_id":"b6297359-a2a0-4ad2-86dc-58e431aba08d","local_time":"20180320090025","is_prod":false,"is_daily":false,"is_ascension_mode":false,"campfire_upgraded":4,"timestamp":1521550825,"path_taken":["M","?","?","?","?","E","R","?","T","R","$","R","E","$","R","BOSS","M","M","?","M","$","R","M","R","T","M","$","M","R","?","R","BOSS","M","?","$","?","?","R","M","?","T","M","?","M","?","?","R","BOSS"],"build_version":"2018-03-15v3","purchased_purges":4,"victory":true,"master_deck":["Strike_R","Strike_R","Strike_R","Strike_R","Bash+1","Inflame+1","Flex+1","Flex","Limit Break","Flex","Whirlwind+1","Offering","Whirlwind"],"max_hp_per_floor":[80,80,80,80,80,80,80,80,80,80,80,80,80,80,80,80,80,80,80,80,80,80,80,80,80,80,80,80,80,80,80,80,80,80,80,80,80,80,80,80,80,80,80,80,80,80,80,80,80,80],"relics":["Sozu","Self Forming Clay","Bird Faced Urn","Torii","Girya","Runic Dome","Frozen Eye","Paper Frog","Velvet Choker","Pantograph"],"card_choices":[{"not_picked":["Heavy Blade","Pommel Strike"],"picked":"Inflame"},{"not_picked":["Fiend Fire","Bludgeon"],"picked":"Limit Break"},{"not_picked":["Battle Trance","Iron Wave"],"picked":"Flex"},{"not_picked":["Spot Weakness","Reckless Charge"],"picked":"Whirlwind"},{"not_picked":["Berserk","Brutality"],"picked":"Offering"},{"not_picked":["Entrench","Rampage"],"picked":"Whirlwind"}],"player_experience":93182,"potions_floor_usage":[],"damage_taken":[{"damage":6,"enemies":"Jaw Worm","floor":1,"turns":3},{"damage":0,"enemies":"Cultist","floor":5,"turns":2},{"damage":31,"enemies":"Gremlin Nob","floor":6,"turns":5},{"damage":18,"enemies":"Lagavulin","floor":13,"turns":4},{"damage":33,"enemies":"The Guardian","floor":16,"turns":6},{"damage":17,"enemies":"3 Byrds","floor":18,"turns":4},{"damage":12,"enemies":"2 Thieves","floor":19,"turns":4},{"damage":10,"enemies":"Snecko","floor":21,"turns":3},{"damage":21,"enemies":"Snake Plant","floor":24,"turns":2},{"damage":18,"enemies":"Centurion and Healer","floor":27,"turns":3},{"damage":10,"enemies":"Sentry and Sphere","floor":29,"turns":3},{"damage":29,"enemies":"Champ","floor":33,"turns":4},{"damage":10,"enemies":"Orb Walker","floor":35,"turns":2},{"damage":4,"enemies":"3 Darklings","floor":36,"turns":1},{"damage":11,"enemies":"Sphere and 2 Shapes","floor":41,"turns":2},{"damage":4,"enemies":"Maw","floor":42,"turns":2},{"damage":4,"enemies":"3 Darklings","floor":44,"turns":1},{"damage":13,"enemies":"Sphere and 2 Shapes","floor":46,"turns":2},{"damage":29,"enemies":"Maw","floor":47,"turns":3},{"damage":24,"enemies":"Donu and Deca","floor":50,"turns":2}],"event_choices":[{"event_name":"Bonfire Elementals","player_choice":"BASIC","floor":2,"damage_taken":0},{"event_name":"Liars Game","player_choice":"agreed","floor":3,"damage_taken":0},{"event_name":"Big Fish","player_choice":"Banana","floor":8,"damage_taken":0},{"event_name":"Beggar","player_choice":"Gave Gold","floor":20,"damage_taken":0},{"event_name":"Golden Shrine","player_choice":"Pray","floor":38,"damage_taken":0},{"event_name":"The Woman in Blue","player_choice":"Bought 0 Potions","floor":39,"damage_taken":0},{"event_name":"Tomb of Lord Red Mask","player_choice":"Ignored","floor":45,"damage_taken":0},{"event_name":"Mysterious Sphere","player_choice":"Ignore","floor":48,"damage_taken":0}],"boss_relics":[{"not_picked":["Runic Cube","Philosopher\u0027s Stone"],"picked":"Runic Dome"},{"not_picked":["Eternal Feather","White Beast Statue"],"picked":"Velvet Choker"}],"potions_floor_spawned":[6,16,19,24,33,42,44,47],"seed_played":"-4282232376882302836","ascension_level":0,"is_trial":false}