{"gold_per_floor":[113,131,141,156,156,156,184,184,264,264],"floor_reached":10,"playtime":384,"items_purged":[],"score":82,"play_id":"33c5db01-d047-4f91-a4a1-6ef27189bc0d","local_time":"20190708130439","is_ascension_mode":true,"campfire_choices":[{"data":"Dash","floor":6,"key":"SMITH"},{"floor":8,"key":"REST"}],"neow_cost":"NONE","seed_source_timestamp":2198753306514836,"circlet_count":0,"master_deck":["Strike_G","Strike_G","Strike_G","Strike_G","Strike_G","Defend_G","Defend_G","Defend_G","Defend_G","Defend_G","Survivor","Neutralize","Backflip","Dash+1"],"relics":["Ring of the Snake","Dead Branch","Shuriken"],"potions_floor_usage":[7],"damage_taken":[{"damage":0,"enemies":"Jaw Worm","floor":1,"turns":6},{"damage":0,"enemies":"Cultist","floor":2,"turns":5},{"damage":3,"enemies":"Small Slimes","floor":3,"turns":5},{"damage":10,"enemies":"Exordium Wildlife","floor":4,"turns":8},{"damage":28,"enemies":"Gremlin Nob","floor":7,"turns":5},{"damage":0,"enemies":"Lots of Slimes","floor":10,"turns":1}],"seed_played":"2856990930718353597","potions_obtained":[{"floor":2,"key":"GhostInAJar"},{"floor":5,"key":"EntropicBrew"},{"floor":5,"key":"Explosive Potion"},{"floor":7,"key":"Weak Potion"}],"is_trial":false,"path_per_floor":["M","M","M","M","?","R","E","R","T","M"],"character_chosen":"THE_SILENT","items_purchased":[],"campfire_rested":1,"item_purchase_floors":[],"current_hp_per_floor":[77,77,74,64,64,64,36,59,59,59],"gold":264,"neow_bonus":"TEN_PERCENT_HP_BONUS","is_prod":false,"is_daily":false,"chose_seed":false,"campfire_upgraded":1,"win_rate":0,"timestamp":1562605479,"path_taken":["M","M","M","M","?","R","E","R","T","M"],"build_version":"2019-07-05","purchased_purges":0,"victory":false,"max_hp_per_floor":[77,77,77,77,77,77,77,77,77,77],"card_choices":[{"not_picked":["Deflect","All Out Attack"],"picked":"Backflip","floor":1},{"not_picked":["Calculated Gamble","Choke"],"picked":"Dash","floor":2},{"not_picked":["Eviscerate","Reflex","Predator"],"picked":"SKIP","floor":3},{"not_picked":["Bane","Reflex","Deadly Poison"],"picked":"SKIP","floor":4},{"not_picked":["Sucker Punch","Quick Slash","Eviscerate"],"picked":"SKIP","floor":7}],"player_experience":365006,"relics_obtained":[{"floor":7,"key":"Dead Branch"},{"floor":9,"key":"Shuriken"}],"event_choices":[{"damage_healed":0,"gold_gain":0,"player_choice":"Got Potions","damage_taken":0,"max_hp_gain":0,"max_hp_loss":0,"event_name":"Lab","floor":5,"gold_loss":0}],"is_beta":false,"boss_relics":[],"items_purged_floors":[],"is_endless":false,"potions_floor_spawned":[2,7],"killed_by":"Lots of Slimes","ascension_level":4}