{"gold_per_floor":[110,129,129,148,161,161,177,212,262,262,437,44,44,71,71,168,168,179,104,122,122,136,146,146,196,219,248,266,46,64,13,13,117,117,131,531,131,150,160,225,225,254,277,277,277,76,89,103,103,103],"floor_reached":50,"playtime":6166,"items_purged":["Doubt","Strike_G","Defend_G","Strike_G"],"score":637,"play_id":"3bf0cf00-a28e-4af5-a7fe-5544d73ea40d","local_time":"20190907223915","is_ascension_mode":true,"campfire_choices":[{"data":"Tactician","floor":6.0,"key":"SMITH"},{"data":"Defend_G","floor":10.0,"key":"PURGE"},{"floor":13.0,"key":"REST"},{"data":"Footwork","floor":15.0,"key":"SMITH"},{"floor":24.0,"key":"REST"},{"floor":32.0,"key":"REST"},{"floor":41,"key":"REST"},{"floor":49,"key":"REST"}],"neow_cost":"NONE","seed_source_timestamp":0,"circlet_count":0,"master_deck":["Strike_G","Defend_G","Defend_G","Defend_G","Survivor","Neutralize","Unload","Leg Sweep","Dagger Throw","Tactician+1","Prepared","Well Laid Plans","Footwork+1","Phantasmal Killer+1","Eviscerate","Underhanded Strike+1","Terror+1","Backflip+1","Prepared+1","Acrobatics+1","Caltrops","Venomology+1","Escape Plan+1","Setup+1","Apotheosis+1","Blur+1"],"special_seed":0,"relics":["Ring of the Snake","Peace Pipe","Art of War","Shuriken","Toxic Egg 2","Eternal Feather","Bag of Marbles","Omamori","Lizard Tail","Old Coin","Tiny Chest","Vajra","Bag of Preparation"],"potions_floor_usage":[36,36,38,39,40,40,42,47,47,48,48,48,48,48,48,48,50],"damage_taken":[{"damage":0.0,"enemies":"Jaw Worm","floor":1.0,"turns":3.0},{"damage":0.0,"enemies":"Cultist","floor":2.0,"turns":3.0},{"damage":1.0,"enemies":"Small Slimes","floor":4.0,"turns":3.0},{"damage":0.0,"enemies":"Exordium Wildlife","floor":5.0,"turns":3.0},{"damage":7.0,"enemies":"Exordium Thugs","floor":7.0,"turns":6.0},{"damage":26.0,"enemies":"Lagavulin","floor":8.0,"turns":7.0},{"damage":4.0,"enemies":"Gremlin Nob","floor":14.0,"turns":3.0},{"damage":20.0,"enemies":"Slime Boss","floor":16.0,"turns":13.0},{"damage":8.0,"enemies":"Shell Parasite","floor":18.0,"turns":5.0},{"damage":27.0,"enemies":"Chosen","floor":20.0,"turns":8.0},{"damage":22.0,"enemies":"Snecko","floor":22.0,"turns":5.0},{"damage":19.0,"enemies":"Centurion and Healer","floor":23.0,"turns":6.0},{"damage":23.0,"enemies":"Book of Stabbing","floor":27.0,"turns":4.0},{"damage":0.0,"enemies":"Shelled Parasite and Fungi","floor":28.0,"turns":4.0},{"damage":8.0,"enemies":"Cultist and Chosen","floor":30.0,"turns":6.0},{"damage":5.0,"enemies":"Automaton","floor":33.0,"turns":8.0},{"damage":22,"enemies":"3 Darklings","floor":35,"turns":5},{"damage":4,"enemies":"Mind Bloom Boss Battle","floor":36,"turns":5},{"damage":10,"enemies":"3 Shapes","floor":38,"turns":4},{"damage":19,"enemies":"Sphere and 2 Shapes","floor":39,"turns":5},{"damage":24,"enemies":"Nemesis","floor":40,"turns":13},{"damage":57,"enemies":"Reptomancer","floor":42,"turns":8},{"damage":0,"enemies":"3 Darklings","floor":47,"turns":5},{"damage":25,"enemies":"Transient","floor":48,"turns":5},{"damage":85,"enemies":"Awakened One","floor":50,"turns":14}],"seed_played":"6333766714385556551","potions_obtained":[{"floor":2.0,"key":"Energy Potion"},{"floor":4.0,"key":"FairyPotion"},{"floor":7.0,"key":"Weak Potion"},{"floor":8.0,"key":"AttackPotion"},{"floor":16.0,"key":"Block Potion"},{"floor":18.0,"key":"SteroidPotion"},{"floor":20.0,"key":"Dexterity Potion"},{"floor":22.0,"key":"Fire Potion"},{"floor":35,"key":"SteroidPotion"},{"floor":36,"key":"SteroidPotion"},{"floor":42,"key":"SpeedPotion"},{"floor":47,"key":"Regen Potion"}],"is_trial":false,"path_per_floor":["M","M","?","M","M","R","M","E","T","R","?","$","R","E","R","B",null,"M","?","M","?","M","M","R","?","T","E","M","$","M","$","R","B",null,"M","?","$","M","M","E","R","E","T","?","?","$","M","M","R","B"],"character_chosen":"THE_SILENT","items_purchased":["Shuriken","Well Laid Plans","Acrobatics+1","Caltrops","PowerPotion","Apotheosis+1","Blur+1","Dexterity Potion"],"campfire_rested":5,"item_purchase_floors":[12,12,29,29,31,37,37,46],"current_hp_per_floor":[70,70,70,69,69,69,62,36,36,36,36,36,57,53,53,33,70,62,62,35,35,13,7,40,40,40,17,17,17,9,9,42,37,70,48,44,44,34,15,31,67,25,25,43,43,43,43,33,69,0],"gold":103,"neow_bonus":"ONE_RANDOM_RARE_CARD","is_prod":false,"is_daily":false,"chose_seed":false,"campfire_upgraded":2,"win_rate":0,"timestamp":1567913955,"path_taken":["M","M","?","?","M","R","M","E","T","R","?","$","R","E","R","BOSS","M","?","M","?","M","?","R","?","T","E","M","$","M","?","R","BOSS","M","?","$","M","M","E","R","E","T","?","?","$","M","?","R","BOSS"],"build_version":"2019-08-26","purchased_purges":4,"victory":false,"max_hp_per_floor":[70,70,70,70,70,70,70,70,70,70,70,70,70,70,70,70,70,70,70,70,70,70,70,70,70,70,70,70,70,70,70,70,70,70,70,70,70,70,70,70,70,70,70,70,70,70,70,70,70,70],"card_choices":[{"not_picked":["Dodge and Roll","Sucker Punch","Predator"],"picked":"SKIP","floor":1.0},{"not_picked":["Flying Knee","Crippling Poison"],"picked":"Leg Sweep","floor":2.0},{"not_picked":["Flying Knee","Riddle With Holes"],"picked":"Dagger Throw","floor":4.0},{"not_picked":["Choke","Masterful Stab"],"picked":"Tactician","floor":5.0},{"not_picked":["Phantasmal Killer","Poisoned Stab"],"picked":"Prepared","floor":7.0},{"not_picked":["Dagger Throw","Cloak And Dagger","Blade Dance"],"picked":"SKIP","floor":8.0},{"not_picked":["Noxious Fumes","Caltrops"],"picked":"Footwork","floor":14.0},{"not_picked":["After Image","Adrenaline+1"],"picked":"Phantasmal Killer+1","floor":16.0},{"not_picked":["Dagger Spray","Quick Slash+1"],"picked":"Eviscerate","floor":18.0},{"not_picked":["Slice+1","Noxious Fumes+1","Cloak And Dagger+1"],"picked":"SKIP","floor":20.0},{"not_picked":["Dash+1","Bane+1"],"picked":"Underhanded Strike+1","floor":22.0},{"not_picked":["Infinite Blades","Quick Slash"],"picked":"Terror+1","floor":23.0},{"not_picked":["Noxious Fumes+1","Night Terror+1"],"picked":"Backflip+1","floor":27.0},{"not_picked":["Crippling Poison+1","Blade Dance+1"],"picked":"Prepared+1","floor":28.0},{"not_picked":["Flying Knee","Dodge and Roll+1","Tactician+1"],"picked":"SKIP","floor":30.0},{"not_picked":["Die Die Die","Night Terror+1"],"picked":"Venomology+1","floor":33.0},{"not_picked":["Cloak And Dagger+1","Bane"],"picked":"Escape Plan+1","floor":35},{"not_picked":["Poisoned Stab","Predator"],"picked":"Setup+1","floor":36},{"not_picked":["Deadly Poison+1","Flying Knee+1","Sucker Punch+1"],"picked":"SKIP","floor":38},{"not_picked":["Dagger Spray","Eviscerate","Outmaneuver+1"],"picked":"SKIP","floor":39},{"not_picked":["Deflect+1","Wraith Form v2","PiercingWail+1"],"picked":"SKIP","floor":40},{"not_picked":["Dagger Spray+1","Bouncing Flask+1","Noxious Fumes"],"picked":"SKIP","floor":42},{"not_picked":["Underhanded Strike+1","Quick Slash","Slice"],"picked":"SKIP","floor":47},{"not_picked":["Bane","Flying Knee","Cloak And Dagger+1"],"picked":"SKIP","floor":48}],"player_experience":218815,"relics_obtained":[{"floor":8.0,"key":"Peace Pipe"},{"floor":9.0,"key":"Art of War"},{"floor":14.0,"key":"Toxic Egg 2"},{"floor":26.0,"key":"Bag of Marbles"},{"floor":27.0,"key":"Omamori"},{"floor":36,"key":"Old Coin"},{"floor":40,"key":"Tiny Chest"},{"floor":42,"key":"Vajra"},{"floor":43,"key":"Bag of Preparation"}],"event_choices":[{"cards_removed":["Strike_G"],"damage_healed":0.0,"max_hp_gain":0.0,"max_hp_loss":0.0,"gold_gain":0.0,"event_name":"Purifier","player_choice":"Purged","floor":3.0,"gold_loss":0.0,"damage_taken":0.0},{"damage_healed":0.0,"max_hp_gain":0.0,"max_hp_loss":0.0,"gold_gain":175.0,"event_name":"Liars Game","player_choice":"AGREE","floor":11.0,"gold_loss":0.0,"damage_taken":0.0,"cards_obtained":["Doubt"]},{"cards_removed":["Strike_G"],"damage_healed":0.0,"max_hp_gain":0.0,"max_hp_loss":0.0,"gold_gain":0.0,"event_name":"Beggar","player_choice":"Gave Gold","floor":19.0,"gold_loss":75.0,"damage_taken":0.0},{"damage_healed":0.0,"max_hp_gain":0.0,"max_hp_loss":0.0,"gold_gain":0.0,"event_name":"The Woman in Blue","player_choice":"Bought 0 Potions","floor":21.0,"gold_loss":0.0,"damage_taken":0.0},{"damage_healed":0.0,"max_hp_gain":0.0,"max_hp_loss":0.0,"gold_gain":100.0,"event_name":"The Joust","player_choice":"Bet on Murderer","floor":25.0,"gold_loss":50.0,"damage_taken":0.0},{"damage_healed":0,"gold_gain":0,"player_choice":"Fight","damage_taken":0,"max_hp_gain":0,"max_hp_loss":0,"event_name":"MindBloom","floor":36,"gold_loss":0},{"damage_healed":18,"gold_gain":0,"player_choice":"Writhe","damage_taken":0,"max_hp_gain":0,"max_hp_loss":0,"event_name":"Winding Halls","floor":44,"gold_loss":0,"cards_obtained":["Writhe"]},{"damage_healed":0,"gold_gain":0,"player_choice":"Ignored","damage_taken":0,"max_hp_gain":0,"max_hp_loss":0,"event_name":"Tomb of Lord Red Mask","floor":45,"gold_loss":0}],"is_beta":true,"boss_relics":[{"not_picked":["Snecko Eye","Philosopher\u0027s Stone"],"picked":"Eternal Feather"},{"not_picked":["White Beast Statue","WristBlade"],"picked":"Lizard Tail"}],"items_purged_floors":[12,29,37,46],"is_endless":false,"potions_floor_spawned":[2,4,7,8,16,18,20,22,35,36,42,47],"killed_by":"Awakened One","ascension_level":3}