{"gold_per_floor":[115,115,130,52,52,78,58,92,128,140,185,216,228,250,262,377,389,413,356,356,455,425,451,451,464,464,464,464,464,494,506,506,605,605,615,715,374,389,389],"floor_reached":39,"playtime":5849,"items_purged":["Strike_P"],"score":525,"play_id":"ddc059a8-14b5-455b-8e19-509d4f6e2ef7","local_time":"20191005122758","is_ascension_mode":true,"campfire_choices":[{"floor":10.0,"key":"REST"},{"floor":13.0,"key":"REST"},{"data":"Eruption","floor":15.0,"key":"SMITH"},{"floor":27.0,"key":"REST"},{"floor":29.0,"key":"REST"},{"floor":32.0,"key":"REST"}],"neow_cost":"NONE","seed_source_timestamp":0,"circlet_count":0,"master_deck":["Strike_P","Strike_P","Defend_P","Defend_P","Defend_P","Defend_P","Eruption+1","Vigilance","Wireheading","Halt","FlurryOfBlows","BattleHymn","DeceiveReality","BowlingBash","Meditate","Discipline","DevaForm","Wireheading","DevaForm","WaveOfTheHand","Conclude","TalkToTheHand+1","ReachHeaven+1","SpiritShield","ConjureBlade","Consecrate","ThirdEye","Finesse","SashWhip"],"special_seed":0,"relics":["PureWater","InkBottle","Pen Nib","MawBank","MealTicket","Pear","VioletLotus","Vajra","Boot","Bag of Marbles","Centennial Puzzle","Black Star","Lantern"],"potions_floor_usage":[],"damage_taken":[{"damage":0.0,"enemies":"2 Louse","floor":1.0,"turns":2.0},{"damage":0.0,"enemies":"Small Slimes","floor":3.0,"turns":3.0},{"damage":12.0,"enemies":"Lagavulin","floor":6.0,"turns":7.0},{"damage":32.0,"enemies":"Gremlin Nob","floor":8.0,"turns":3.0},{"damage":17.0,"enemies":"3 Sentries","floor":11.0,"turns":4.0},{"damage":0.0,"enemies":"Cultist","floor":12.0,"turns":2.0},{"damage":0.0,"enemies":"2 Fungi Beasts","floor":14.0,"turns":3.0},{"damage":27.0,"enemies":"Hexaghost","floor":16.0,"turns":7.0},{"damage":0.0,"enemies":"3 Byrds","floor":18.0,"turns":3.0},{"damage":45.0,"enemies":"2 Thieves","floor":22.0,"turns":5.0},{"damage":10.0,"enemies":"Gremlin Leader","floor":23.0,"turns":6.0},{"damage":36.0,"enemies":"3 Cultists","floor":25.0,"turns":4.0},{"damage":32.0,"enemies":"Book of Stabbing","floor":30.0,"turns":6.0},{"damage":20.0,"enemies":"Snake Plant","floor":31.0,"turns":6.0},{"damage":16.0,"enemies":"Champ","floor":33.0,"turns":9.0},{"damage":18.0,"enemies":"3 Shapes","floor":35.0,"turns":10.0},{"damage":34.0,"enemies":"Orb Walker","floor":38.0,"turns":6.0},{"damage":20,"enemies":"Writhing Mass","floor":39,"turns":3}],"seed_played":"-4601638340077235340","potions_obtained":[{"floor":6.0,"key":"AttackPotion"},{"floor":7.0,"key":"StancePotion"},{"floor":11.0,"key":"SkillPotion"},{"floor":14.0,"key":"DuplicationPotion"},{"floor":16.0,"key":"SneckoOil"},{"floor":23.0,"key":"SkillPotion"},{"floor":25.0,"key":"GamblersBrew"},{"floor":30.0,"key":"Ambrosia"},{"floor":31.0,"key":"FearPotion"},{"floor":35.0,"key":"StancePotion"}],"is_trial":false,"path_per_floor":["M","?","M","$","?","E","?","E","T","R","E","M","R","M","R","B",null,"M","$","?","?","M","E","?","M","T","R","?","R","E","M","R","B",null,"M","?","$","M","M"],"character_chosen":"WATCHER","items_purchased":["FlurryOfBlows","DevaForm","Lantern","ThirdEye","Finesse"],"campfire_rested":5,"item_purchase_floors":[4,19,37,37,37],"current_hp_per_floor":[72,65,65,65,70,58,58,26,26,49,42,42,68,68,68,41,87,87,87,87,87,42,32,61,25,25,51,51,77,45,25,51,35,87,69,69,84,50,30],"gold":389,"neow_bonus":"RANDOM_COMMON_RELIC","is_prod":false,"is_daily":false,"chose_seed":false,"campfire_upgraded":1,"win_rate":0,"timestamp":1570303678,"path_taken":["M","?","M","$","?","E","?","E","T","R","E","M","R","?","R","BOSS","M","$","?","?","?","E","?","M","T","R","?","R","E","M","R","BOSS","M","?","$","M","M"],"build_version":"2019-10-04","purchased_purges":1,"victory":false,"max_hp_per_floor":[72,72,72,72,77,77,77,77,77,77,87,87,87,87,87,87,87,87,87,87,87,87,87,87,87,87,87,87,87,87,87,87,87,87,87,87,87,87,87],"card_choices":[{"not_picked":["SashWhip","EmptyBody"],"picked":"Wireheading","floor":1.0},{"not_picked":["CarveReality","EmptyFist"],"picked":"Halt","floor":3.0},{"not_picked":["SignatureMove","ClearTheMind"],"picked":"BattleHymn","floor":6.0},{"not_picked":["InnerPeace","ThirdEye"],"picked":"DeceiveReality","floor":8.0},{"not_picked":["ClearTheMind","Consecrate"],"picked":"BowlingBash","floor":11.0},{"not_picked":["BattleHymn","Prostrate"],"picked":"Meditate","floor":12.0},{"not_picked":["ThirdEye","ClearTheMind"],"picked":"Discipline","floor":14.0},{"not_picked":["Vault","Wish"],"picked":"DevaForm","floor":16.0},{"not_picked":["Prostrate","CrushJoints"],"picked":"Wireheading","floor":18.0},{"not_picked":["Perseverance+1","BattleHymn"],"picked":"WaveOfTheHand","floor":22.0},{"not_picked":["Prostrate","Halt"],"picked":"Conclude","floor":23.0},{"not_picked":["Weave","CrushJoints"],"picked":"TalkToTheHand+1","floor":25.0},{"not_picked":["JustLucky+1","Weave"],"picked":"ReachHeaven+1","floor":30.0},{"not_picked":["Pray+1","BowlingBash+1"],"picked":"SpiritShield","floor":31.0},{"not_picked":["Judgement","Vault"],"picked":"ConjureBlade","floor":33.0},{"not_picked":["DeceiveReality","EmptyBody"],"picked":"Consecrate","floor":35.0},{"not_picked":["Crescendo","FlurryOfBlows"],"picked":"SashWhip","floor":38.0}],"player_experience":68861,"relics_obtained":[{"floor":6.0,"key":"Pen Nib"},{"floor":8.0,"key":"MawBank"},{"floor":9.0,"key":"MealTicket"},{"floor":11.0,"key":"Pear"},{"floor":23.0,"key":"Boot"},{"floor":26.0,"key":"Bag of Marbles"},{"floor":30.0,"key":"Centennial Puzzle"}],"event_choices":[{"cards_removed":["Strike_P"],"damage_healed":0.0,"max_hp_gain":0.0,"max_hp_loss":0.0,"gold_gain":0.0,"event_name":"Golden Wing","player_choice":"Card Removal","floor":2.0,"gold_loss":0.0,"damage_taken":7.0},{"damage_healed":0.0,"max_hp_gain":5.0,"max_hp_loss":0.0,"gold_gain":0.0,"event_name":"Big Fish","player_choice":"Donut","floor":5.0,"gold_loss":0.0,"damage_taken":0.0},{"damage_healed":0.0,"max_hp_gain":0.0,"max_hp_loss":0.0,"gold_gain":0.0,"event_name":"The Woman in Blue","player_choice":"Bought 1 Potion","floor":7.0,"gold_loss":0.0,"damage_taken":0.0},{"damage_healed":0.0,"max_hp_gain":0.0,"max_hp_loss":0.0,"gold_gain":0.0,"event_name":"The Mausoleum","player_choice":"Opened","floor":20.0,"gold_loss":0.0,"damage_taken":0.0,"relics_obtained":["Vajra"]},{"damage_healed":0.0,"max_hp_gain":0.0,"max_hp_loss":0.0,"gold_gain":99.0,"event_name":"Nest","player_choice":"Stole From Cult","floor":21.0,"gold_loss":0.0,"damage_taken":0.0},{"damage_healed":29.0,"max_hp_gain":0.0,"max_hp_loss":0.0,"gold_gain":0.0,"event_name":"The Library","player_choice":"Heal","floor":24.0,"gold_loss":0.0,"damage_taken":0.0},{"damage_healed":0.0,"max_hp_gain":0.0,"max_hp_loss":0.0,"gold_gain":0.0,"event_name":"Ghosts","player_choice":"Ignored","floor":28.0,"gold_loss":0.0,"damage_taken":0.0},{"damage_healed":0.0,"max_hp_gain":0.0,"max_hp_loss":0.0,"gold_gain":100.0,"event_name":"Golden Shrine","player_choice":"Pray","floor":36.0,"gold_loss":0.0,"damage_taken":0.0}],"is_beta":true,"boss_relics":[{"not_picked":["Busted Crown","Runic Dome"],"picked":"VioletLotus"},{"not_picked":["SacredBark","Cursed Key"],"picked":"Black Star"}],"items_purged_floors":[37],"is_endless":false,"potions_floor_spawned":[6,11,14,16,23,25,30,31,35],"killed_by":"Writhing Mass","ascension_level":3}