{"gold_per_floor":[115,132,57,57,77,77,77,89,142,156,156,169,196,211,211,306,306,319,219,238,238,238],"floor_reached":22,"playtime":1618,"items_purged":["Defend_B","Defend_B"],"score":188,"play_id":"d7012304-8ec5-4fad-995e-037c683a40ea","local_time":"20190112064832","is_ascension_mode":false,"campfire_choices":[{"data":"Zap","floor":6,"key":"SMITH"},{"data":"Dualcast","floor":11,"key":"SMITH"},{"floor":15,"key":"REST"}],"neow_cost":"NONE","seed_source_timestamp":250978843496612,"circlet_count":0,"master_deck":["Defend_B","Defend_B","Zap+1","Dualcast+1","White Noise","White Noise","Chaos","Amplify","Amplify+1","Self Repair+1","Buffer+1","Capacitor","Capacitor"],"relics":["Cracked Core","Happy Flower","Tiny Chest","Thread and Needle","Astrolabe"],"potions_floor_usage":[13,16],"damage_taken":[{"damage":10,"enemies":"Small Slimes","floor":1,"turns":2},{"damage":6,"enemies":"Cultist","floor":2,"turns":3},{"damage":1,"enemies":"2 Louse","floor":5,"turns":2},{"damage":0,"enemies":"Gremlin Gang","floor":8,"turns":2},{"damage":17,"enemies":"Exordium Thugs","floor":10,"turns":4},{"damage":13,"enemies":"2 Fungi Beasts","floor":12,"turns":3},{"damage":9,"enemies":"Lagavulin","floor":13,"turns":6},{"damage":9,"enemies":"Gremlin Gang","floor":14,"turns":4},{"damage":12,"enemies":"Hexaghost","floor":16,"turns":8},{"damage":10,"enemies":"Spheric Guardian","floor":18,"turns":4},{"damage":20,"enemies":"Chosen","floor":20,"turns":5},{"damage":16,"enemies":"Centurion and Healer","floor":22,"turns":10}],"seed_played":"2508316157093593406","potions_obtained":[{"floor":1,"key":"Dexterity Potion"},{"floor":2,"key":"PowerPotion"},{"floor":10,"key":"Block Potion"}],"is_trial":false,"path_per_floor":["M","M","$","?","M","R","$","M","T","M","R","M","E","M","R","B",null,"M","$","M","?","M"],"character_chosen":"DEFECT","items_purchased":[],"campfire_rested":1,"item_purchase_floors":[],"current_hp_per_floor":[65,59,59,59,58,58,58,58,58,41,41,28,19,10,32,20,75,75,75,65,65,49],"gold":238,"neow_bonus":"REMOVE_CARD","is_prod":false,"is_daily":false,"chose_seed":false,"campfire_upgraded":2,"win_rate":0,"timestamp":1547293712,"path_taken":["M","M","$","?","?","R","$","M","T","M","R","M","E","M","R","BOSS","M","$","M","?","M"],"build_version":"2019-01-10","purchased_purges":2,"victory":false,"max_hp_per_floor":[75,75,75,75,75,75,75,75,75,75,75,75,75,75,75,75,75,75,75,75,75,75],"card_choices":[{"not_picked":["Skim","Lockon"],"picked":"White Noise","floor":1},{"not_picked":["Conserve Battery","Go for the Eyes"],"picked":"White Noise","floor":2},{"not_picked":["Rebound","Conserve Battery","Barrage"],"picked":"SKIP","floor":5},{"not_picked":["Barrage","Lockon","Doom and Gloom"],"picked":"SKIP","floor":8},{"not_picked":["Turbo","Streamline","Beam Cell"],"picked":"SKIP","floor":10},{"not_picked":["Sunder","Leap"],"picked":"Chaos","floor":12},{"not_picked":["Leap","Streamline","Meteor Strike"],"picked":"SKIP","floor":13},{"not_picked":["Sweeping Beam","Turbo","Barrage"],"picked":"SKIP","floor":14},{"not_picked":["Multi-Cast","Seek"],"picked":"Amplify","floor":16},{"not_picked":["Turbo","Streamline+1"],"picked":"Capacitor","floor":18},{"not_picked":["Ball Lightning","Barrage+1","Go for the Eyes"],"picked":"SKIP","floor":20}],"player_experience":153580,"relics_obtained":[{"floor":9,"key":"Tiny Chest"},{"floor":13,"key":"Thread and Needle"}],"event_choices":[{"damage_healed":0,"gold_gain":0,"player_choice":"Gave Potion","damage_taken":0,"relics_obtained":["Happy Flower"],"max_hp_gain":0,"max_hp_loss":0,"event_name":"WeMeetAgain","floor":4,"gold_loss":0},{"damage_healed":0,"gold_gain":0,"player_choice":"Copied","damage_taken":0,"max_hp_gain":0,"max_hp_loss":0,"event_name":"Duplicator","floor":21,"gold_loss":0,"cards_obtained":["Capacitor"]}],"is_beta":false,"boss_relics":[{"not_picked":["Tiny House","Ectoplasm"],"picked":"Astrolabe"}],"items_purged_floors":[3,19],"is_endless":false,"potions_floor_spawned":[1,2,10],"killed_by":"Centurion and Healer","ascension_level":0}