{"gold_per_floor":[113,113,113,127,27,27,56,56,80,90,90,90,90,125,125,220,220,238,337,351,86,98,0,0],"floor_reached":24,"playtime":1468,"items_purged":[],"score":284,"play_id":"64bf19f7-a7f7-4565-84d7-18661ad00682","local_time":"20190907141030","is_ascension_mode":true,"campfire_choices":[{"floor":6,"key":"REST"},{"data":"Noxious Fumes","floor":8,"key":"SMITH"},{"data":"Deflect","floor":12,"key":"SMITH"},{"floor":15,"key":"REST"}],"neow_cost":"NONE","seed_source_timestamp":435547336302692,"circlet_count":0,"master_deck":["Strike_G","Strike_G","Strike_G","Strike_G","Defend_G","Defend_G","Defend_G+1","Defend_G","Defend_G","Survivor+1","Neutralize","Blade Dance","PiercingWail","Noxious Fumes+1","Backflip","Deflect+1","Flying Knee","Deadly Poison","After Image","Acrobatics+1","Tactician+1","Apotheosis","Noxious Fumes","Slice","Blur+1","Footwork","Dodge and Roll"],"relics":["Ring of the Snake","NeowsBlessing","Centennial Puzzle","Blue Candle","Matryoshka","Snecko Eye"],"potions_floor_usage":[18,24],"damage_taken":[{"damage":0,"enemies":"Jaw Worm","floor":1,"turns":1},{"damage":0,"enemies":"Small Slimes","floor":4,"turns":1},{"damage":0,"enemies":"Gremlin Nob","floor":7,"turns":1},{"damage":0,"enemies":"2 Louse","floor":10,"turns":3},{"damage":19,"enemies":"3 Sentries","floor":14,"turns":7},{"damage":25,"enemies":"Hexaghost","floor":16,"turns":10},{"damage":5,"enemies":"2 Thieves","floor":18,"turns":5},{"damage":14,"enemies":"Spheric Guardian","floor":20,"turns":6},{"damage":5,"enemies":"Shelled Parasite and Fungi","floor":22,"turns":6},{"damage":50,"enemies":"Gremlin Leader","floor":24,"turns":7}],"seed_played":"1813449079885819976","potions_obtained":[{"floor":1,"key":"Block Potion"},{"floor":4,"key":"Strength Potion"},{"floor":16,"key":"Energy Potion"},{"floor":18,"key":"AttackPotion"},{"floor":20,"key":"Regen Potion"}],"is_trial":false,"path_per_floor":["M","?","?","M","$","R","E","R","T","M","?","R","?","E","R","B",null,"M","?","M","$","M","$","E"],"character_chosen":"THE_SILENT","items_purchased":["Noxious Fumes","Backflip","Apotheosis","Noxious Fumes","Slice","Footwork","Dodge and Roll"],"campfire_rested":2,"item_purchase_floors":[5,5,21,21,21,23,23],"current_hp_per_floor":[70,63,49,49,49,70,70,70,70,70,52,52,52,33,54,29,60,55,55,41,41,36,36,0],"gold":0,"neow_bonus":"THREE_ENEMY_KILL","is_prod":false,"is_daily":false,"chose_seed":false,"campfire_upgraded":2,"win_rate":0,"timestamp":1567890630,"path_taken":["M","?","?","M","$","R","E","R","T","?","?","R","?","E","R","BOSS","M","?","M","$","M","$","E"],"build_version":"2019-07-17","purchased_purges":0,"victory":false,"max_hp_per_floor":[70,70,70,70,70,70,70,70,70,70,70,70,70,70,70,70,70,70,70,70,70,70,70,70],"card_choices":[{"not_picked":["Flechettes","Catalyst"],"picked":"Blade Dance","floor":1},{"not_picked":["Escape Plan","Outmaneuver"],"picked":"PiercingWail","floor":4},{"not_picked":["Backflip","PiercingWail"],"picked":"Deflect","floor":7},{"not_picked":["Calculated Gamble","Acrobatics"],"picked":"Flying Knee","floor":10},{"not_picked":["Prepared","Dodge and Roll"],"picked":"Deadly Poison","floor":14},{"not_picked":["Doppelganger","Wraith Form v2"],"picked":"After Image","floor":16},{"not_picked":["Underhanded Strike","Deflect"],"picked":"Acrobatics+1","floor":18},{"not_picked":["Bane","Escape Plan"],"picked":"Tactician+1","floor":20},{"not_picked":["Quick Slash","Cloak And Dagger"],"picked":"Blur+1","floor":22}],"player_experience":3188781,"relics_obtained":[{"floor":7,"key":"Centennial Puzzle"},{"floor":14,"key":"Matryoshka"}],"event_choices":[{"cards_removed":["Strike_G"],"damage_healed":0,"gold_gain":0,"player_choice":"Card Removal","damage_taken":7,"max_hp_gain":0,"max_hp_loss":0,"event_name":"Golden Wing","floor":2,"gold_loss":0},{"damage_healed":0,"gold_gain":0,"player_choice":"Entered Light","damage_taken":14,"max_hp_gain":0,"max_hp_loss":0,"event_name":"Shining Light","floor":3,"gold_loss":0,"cards_upgraded":["Survivor","Defend_G"]},{"damage_healed":0,"gold_gain":0,"player_choice":"Success","damage_taken":18,"relics_obtained":["Blue Candle"],"max_hp_gain":0,"max_hp_loss":0,"event_name":"Scrap Ooze","floor":11,"gold_loss":0},{"damage_healed":0,"gold_gain":0,"player_choice":"Ignored","damage_taken":0,"max_hp_gain":0,"max_hp_loss":0,"event_name":"Liars Game","floor":13,"gold_loss":0},{"damage_healed":0,"gold_gain":99,"player_choice":"Stole From Cult","damage_taken":0,"max_hp_gain":0,"max_hp_loss":0,"event_name":"Nest","floor":19,"gold_loss":0}],"is_beta":false,"boss_relics":[{"not_picked":["Pandora\u0027s Box","Calling Bell"],"picked":"Snecko Eye"}],"items_purged_floors":[],"is_endless":false,"potions_floor_spawned":[1,4,16,18,20],"killed_by":"Gremlin Leader","ascension_level":5}