{"gold_per_floor":[114,16,16,16,34,68,91,119,146,146],"floor_reached":10,"playtime":489,"items_purged":["Strike_P"],"score":114,"play_id":"a2763f30-9a07-44c7-9a5d-1563b9e80a7d","local_time":"20190928112751","is_ascension_mode":true,"campfire_choices":[],"neow_cost":"NONE","seed_source_timestamp":91456651865500,"circlet_count":0,"master_deck":["Strike_P","Strike_P","Strike_P","Defend_P","Defend_P","Defend_P","Defend_P","Eruption","Vigilance","Protect","ThirdEye","EmptyBody","Crescendo"],"special_seed":0,"relics":["PureWater","NeowsBlessing","Bird Faced Urn","Toy Ornithopter","MealTicket","Lantern"],"potions_floor_usage":[],"damage_taken":[{"damage":0.0,"enemies":"Small Slimes","floor":1.0,"turns":1.0},{"damage":0.0,"enemies":"Jaw Worm","floor":5.0,"turns":1.0},{"damage":0.0,"enemies":"3 Sentries","floor":6.0,"turns":2.0},{"damage":39.0,"enemies":"Lagavulin","floor":8.0,"turns":9.0},{"damage":25,"enemies":"3 Sentries","floor":10,"turns":5}],"seed_played":"-8236200581728166982","potions_obtained":[{"floor":1.0,"key":"SpeedPotion"},{"floor":4.0,"key":"FairyPotion"},{"floor":4.0,"key":"StancePotion"}],"is_trial":false,"path_per_floor":["M","$","?","?","M","E","T","E","T","E"],"character_chosen":"WATCHER","items_purchased":["ThirdEye"],"campfire_rested":0,"item_purchase_floors":[2],"current_hp_per_floor":[72,72,72,72,72,72,72,38,38,13],"gold":146,"neow_bonus":"THREE_ENEMY_KILL","is_prod":false,"is_daily":false,"chose_seed":false,"campfire_upgraded":0,"win_rate":0,"timestamp":1569688071,"path_taken":["M","$","?","?","?","E","?","E","T","E"],"build_version":"2019-09-27","purchased_purges":1,"victory":false,"max_hp_per_floor":[72,72,72,72,72,72,72,72,72,72],"card_choices":[{"not_picked":["EmptyMind","FlowState"],"picked":"Protect","floor":1.0},{"not_picked":["Indignation","Crescendo"],"picked":"EmptyBody","floor":5.0},{"not_picked":["Prostrate","Devotion","ForeignInfluence"],"picked":"SKIP","floor":6.0},{"not_picked":["Wallop","FearNoEvil"],"picked":"Crescendo","floor":8.0}],"player_experience":334156,"relics_obtained":[{"floor":6.0,"key":"Bird Faced Urn"},{"floor":7.0,"key":"Toy Ornithopter"},{"floor":8.0,"key":"MealTicket"},{"floor":9.0,"key":"Lantern"}],"event_choices":[{"damage_healed":0.0,"max_hp_gain":0.0,"max_hp_loss":0.0,"gold_gain":0.0,"event_name":"Liars Game","player_choice":"Ignored","floor":3.0,"gold_loss":0.0,"damage_taken":0.0},{"damage_healed":0.0,"max_hp_gain":0.0,"max_hp_loss":0.0,"gold_gain":0.0,"event_name":"Lab","player_choice":"Got Potions","floor":4.0,"gold_loss":0.0,"damage_taken":0.0}],"is_beta":true,"boss_relics":[],"items_purged_floors":[2],"is_endless":false,"potions_floor_spawned":[1,5],"killed_by":"3 Sentries","ascension_level":3}