{"gold_per_floor":[115,131,146,126,140,172,41,41,41,75,75,75,95,106,106,211,211,221,33,29,29,29],"floor_reached":22,"playtime":1766,"items_purged":["Strike_G"],"score":216,"play_id":"817127f1-50c0-4ecb-b57f-5ecba2a8cc63","local_time":"20190816211248","is_ascension_mode":true,"campfire_choices":[{"floor":8,"key":"REST"},{"data":"Night Terror","floor":15,"key":"SMITH"}],"neow_cost":"NONE","seed_source_timestamp":71550171027300,"circlet_count":0,"master_deck":["Strike_G","Strike_G","Strike_G","Strike_G","Defend_G+1","Defend_G","Defend_G","Defend_G+1","Defend_G","Survivor","Neutralize","Poisoned Stab","Infinite Blades","Blade Dance","Riddle With Holes","Footwork","Night Terror+1","Blade Dance","Dagger Spray","Storm of Steel","Footwork+1","Accuracy","Blur+1"],"relics":["Ring of the Snake","NeowsBlessing","MawBank","Pantograph","The Courier","War Paint","Black Star","Sling"],"potions_floor_usage":[5,6,13,16,20],"damage_taken":[{"damage":0,"enemies":"2 Louse","floor":1,"turns":1},{"damage":0,"enemies":"Small Slimes","floor":2,"turns":1},{"damage":0,"enemies":"Jaw Worm","floor":3,"turns":1},{"damage":14,"enemies":"Lots of Slimes","floor":5,"turns":4},{"damage":25,"enemies":"Gremlin Nob","floor":6,"turns":5},{"damage":19,"enemies":"Lagavulin","floor":10,"turns":7},{"damage":0,"enemies":"Gremlin Gang","floor":13,"turns":3},{"damage":8,"enemies":"Blue Slaver","floor":14,"turns":5},{"damage":40,"enemies":"Hexaghost","floor":16,"turns":16},{"damage":41,"enemies":"Chosen","floor":18,"turns":7},{"damage":16,"enemies":"2 Thieves","floor":20,"turns":4},{"damage":18,"enemies":"Centurion and Healer","floor":22,"turns":2}],"seed_played":"-3969298534525229035","potions_obtained":[{"floor":2,"key":"LiquidBronze"},{"floor":5,"key":"PowerPotion"},{"floor":6,"key":"Explosive Potion"},{"floor":14,"key":"Dexterity Potion"},{"floor":18,"key":"EssenceOfSteel"}],"is_trial":false,"path_per_floor":["M","M","M","?","M","E","$","R","T","E","?","?","M","M","R","B",null,"M","$","M","?","M"],"character_chosen":"THE_SILENT","items_purchased":["Footwork","Accuracy","Sling"],"campfire_rested":1,"item_purchase_floors":[7,19,19],"current_hp_per_floor":[70,70,70,70,56,31,31,52,52,33,33,33,33,25,25,10,70,29,29,13,13,0],"gold":29,"neow_bonus":"THREE_ENEMY_KILL","is_prod":false,"is_daily":false,"chose_seed":false,"campfire_upgraded":1,"win_rate":0,"timestamp":1566007968,"path_taken":["M","M","M","?","M","E","$","R","T","E","?","?","M","M","R","BOSS","M","$","M","?","M"],"build_version":"2019-07-17","purchased_purges":1,"victory":false,"max_hp_per_floor":[70,70,70,70,70,70,70,70,70,70,70,70,70,70,70,70,70,70,70,70,70,70],"card_choices":[{"not_picked":["Deflect","Prepared"],"picked":"Poisoned Stab","floor":1},{"not_picked":["Dodge and Roll","All Out Attack","Flying Knee"],"picked":"SKIP","floor":2},{"not_picked":["Slice","Blade Dance"],"picked":"Infinite Blades","floor":3},{"not_picked":["Prepared","Dodge and Roll"],"picked":"Blade Dance","floor":5},{"not_picked":["Eviscerate","Endless Agony"],"picked":"Riddle With Holes","floor":6},{"not_picked":["Dagger Throw","Footwork"],"picked":"Night Terror","floor":10},{"not_picked":["Flying Knee","Poisoned Stab"],"picked":"Blade Dance","floor":13},{"not_picked":["Blade Dance","Eviscerate"],"picked":"Dagger Spray","floor":14},{"not_picked":["Bullet Time","Glass Knife"],"picked":"Storm of Steel","floor":16},{"not_picked":["Dagger Spray","Deflect"],"picked":"Footwork+1","floor":18},{"not_picked":["Deadly Poison","Slice"],"picked":"Blur+1","floor":20}],"player_experience":163051,"relics_obtained":[{"floor":6,"key":"MawBank"},{"floor":9,"key":"Pantograph"},{"floor":10,"key":"The Courier"}],"event_choices":[{"damage_healed":0,"gold_gain":0,"player_choice":"Left Gold","damage_taken":0,"max_hp_gain":0,"max_hp_loss":0,"event_name":"World of Goop","floor":4,"gold_loss":20},{"damage_healed":0,"gold_gain":0,"player_choice":"Searched \u00271\u0027 times","damage_taken":0,"relics_obtained":["War Paint"],"max_hp_gain":0,"max_hp_loss":0,"event_name":"Dead Adventurer","floor":11,"gold_loss":0},{"damage_healed":0,"gold_gain":0,"player_choice":"Ignored","damage_taken":0,"max_hp_gain":0,"max_hp_loss":0,"event_name":"Golden Wing","floor":12,"gold_loss":0},{"damage_healed":0,"gold_gain":0,"player_choice":"Ignored","damage_taken":0,"max_hp_gain":0,"max_hp_loss":0,"event_name":"WeMeetAgain","floor":21,"gold_loss":0}],"is_beta":false,"boss_relics":[{"not_picked":["Runic Pyramid","White Beast Statue"],"picked":"Black Star"}],"items_purged_floors":[7],"is_endless":false,"potions_floor_spawned":[2,5,6,14,18],"killed_by":"Centurion and Healer","ascension_level":2}