{"gold_per_floor":[119,137,148,164,164,192,192,221,221,233,259,259,259,292,292,415,415,431,455,476,476,476,509,509,549,602,602,602,455,455,495,495,618,618,631,450,450,783,783,783,813,838,862,874,974,974,1005,1018,1018,1018,1018,1018,255,287,287],"floor_reached":56,"playtime":5409,"items_purged":["Strike_G","Strike_G","Poisoned Stab+1"],"score":1441,"play_id":"c163b79b-ae03-45de-9039-b094d246301f","local_time":"20190702093042","is_ascension_mode":true,"campfire_choices":[{"data":"Neutralize","floor":7.0,"key":"SMITH"},{"floor":13.0,"key":"REST"},{"data":"Bouncing Flask","floor":15.0,"key":"SMITH"},{"floor":24.0,"key":"REST"},{"data":"Noxious Fumes","floor":27.0,"key":"SMITH"},{"data":"Footwork","floor":30.0,"key":"SMITH"},{"data":"Dodge and Roll","floor":32.0,"key":"SMITH"},{"data":"Night Terror","floor":40,"key":"SMITH"},{"floor":49,"key":"RECALL"},{"data":"Wraith Form v2","floor":52,"key":"SMITH"}],"neow_cost":"NONE","seed_source_timestamp":0,"circlet_count":0,"master_deck":["Defend_G","Defend_G","Defend_G","Survivor","Neutralize+1","Well Laid Plans","Flying Knee","Dodge and Roll+1","Blur","Crippling Poison","Bouncing Flask+1","PiercingWail","Footwork+1","Noxious Fumes+1","Noxious Fumes","Wraith Form v2+1","Outmaneuver+1","Deflect+1","Footwork","Night Terror+1","Acrobatics+1","Skewer","Thinking Ahead","Backflip+1"],"special_seed":0,"relics":["Ring of the Snake","WingedGreaves","Pantograph","Incense Burner","Ice Cream","Orichalcum","Empty Cage","Sundial","Strawberry","Mummified Hand","Oddly Smooth Stone","Bottled Lightning","Astrolabe","Omamori","Girya","Calipers","Thread and Needle","Pear","Kunai"],"potions_floor_usage":[44,47,50,50,54,55,55],"damage_taken":[{"damage":3.0,"enemies":"2 Louse","floor":1.0,"turns":3.0},{"damage":0.0,"enemies":"Cultist","floor":2.0,"turns":3.0},{"damage":0.0,"enemies":"Small Slimes","floor":3.0,"turns":4.0},{"damage":0.0,"enemies":"Exordium Wildlife","floor":4.0,"turns":2.0},{"damage":3.0,"enemies":"3 Sentries","floor":6.0,"turns":8.0},{"damage":21.0,"enemies":"Lagavulin","floor":8.0,"turns":8.0},{"damage":3.0,"enemies":"Looter","floor":10.0,"turns":2.0},{"damage":27.0,"enemies":"Gremlin Nob","floor":11.0,"turns":5.0},{"damage":8.0,"enemies":"Lagavulin","floor":14.0,"turns":7.0},{"damage":3.0,"enemies":"The Guardian","floor":16.0,"turns":9.0},{"damage":0.0,"enemies":"2 Thieves","floor":18.0,"turns":4.0},{"damage":0.0,"enemies":"3 Byrds","floor":19.0,"turns":3.0},{"damage":25.0,"enemies":"Sentry and Sphere","floor":20.0,"turns":6.0},{"damage":32.0,"enemies":"Gremlin Leader","floor":23.0,"turns":7.0},{"damage":13.0,"enemies":"Book of Stabbing","floor":25.0,"turns":6.0},{"damage":25.0,"enemies":"Slavers","floor":31.0,"turns":5.0},{"damage":17.0,"enemies":"Champ","floor":33.0,"turns":13.0},{"damage":0,"enemies":"3 Shapes","floor":35,"turns":5},{"damage":33,"enemies":"Reptomancer","floor":41,"turns":10},{"damage":3,"enemies":"Giant Head","floor":42,"turns":11},{"damage":19,"enemies":"3 Darklings","floor":44,"turns":5},{"damage":5,"enemies":"Mind Bloom Boss Battle","floor":45,"turns":8},{"damage":3,"enemies":"Nemesis","floor":47,"turns":9},{"damage":5,"enemies":"Sphere and 2 Shapes","floor":48,"turns":7},{"damage":11,"enemies":"Donu and Deca","floor":50,"turns":12},{"damage":52,"enemies":"Shield and Spear","floor":54,"turns":9},{"damage":33,"enemies":"The Heart","floor":55,"turns":15}],"seed_played":"-6390952836304836244","potions_obtained":[{"floor":2.0,"key":"EssenceOfSteel"},{"floor":3.0,"key":"GhostInAJar"},{"floor":6.0,"key":"LiquidBronze"},{"floor":10.0,"key":"Dexterity Potion"},{"floor":16.0,"key":"Fire Potion"},{"floor":19.0,"key":"PowerPotion"},{"floor":20.0,"key":"Poison Potion"},{"floor":23.0,"key":"Ancient Potion"},{"floor":33.0,"key":"Strength Potion"},{"floor":42,"key":"PowerPotion"},{"floor":45,"key":"Block Potion"},{"floor":48,"key":"SkillPotion"}],"is_trial":false,"path_per_floor":["M","M","M","M","?","E","R","E","T","M","E","?","R","E","R","B",null,"M","M","M","?","?","E","R","E","T","R","?","$","R","E","R","B",null,"M","$","?","?","?","R","E","E","T","M","?","?","E","M","R","B",null,"R","$","E","B",null],"character_chosen":"THE_SILENT","items_purchased":["Noxious Fumes","Footwork","Skewer","Pear","PowerPotion","Regen Potion","Thinking Ahead"],"campfire_rested":2,"item_purchase_floors":[29,36,53,53,53,53,53],"current_hp_per_floor":[74,74,74,74,74,71,71,50,50,47,20,20,41,33,33,55,71,71,71,46,69,69,44,67,54,54,54,54,54,54,29,29,37,78,78,78,78,78,78,78,45,42,42,23,43,63,60,55,55,67,78,78,88,51,43],"gold":287,"neow_bonus":"TEN_PERCENT_HP_BONUS","is_prod":false,"is_daily":false,"chose_seed":false,"campfire_upgraded":7,"win_rate":0,"timestamp":1562074242,"path_taken":["M","M","M","M","?","E","R","E","T","?","E","?","R","E","R","BOSS","M","M","M","?","?","E","R","E","T","R","?","$","R","E","R","BOSS","M","$","?","?","?","R","E","E","T","?","?","?","E","M","R","BOSS","R","$","E","BOSS"],"build_version":"2019-07-01","purchased_purges":3,"victory":true,"max_hp_per_floor":[77,77,77,77,77,77,77,77,77,77,77,71,71,71,71,71,71,71,71,71,71,71,78,78,78,78,78,78,78,78,78,78,78,78,78,78,78,78,78,78,78,78,78,78,78,78,78,78,78,78,78,78,88,88,88],"card_choices":[{"not_picked":["Acrobatics","Bane"],"picked":"Well Laid Plans","floor":1.0},{"not_picked":["Sucker Punch","Dodge and Roll"],"picked":"Backstab","floor":2.0},{"not_picked":["Blur","Flechettes"],"picked":"Poisoned Stab","floor":3.0},{"not_picked":["Terror","Blade Dance"],"picked":"Flying Knee","floor":4.0},{"not_picked":["Underhanded Strike","Distraction","Sucker Punch"],"picked":"SKIP","floor":6.0},{"not_picked":["Underhanded Strike","Distraction","Sucker Punch"],"picked":"SKIP","floor":6.0},{"not_picked":["Calculated Gamble","Choke"],"picked":"Dodge and Roll","floor":8.0},{"not_picked":["Accuracy","Dodge and Roll"],"picked":"Blur","floor":10.0},{"not_picked":["Envenom","Acrobatics"],"picked":"Crippling Poison","floor":11.0},{"not_picked":["Unload","Dagger Spray"],"picked":"Bouncing Flask","floor":14.0},{"not_picked":["Dagger Spray","Slice+1","Prepared"],"picked":"SKIP","floor":18.0},{"not_picked":["Well Laid Plans","Riddle With Holes"],"picked":"PiercingWail","floor":19.0},{"not_picked":["Cloak And Dagger+1","Endless Agony"],"picked":"Footwork","floor":20.0},{"not_picked":["Bane","All Out Attack+1"],"picked":"Noxious Fumes","floor":23.0},{"not_picked":["Doppelganger","Dagger Spray","Dodge and Roll"],"picked":"SKIP","floor":25.0},{"not_picked":["Predator","Prepared","Blade Dance"],"picked":"SKIP","floor":31.0},{"not_picked":["Bullet Time","Storm of Steel"],"picked":"Wraith Form v2","floor":33.0},{"not_picked":["Deflect+1","Prepared+1","Distraction+1"],"picked":"SKIP","floor":35},{"not_picked":["Heel Hook","Quick Slash","Finisher"],"picked":"SKIP","floor":41},{"not_picked":["Bouncing Flask","Prepared+1","Slice+1"],"picked":"SKIP","floor":42},{"not_picked":["Deadly Poison","Flechettes"],"picked":"Acrobatics+1","floor":44},{"not_picked":["Cloak And Dagger","Quick Slash+1","Sucker Punch"],"picked":"SKIP","floor":47},{"not_picked":["All Out Attack+1","Dodge and Roll","Blade Dance+1"],"picked":"SKIP","floor":48},{"not_picked":["Sucker Punch+1","Expertise"],"picked":"Backflip+1","floor":54}],"player_experience":322907,"relics_obtained":[{"floor":6.0,"key":"WingedGreaves"},{"floor":8.0,"key":"Pantograph"},{"floor":9.0,"key":"Incense Burner"},{"floor":11.0,"key":"Ice Cream"},{"floor":14.0,"key":"Orichalcum"},{"floor":23.0,"key":"Strawberry"},{"floor":25.0,"key":"Mummified Hand"},{"floor":26.0,"key":"Oddly Smooth Stone"},{"floor":31.0,"key":"Bottled Lightning"},{"floor":41,"key":"Omamori"},{"floor":42,"key":"Girya"},{"floor":45,"key":"Calipers"},{"floor":47,"key":"Thread and Needle"},{"floor":54,"key":"Kunai"}],"event_choices":[{"damage_healed":0.0,"max_hp_gain":0.0,"max_hp_loss":0.0,"gold_gain":0.0,"event_name":"Upgrade Shrine","player_choice":"Upgraded","floor":5.0,"gold_loss":0.0,"damage_taken":0.0,"cards_upgraded":["Poisoned Stab"]},{"damage_healed":0.0,"max_hp_gain":0.0,"max_hp_loss":6.0,"gold_gain":0.0,"event_name":"Golden Idol","player_choice":"Lose Max HP","floor":12.0,"gold_loss":0.0,"damage_taken":0.0,"relics_obtained":["Golden Idol"]},{"damage_healed":23.0,"max_hp_gain":0.0,"max_hp_loss":0.0,"gold_gain":0.0,"event_name":"The Library","player_choice":"Heal","floor":21.0,"gold_loss":0.0,"damage_taken":0.0},{"damage_healed":0.0,"max_hp_gain":0.0,"max_hp_loss":0.0,"gold_gain":0.0,"event_name":"The Mausoleum","player_choice":"Opened","floor":22.0,"gold_loss":0.0,"damage_taken":0.0,"relics_obtained":["Sundial"]},{"damage_healed":0.0,"max_hp_gain":0.0,"max_hp_loss":0.0,"gold_gain":0.0,"event_name":"Vampires","player_choice":"Ignored","floor":28.0,"gold_loss":0.0,"damage_taken":0.0},{"cards_removed":["Dagger Throw"],"damage_healed":0,"gold_gain":0,"player_choice":"Removed Attack","damage_taken":0,"max_hp_gain":0,"max_hp_loss":0,"event_name":"Falling","floor":37,"gold_loss":0},{"damage_healed":0,"gold_gain":333,"player_choice":"Gave Idol","damage_taken":0,"max_hp_gain":0,"max_hp_loss":0,"event_name":"The Moai Head","floor":38,"relics_lost":["Golden Idol"],"gold_loss":0},{"damage_healed":0,"gold_gain":0,"cards_transformed":["Backstab"],"player_choice":"Transformed","damage_taken":0,"max_hp_gain":0,"max_hp_loss":0,"event_name":"Transmorgrifier","floor":39,"gold_loss":0,"cards_obtained":["Night Terror"]},{"damage_healed":0,"gold_gain":0,"player_choice":"Fight","damage_taken":0,"max_hp_gain":0,"max_hp_loss":0,"event_name":"MindBloom","floor":45,"gold_loss":0},{"damage_healed":20,"gold_gain":0,"player_choice":"Writhe","damage_taken":0,"max_hp_gain":0,"max_hp_loss":0,"event_name":"Winding Halls","floor":46,"gold_loss":0,"cards_obtained":["Writhe"]}],"is_beta":false,"boss_relics":[{"not_picked":["Busted Crown","Lizard Tail"],"picked":"Empty Cage"},{"not_picked":["Black Star","Pandora\u0027s Box"],"picked":"Astrolabe"}],"items_purged_floors":[29,36,53],"is_endless":false,"potions_floor_spawned":[2,3,6,10,16,19,20,23,33,42,45,48],"ascension_level":3}