{"path_per_floor":["M","$","M","?","M","R","E","R","T","R","M","?","M","M","R","B",null,"M","?","$","?","M","R","M","R","T","?","R","M","?","M","R","B",null,"M","?","M","M","$","R","$","R","T","R","M","$","M"],"character_chosen":"THE_SILENT","items_purchased":["Footwork","Well Laid Plans","Deadly Poison","Blood Vial","Noxious Fumes"],"gold_per_floor":[114,42,56,56,76,76,102,102,128,128,144,144,162,181,181,282,282,296,296,18,18,31,31,44,44,44,44,44,59,0,18,18,115,115,127,127,144,156,7,7,7,7,88,88,105,5,18,18],"floor_reached":48,"campfire_rested":2,"playtime":4613,"item_purchase_floors":[],"current_hp_per_floor":[63,63,63,63,63,63,13,34,34,34,26,26,26,26,47,47,64,62,62,62,62,64,70,68,70,70,70,70,56,56,56,64,21,58,58,49,48,16,16,26,26,36,46,56,31,31,24,0],"items_purged":["Strike_G","Strike_G"],"gold":18,"score":627,"play_id":"34cac68f-26a0-4e2c-af22-166de24bffc5","local_time":"20180530204547","is_prod":false,"is_daily":false,"chose_seed":false,"is_ascension_mode":true,"campfire_upgraded":9,"win_rate":0,"timestamp":1527738347,"campfire_choices":[{"data":"Footwork","floor":6.0,"key":"SMITH"},{"floor":8.0,"key":"REST"},{"data":"Bouncing Flask","floor":10.0,"key":"SMITH"},{"floor":15.0,"key":"REST"},{"data":"Well Laid Plans","floor":23.0,"key":"SMITH"},{"data":"Deadly Poison","floor":25.0,"key":"SMITH"},{"data":"Deflect","floor":28.0,"key":"SMITH"},{"data":"Tools of the Trade","floor":32.0,"key":"SMITH"},{"data":"Noxious Fumes","floor":40,"key":"SMITH"},{"data":"Venomology","floor":42,"key":"SMITH"},{"data":"Madness","floor":44,"key":"SMITH"}],"path_taken":["M","$","M","?","?","R","E","R","T","R","M","?","?","M","R","BOSS","M","?","$","?","M","R","M","R","T","?","R","M","?","M","R","BOSS","M","?","?","M","?","R","?","R","T","R","M","$","M","M"],"build_version":"2018-05-24","seed_source_timestamp":0,"purchased_purges":2,"victory":false,"master_deck":["Defend_G","Defend_G","Defend_G","Defend_G","Defend_G","Strike_G","Strike_G","Strike_G","Survivor","Neutralize+1","Footwork+1","Cloak And Dagger","Deflect+1","Bouncing Flask+1","Sucker Punch","Escape Plan","Die Die Die","Well Laid Plans+1","Deadly Poison+1","Backflip","Tools of the Trade+1","Venomology+1","Madness","Madness+1","Noxious Fumes+1"],"max_hp_per_floor":[70,70,70,70,70,70,70,70,70,70,70,70,70,70,70,70,70,70,70,70,70,70,70,70,70,70,70,70,70,70,70,70,70,70,70,70,70,70,70,70,70,70,80,80,80,80,80,80],"relics":["Ring of the Snake","Potion Belt","Art of War","Eternal Feather","Blood Vial","Matryoshka","Lizard Tail","Lantern","Pear"],"card_choices":[{"not_picked":["Slice","Cloak And Dagger","Flechettes"],"picked":"SKIP","floor":1.0},{"not_picked":["Underhanded Strike","Acrobatics"],"picked":"Cloak And Dagger","floor":3.0},{"not_picked":["Dagger Spray","Deflect","PiercingWail"],"picked":"SKIP","floor":5.0},{"not_picked":["Dagger Spray","PiercingWail"],"picked":"Deflect","floor":5.0},{"not_picked":["Blade Dance","Deadly Poison"],"picked":"Bouncing Flask","floor":7.0},{"not_picked":["Masterful Stab","Reflex","Deflect"],"picked":"SKIP","floor":11.0},{"not_picked":["Bane","Underhanded Strike"],"picked":"Sucker Punch","floor":13.0},{"not_picked":["Poisoned Stab","Underhanded Strike"],"picked":"Escape Plan","floor":14.0},{"not_picked":["Unload","Wraith Form v2"],"picked":"Die Die Die","floor":16.0},{"not_picked":["Crippling Poison","Dagger Throw","Underhanded Strike"],"picked":"SKIP","floor":18.0},{"not_picked":["Masterful Stab+1","Finisher+1"],"picked":"Backflip","floor":22.0},{"not_picked":["Slice","Dagger Throw","Dagger Spray"],"picked":"SKIP","floor":24.0},{"not_picked":["Eviscerate+1","Underhanded Strike","Deadly Poison+1"],"picked":"SKIP","floor":29.0},{"not_picked":["Deadly Poison","PiercingWail+1"],"picked":"Tools of the Trade","floor":31.0},{"not_picked":["Phantasmal Killer","Tools of the Trade"],"picked":"Venomology","floor":33.0},{"not_picked":["Prepared","Dagger Spray+1","Backflip+1"],"picked":"SKIP","floor":35.0},{"not_picked":["Quick Slash","Crippling Poison","Dagger Spray"],"picked":"SKIP","floor":37.0},{"not_picked":["Cloak And Dagger","Dodge and Roll","Flying Knee"],"picked":"SKIP","floor":38},{"not_picked":["Dagger Throw","Cloak And Dagger","Die Die Die"],"picked":"SKIP","floor":45},{"not_picked":["Bane","Backflip","Flying Knee"],"picked":"SKIP","floor":47}],"player_experience":314900,"potions_floor_usage":[45,48],"damage_taken":[{"damage":0.0,"enemies":"2 Louse","floor":1.0,"turns":4.0},{"damage":0.0,"enemies":"Cultist","floor":3.0,"turns":4.0},{"damage":0.0,"enemies":"Jaw Worm","floor":5.0,"turns":6.0},{"damage":50.0,"enemies":"Gremlin Nob","floor":7.0,"turns":7.0},{"damage":8.0,"enemies":"Exordium Thugs","floor":11.0,"turns":6.0},{"damage":0.0,"enemies":"Large Slime","floor":13.0,"turns":6.0},{"damage":0.0,"enemies":"3 Louse","floor":14.0,"turns":5.0},{"damage":0.0,"enemies":"Hexaghost","floor":16.0,"turns":11.0},{"damage":2.0,"enemies":"Shell Parasite","floor":18.0,"turns":6.0},{"damage":0.0,"enemies":"Spheric Guardian","floor":22.0,"turns":4.0},{"damage":2.0,"enemies":"Snecko","floor":24.0,"turns":5.0},{"damage":14.0,"enemies":"Centurion and Healer","floor":29.0,"turns":8.0},{"damage":2.0,"enemies":"Snake Plant","floor":31.0,"turns":6.0},{"damage":45.0,"enemies":"Collector","floor":33.0,"turns":10.0},{"damage":2.0,"enemies":"Orb Walker","floor":35.0,"turns":5.0},{"damage":3.0,"enemies":"3 Shapes","floor":37.0,"turns":9.0},{"damage":34,"enemies":"3 Darklings","floor":38,"turns":11},{"damage":27,"enemies":"Sphere and 2 Shapes","floor":45,"turns":7},{"damage":9,"enemies":"Maw","floor":47,"turns":10},{"damage":75,"enemies":"4 Shapes","floor":48,"turns":3}],"relics_obtained":[{"floor":7.0,"key":"Potion Belt"},{"floor":9.0,"key":"Art of War"},{"floor":26.0,"key":"Matryoshka"},{"floor":43,"key":"Lantern"},{"floor":43,"key":"Pear"}],"event_choices":[{"event_name":"Golden Idol","player_choice":"Ignored","floor":4.0,"damage_taken":0.0},{"event_name":"Dead Adventurer","player_choice":"Searched \u00270\u0027 times","floor":12.0,"damage_taken":0.0},{"event_name":"Drug Dealer","player_choice":"Ignored","floor":19.0,"damage_taken":0.0},{"event_name":"The Mausoleum","player_choice":"No","floor":21.0,"damage_taken":0.0},{"event_name":"Addict","player_choice":"Ignored","floor":27.0,"damage_taken":0.0},{"event_name":"Masked Bandits","player_choice":"Paid Bandits 59 gold","floor":30.0,"damage_taken":0.0},{"event_name":"Winding Halls","player_choice":"Embrace Madness","floor":36.0,"damage_taken":0.0}],"boss_relics":[],"items_purged_floors":[39,46],"potions_floor_spawned":[5,7,11,14,18,24,29,33,45],"seed_played":"-1969409389804098617","killed_by":"4 Shapes","ascension_level":6,"potions_obtained":[{"floor":5.0,"key":"FearPotion"},{"floor":7.0,"key":"Block Potion"},{"floor":11.0,"key":"Explosive Potion"},{"floor":14.0,"key":"Weak Potion"},{"floor":18.0,"key":"Ancient Potion"},{"floor":24.0,"key":"Block Potion"},{"floor":29.0,"key":"Explosive Potion"},{"floor":33.0,"key":"Weak Potion"},{"floor":45,"key":"FearPotion"}],"is_trial":false}