{"path_per_floor":["M","M","M","M","M","R","M","$","T","?","R","?","R","?","R"],"character_chosen":"IRONCLAD","items_purchased":["Happy Flower"],"gold_per_floor":[116,127,139,152,167,167,184,27,27,82,82,82,82,82,82,82],"floor_reached":16,"campfire_rested":0,"playtime":1146,"current_hp_per_floor":[80,80,77,70,65,65,61,61,61,55,55,47,47,52,52,0],"items_purged":[],"gold":82,"score":92,"play_id":"77ff0642-6350-402b-9a76-648a750c8c36","local_time":"20180426182156","is_prod":false,"is_daily":false,"chose_seed":false,"is_ascension_mode":false,"campfire_upgraded":4,"timestamp":1524792116,"path_taken":["M","M","M","M","M","R","M","$","T","?","R","?","R","?","R","BOSS"],"build_version":"2018-04-26","seed_source_timestamp":2652142839876,"purchased_purges":0,"victory":false,"master_deck":["Strike_R","Strike_R","Strike_R","Strike_R","Strike_R","Defend_R","Defend_R","Defend_R","Defend_R","Bash+1","Flex+1","Body Slam+1","Heavy Blade","True Grit+1","Cleave","Double Tap+1","Whirlwind"],"max_hp_per_floor":[80,80,80,80,80,80,80,80,80,80,80,80,80,85,85,85],"relics":["Burning Blood","Happy Flower","Ornamental Fan","Pen Nib"],"card_choices":[{"not_picked":["Entrench","Wild Strike"],"picked":"Flex","floor":1},{"not_picked":["Clash","Infernal Blade"],"picked":"Body Slam","floor":2},{"not_picked":["Entrench","Clash"],"picked":"Heavy Blade","floor":3},{"not_picked":["Heavy Blade","Burning Pact"],"picked":"True Grit","floor":4},{"not_picked":["True Grit","Headbutt"],"picked":"Cleave","floor":5},{"not_picked":["Thunderclap","Pommel Strike"],"picked":"Double Tap","floor":7},{"not_picked":["Flex","Heavy Blade"],"picked":"Whirlwind","floor":10}],"player_experience":37123,"potions_floor_usage":[5,16],"damage_taken":[{"damage":3,"enemies":"2 Louse","floor":1,"turns":3},{"damage":0,"enemies":"Small Slimes","floor":2,"turns":3},{"damage":9,"enemies":"Jaw Worm","floor":3,"turns":7},{"damage":13,"enemies":"Large Slime","floor":4,"turns":7},{"damage":11,"enemies":"Exordium Wildlife","floor":5,"turns":7},{"damage":10,"enemies":"2 Fungi Beasts","floor":7,"turns":3},{"damage":12,"enemies":"3 Sentries","floor":10,"turns":7},{"damage":52,"enemies":"The Guardian","floor":16,"turns":8}],"event_choices":[{"event_name":"Dead Adventurer","player_choice":"Searched \u00272\u0027 times","floor":10,"damage_taken":0},{"event_name":"Wheel of Change","player_choice":"Damage","floor":12,"damage_taken":0},{"event_name":"Big Fish","player_choice":"Donut","floor":14,"damage_taken":0}],"boss_relics":[],"potions_floor_spawned":[1,5,7],"seed_played":"5902130522192778100","killed_by":"The Guardian","ascension_level":0,"is_trial":false}