{"path_per_floor":["M","?","?","?","$","M","?","E","T","R","$","R","M","M","R","B",null,"M","?","?","M","M","R","M","$","T","R","M","M","M","M","R","B",null,"M","?","$","?","M","R","M","R","T","$","E","M","R","M","R"],"character_chosen":"IRONCLAD","items_purchased":["Pommel Strike","True Grit","Shockwave","Evolve"],"gold_per_floor":[111,111,111,111,11,30,105,136,136,136,10,10,27,42,42,144,144,162,162,162,182,197,197,216,21,21,21,39,56,67,83,83,182,182,197,197,128,128,139,139,156,156,156,6,40,58,58,73,73,73],"floor_reached":50,"campfire_rested":3,"playtime":3689,"current_hp_per_floor":[88,81,78,78,78,83,72,41,41,41,41,41,47,53,53,33,88,88,88,88,88,62,62,31,31,31,57,43,46,52,46,72,55,88,78,78,78,78,78,78,73,73,73,73,69,64,64,46,72,0],"items_purged":["Strike_R","Strike_R","Strike_R","Strike_R"],"gold":73,"score":499,"play_id":"766434e9-17f6-4a86-b054-973670f5b555","local_time":"20180428135438","is_prod":false,"is_daily":false,"chose_seed":false,"is_ascension_mode":false,"campfire_upgraded":7,"timestamp":1524948878,"path_taken":["M","?","?","?","$","M","?","E","T","R","?","R","M","M","R","BOSS","M","?","?","M","M","R","M","$","T","R","M","M","M","M","R","BOSS","M","?","$","?","M","R","M","R","T","$","E","M","R","M","R","BOSS"],"build_version":"2018-04-26","seed_source_timestamp":6114653775342,"purchased_purges":4,"victory":false,"master_deck":["Defend_R","Defend_R","Defend_R","Defend_R","Flex+1","Pommel Strike+1","Iron Wave","True Grit+1","Feel No Pain","Clash","Demon Form+1","Body Slam+1","Shrug It Off","Shockwave","Limit Break+1","Cleave+1","Evolve+1","Ghostly Armor+1","Flame Barrier+1"],"max_hp_per_floor":[88,88,88,88,88,88,88,88,88,88,88,88,88,88,88,88,88,88,88,88,88,88,88,88,88,88,88,88,88,88,88,88,88,88,88,88,88,88,88,88,88,88,88,88,88,88,88,88,88,88],"relics":["Burning Blood","Letter Opener","Centennial Puzzle","Kunai","Mark of Pain","Darkstone Periapt","Mercury Hourglass","Shuriken","Orichalcum"],"card_choices":[{"not_picked":["Havoc","Pommel Strike"],"picked":"Iron Wave","floor":6},{"not_picked":["Sever Soul","Metallicize"],"picked":"Feel No Pain","floor":13},{"not_picked":["Dual Wield","Bludgeon"],"picked":"Clash","floor":14},{"not_picked":["Double Tap","Limit Break"],"picked":"Demon Form","floor":16},{"not_picked":["Sword Boomerang","Clothesline"],"picked":"Shrug It Off","floor":24},{"not_picked":["Pommel Strike","Warcry"],"picked":"Limit Break","floor":30},{"not_picked":["Clash","Wild Strike"],"picked":"Cleave","floor":31},{"not_picked":["Corruption","Pommel Strike"],"picked":"Ghostly Armor","floor":45},{"not_picked":["Pommel Strike","Blood for Blood"],"picked":"Flame Barrier","floor":48}],"player_experience":67708,"potions_floor_usage":[8,29,29,46,50,50],"damage_taken":[{"damage":2,"enemies":"2 Louse","floor":1,"turns":4},{"damage":1,"enemies":"Cultist","floor":6,"turns":3},{"damage":37,"enemies":"Lagavulin","floor":8,"turns":7},{"damage":0,"enemies":"Jaw Worm","floor":13,"turns":3},{"damage":0,"enemies":"Blue Slaver","floor":14,"turns":4},{"damage":26,"enemies":"Slime Boss","floor":16,"turns":14},{"damage":2,"enemies":"Spheric Guardian","floor":18,"turns":5},{"damage":5,"enemies":"Shell Parasite","floor":21,"turns":3},{"damage":32,"enemies":"3 Cultists","floor":22,"turns":8},{"damage":37,"enemies":"Sentry and Sphere","floor":24,"turns":9},{"damage":20,"enemies":"Chosen and Byrds","floor":28,"turns":7},{"damage":18,"enemies":"Snake Plant","floor":29,"turns":6},{"damage":0,"enemies":"Snecko","floor":30,"turns":5},{"damage":12,"enemies":"3 Cultists","floor":31,"turns":4},{"damage":23,"enemies":"Champ","floor":33,"turns":9},{"damage":16,"enemies":"3 Shapes","floor":35,"turns":4},{"damage":6,"enemies":"Orb Walker","floor":39,"turns":4},{"damage":11,"enemies":"3 Darklings","floor":41,"turns":5},{"damage":10,"enemies":"Giant Head","floor":45,"turns":6},{"damage":11,"enemies":"4 Shapes","floor":46,"turns":4},{"damage":24,"enemies":"Sphere and 2 Shapes","floor":48,"turns":6},{"damage":72,"enemies":"Awakened One","floor":50,"turns":5}],"event_choices":[{"event_name":"Golden Wing","player_choice":"Card Removal","floor":2,"damage_taken":0},{"event_name":"Scrap Ooze","player_choice":"success","floor":3,"damage_taken":3},{"event_name":"Match and Keep!","player_choice":"1 cards matched","floor":4,"damage_taken":0},{"event_name":"World of Goop","player_choice":"Gather Gold","floor":7,"damage_taken":0},{"event_name":"Accursed Blacksmith","player_choice":"Rummage","floor":19,"damage_taken":0},{"event_name":"The Library","player_choice":"Read","floor":20,"damage_taken":0},{"event_name":"The Woman in Blue","player_choice":"Bought 0 Potions","floor":36,"damage_taken":0}],"boss_relics":[{"not_picked":["Runic Cube","Sozu"],"picked":"Mark of Pain"},{"not_picked":["Runic Dome","Calling Bell","Snecko Eye"]}],"potions_floor_spawned":[1,18,21,28,41,45],"seed_played":"1448046667603039401","killed_by":"Awakened One","ascension_level":0,"is_trial":false}