{"path_per_floor":["M","?","M","M","M","E","R","?","T","M","R","M","R","M","R","B",null,"M","$","?","?","M","M","R","E","T","R","M","T","R","M","R","B",null,"M","M","?","?","?","R","$","R","T","M","M","M","M","$","R","B"],"character_chosen":"IRONCLAD","items_purchased":["Flame Barrier","Pen Nib","Centennial Puzzle"],"gold_per_floor":[117,67,84,96,108,143,143,143,167,179,179,198,198,212,212,314,314,330,187,277,277,290,304,304,330,330,330,340,411,411,431,431,535,535,550,568,568,568,568,568,324,324,324,340,353,371,384,14,14,14],"floor_reached":51,"campfire_rested":1,"playtime":7912,"current_hp_per_floor":[88,88,88,88,88,78,78,78,78,84,84,88,88,83,83,52,88,77,77,61,61,67,65,65,43,43,43,34,34,34,40,81,59,88,79,74,74,74,74,74,74,74,74,76,88,86,79,79,79,22],"items_purged":["Strike_R","Strike_R","Strike_R"],"gold":14,"score":646,"play_id":"e088d723-253c-476d-b8ba-1f06d9edaa49","local_time":"20180428171231","is_prod":false,"is_daily":false,"chose_seed":false,"is_ascension_mode":false,"campfire_upgraded":10,"timestamp":1524960751,"path_taken":["M","?","M","?","M","E","R","?","T","?","R","M","R","M","R","BOSS","M","$","?","?","?","M","R","E","T","R","M","?","R","M","R","BOSS","M","M","?","?","?","R","$","R","T","M","M","?","M","$","R","BOSS"],"build_version":"2018-04-26","seed_source_timestamp":13732024659050,"purchased_purges":3,"victory":true,"master_deck":["Defend_R","Defend_R","Defend_R","Defend_R","Bash","Heavy Blade","Headbutt","Shrug It Off","Body Slam+1","Feel No Pain+1","Cleave+1","Limit Break+1","Double Tap+1","True Grit+1","Flame Barrier+1","True Grit+1","Impervious","Inflame+1","Reaper+1","Flex+1","Shrug It Off+1"],"max_hp_per_floor":[88,88,88,88,88,88,88,88,88,88,88,88,88,88,88,88,88,88,88,88,88,88,88,88,88,88,88,88,88,88,88,88,88,88,88,88,88,88,88,88,88,88,88,88,88,88,88,88,88,88],"relics":["Burning Blood","Vajra","Bronze Scales","Velvet Choker","Regal Pillow","Pantograph","Molten Egg 2","Lizard Tail","Pen Nib","Lantern","Centennial Puzzle"],"card_choices":[{"not_picked":["Burning Pact","Clash"],"picked":"Heavy Blade","floor":1},{"not_picked":["Entrench","Havoc"],"picked":"Headbutt","floor":3},{"not_picked":["Warcry","Metallicize"],"picked":"Shrug It Off","floor":4},{"not_picked":["Feed","Clash"],"picked":"Body Slam","floor":5},{"not_picked":["Clothesline","Power Through"],"picked":"Feel No Pain","floor":6},{"not_picked":["Warcry","Ghostly Armor"],"picked":"Cleave","floor":10},{"not_picked":["Fire Breathing","Thunderclap"],"picked":"Limit Break","floor":14},{"not_picked":["Demon Form","Fiend Fire"],"picked":"Double Tap","floor":16},{"not_picked":["Reckless Charge","Clash"],"picked":"True Grit","floor":18},{"not_picked":["Sword Boomerang","Carnage"],"picked":"True Grit","floor":22},{"not_picked":["Rage","Reckless Charge"],"picked":"Impervious","floor":25},{"not_picked":["Wild Strike","True Grit"],"picked":"Inflame","floor":28},{"not_picked":["Double Tap","Brutality"],"picked":"Reaper","floor":33},{"not_picked":["Rampage","Clash"],"picked":"Shrug It Off","floor":44}],"player_experience":75286,"potions_floor_usage":[6,16,22,23,28,33,44,46,50,50,50],"damage_taken":[{"damage":5,"enemies":"Small Slimes","floor":1,"turns":4},{"damage":3,"enemies":"Jaw Worm","floor":3,"turns":5},{"damage":6,"enemies":"Cultist","floor":4,"turns":3},{"damage":4,"enemies":"Looter","floor":5,"turns":3},{"damage":16,"enemies":"Gremlin Nob","floor":6,"turns":4},{"damage":0,"enemies":"Blue Slaver","floor":10,"turns":3},{"damage":0,"enemies":"Gremlin Gang","floor":12,"turns":4},{"damage":11,"enemies":"Exordium Thugs","floor":14,"turns":5},{"damage":37,"enemies":"Slime Boss","floor":16,"turns":10},{"damage":17,"enemies":"2 Thieves","floor":18,"turns":3},{"damage":0,"enemies":"3 Byrds","floor":22,"turns":2},{"damage":8,"enemies":"Centurion and Healer","floor":23,"turns":8},{"damage":28,"enemies":"Book of Stabbing","floor":25,"turns":5},{"damage":15,"enemies":"Slaver and Parasite","floor":28,"turns":7},{"damage":0,"enemies":"3 Cultists","floor":31,"turns":4},{"damage":35,"enemies":"Automaton","floor":33,"turns":9},{"damage":20,"enemies":"Orb Walker","floor":35,"turns":4},{"damage":11,"enemies":"3 Shapes","floor":36,"turns":9},{"damage":24,"enemies":"Sphere and 2 Shapes","floor":44,"turns":5},{"damage":0,"enemies":"3 Darklings","floor":45,"turns":2},{"damage":8,"enemies":"Maw","floor":46,"turns":7},{"damage":16,"enemies":"Sphere and 2 Shapes","floor":47,"turns":4},{"damage":87,"enemies":"Donu and Deca","floor":50,"turns":9}],"event_choices":[{"event_name":"The Cleric","player_choice":"Card Removal","floor":2,"damage_taken":0},{"event_name":"Liars Game","player_choice":"disagreed","floor":8,"damage_taken":0},{"event_name":"Knowing Skull","player_choice":"GOLD ","floor":20,"damage_taken":0},{"event_name":"Back to Basics","player_choice":"Elegance","floor":21,"damage_taken":0},{"event_name":"Mysterious Sphere","player_choice":"Ignore","floor":37,"damage_taken":0},{"event_name":"Match and Keep!","player_choice":"1 cards matched","floor":38,"damage_taken":0},{"event_name":"The Woman in Blue","player_choice":"Bought 0 Potions","floor":39,"damage_taken":0}],"boss_relics":[{"not_picked":["Runic Pyramid","Orrery"],"picked":"Velvet Choker"},{"not_picked":["Runic Cube","Calling Bell"],"picked":"Lizard Tail"}],"potions_floor_spawned":[4,5,10,12,16,18,22,23,25,33,36,46,47],"seed_played":"7656377512055303943","ascension_level":0,"is_trial":false}