{"gold_per_floor":[112,112,112,132,79,79,112,112,157,175,175,236,247,264,264,264],"floor_reached":16,"playtime":756,"items_purged":[],"score":116,"play_id":"10017f71-f3d0-44e0-8ff3-a6c538d7ea0d","local_time":"20190803121302","is_ascension_mode":true,"campfire_choices":[{"data":"Metallicize","floor":6,"key":"SMITH"},{"data":"Limit Break","floor":8,"key":"SMITH"},{"data":"Evolve","floor":11,"key":"SMITH"},{"floor":15,"key":"REST"}],"neow_cost":"PERCENT_DAMAGE","seed_source_timestamp":410525633123805,"circlet_count":0,"master_deck":["Strike_R","Strike_R","Strike_R","Strike_R","Strike_R","Defend_R","Defend_R","Defend_R","Defend_R","Bash","Thunderclap","Heavy Blade","Evolve+1","Metallicize+1","Anger","Limit Break+1","Corruption","Flex","Body Slam","Heavy Blade","Flex"],"relics":["Burning Blood","Prayer Wheel","FaceOfCleric","Oddly Smooth Stone","Lantern","Tiny Chest"],"potions_floor_usage":[13,16],"damage_taken":[{"damage":2,"enemies":"Small Slimes","floor":1,"turns":6},{"damage":1,"enemies":"Jaw Worm","floor":4,"turns":5},{"damage":18,"enemies":"3 Sentries","floor":7,"turns":8},{"damage":0,"enemies":"Cultist","floor":10,"turns":3},{"damage":50,"enemies":"Lagavulin","floor":12,"turns":7},{"damage":0,"enemies":"3 Louse","floor":13,"turns":4},{"damage":0,"enemies":"Lots of Slimes","floor":14,"turns":4},{"damage":59,"enemies":"The Guardian","floor":16,"turns":13}],"seed_played":"-5082024561303670854","potions_obtained":[{"floor":10,"key":"Strength Potion"},{"floor":12,"key":"AttackPotion"},{"floor":13,"key":"SkillPotion"}],"is_trial":false,"path_per_floor":["M","?","?","M","$","R","E","R","T","M","R","E","M","M","R","B"],"character_chosen":"IRONCLAD","items_purchased":["Anger"],"campfire_rested":1,"item_purchase_floors":[5],"current_hp_per_floor":[60,60,60,66,66,66,55,55,55,62,62,19,26,33,58,0],"gold":264,"neow_bonus":"ONE_RARE_RELIC","is_prod":false,"is_daily":false,"chose_seed":false,"campfire_upgraded":3,"win_rate":0,"timestamp":1564859582,"path_taken":["M","?","?","M","$","R","E","R","T","M","R","E","?","M","R","BOSS"],"build_version":"2019-07-17","purchased_purges":0,"victory":false,"max_hp_per_floor":[80,80,80,81,81,81,82,82,82,83,83,84,85,86,86,86],"card_choices":[{"not_picked":["Clothesline","Blood for Blood"],"picked":"Thunderclap","floor":1},{"not_picked":["Headbutt","Rupture"],"picked":"Heavy Blade","floor":1},{"not_picked":["True Grit","Wild Strike"],"picked":"Evolve","floor":4},{"not_picked":["Searing Blow","Heavy Blade"],"picked":"Metallicize","floor":4},{"not_picked":["Body Slam","Pommel Strike"],"picked":"Limit Break","floor":7},{"not_picked":["Carnage","Anger"],"picked":"Corruption","floor":10},{"not_picked":["Sword Boomerang","Pummel","True Grit"],"picked":"SKIP","floor":10},{"not_picked":["Clash","Disarm"],"picked":"Flex","floor":12},{"not_picked":["Spot Weakness","Rupture"],"picked":"Body Slam","floor":13},{"not_picked":["Clash","Wild Strike","Fiend Fire"],"picked":"SKIP","floor":13},{"not_picked":["Headbutt","Wild Strike"],"picked":"Heavy Blade","floor":14},{"not_picked":["Thunderclap","Sentinel"],"picked":"Flex","floor":14}],"player_experience":2498112,"relics_obtained":[{"floor":7,"key":"Oddly Smooth Stone"},{"floor":9,"key":"Lantern"},{"floor":12,"key":"Tiny Chest"}],"event_choices":[{"damage_healed":0,"gold_gain":0,"player_choice":"Ignored","damage_taken":0,"max_hp_gain":0,"max_hp_loss":0,"event_name":"Liars Game","floor":2,"gold_loss":0},{"damage_healed":0,"gold_gain":0,"player_choice":"Trade","damage_taken":0,"relics_obtained":["FaceOfCleric"],"max_hp_gain":0,"max_hp_loss":0,"event_name":"FaceTrader","floor":3,"gold_loss":0}],"is_beta":false,"boss_relics":[],"items_purged_floors":[],"is_endless":false,"potions_floor_spawned":[10,12,13],"killed_by":"The Guardian","ascension_level":1}