{"path_per_floor":["M","M","M","M","M","?","R","$","T","M","$","?","M","?","R"],"character_chosen":"THE_SILENT","items_purchased":["Caltrops","Footwork"],"gold_per_floor":[218,234,252,270,288,288,288,135,189,206,28,28,39,39,39,39],"floor_reached":16,"campfire_rested":2,"playtime":1746,"item_purchase_floors":[8,11],"current_hp_per_floor":[60,53,52,14,14,14,35,35,35,35,35,35,35,21,42,0],"items_purged":["Strike_G","Strike_G"],"gold":39,"score":122,"play_id":"2feb50b2-0524-4b51-b926-e185cbd88c16","local_time":"20180528142838","is_prod":false,"is_daily":false,"chose_seed":false,"is_ascension_mode":true,"campfire_upgraded":0,"win_rate":0,"timestamp":1527542918,"campfire_choices":[{"floor":7,"key":"REST"},{"floor":15,"key":"REST"}],"path_taken":["M","M","M","M","M","?","R","$","T","?","$","?","M","?","R","BOSS"],"build_version":"2018-05-24","seed_source_timestamp":9613921751559,"purchased_purges":2,"victory":false,"master_deck":["Defend_G","Defend_G+1","Defend_G","Defend_G","Defend_G","Strike_G","Strike_G","Strike_G","Survivor","Neutralize","Acrobatics","Deadly Poison","Reflex","Sucker Punch","Caltrops","Footwork","Flying Knee+1"],"max_hp_per_floor":[70,70,70,70,70,70,70,70,70,70,70,70,70,70,70,70],"relics":["Ring of the Snake","Vajra"],"card_choices":[{"not_picked":["Bane","Dodge and Roll"],"picked":"Acrobatics","floor":1},{"not_picked":["Backflip","Deflect"],"picked":"Deadly Poison","floor":2},{"not_picked":["Dagger Spray","Underhanded Strike"],"picked":"Reflex","floor":3},{"not_picked":["Bane","Distraction"],"picked":"Sucker Punch","floor":4},{"not_picked":["Reflex","Poisoned Stab","Sucker Punch"],"picked":"SKIP","floor":5},{"not_picked":["Poisoned Stab","A Thousand Cuts","Underhanded Strike"],"picked":"SKIP","floor":10},{"not_picked":["Acrobatics","Expertise"],"picked":"Flying Knee","floor":13}],"player_experience":436697,"potions_floor_usage":[16,16],"damage_taken":[{"damage":3,"enemies":"Jaw Worm","floor":1,"turns":6},{"damage":7,"enemies":"Cultist","floor":2,"turns":5},{"damage":1,"enemies":"2 Louse","floor":3,"turns":3},{"damage":38,"enemies":"Exordium Wildlife","floor":4,"turns":11},{"damage":0,"enemies":"Blue Slaver","floor":5,"turns":6},{"damage":0,"enemies":"2 Fungi Beasts","floor":10,"turns":4},{"damage":0,"enemies":"Exordium Wildlife","floor":13,"turns":4},{"damage":45,"enemies":"Slime Boss","floor":16,"turns":10}],"relics_obtained":[{"floor":9,"key":"Vajra"}],"event_choices":[{"event_name":"The Woman in Blue","player_choice":"Bought 0 Potions","floor":6,"damage_taken":0},{"event_name":"Liars Game","player_choice":"disagreed","floor":12,"damage_taken":0},{"event_name":"Shining Light","player_choice":"Entered Light","floor":14,"damage_taken":0}],"boss_relics":[],"items_purged_floors":[8,11],"potions_floor_spawned":[2,5,10],"seed_played":"6081591910206613926","killed_by":"Slime Boss","ascension_level":6,"potions_obtained":[{"floor":2,"key":"Strength Potion"},{"floor":5,"key":"PowerPotion"},{"floor":10,"key":"Weak Potion"}],"is_trial":false}