{"path_per_floor":["M","M","M","M","M","R","M","M","T","$","E","R","M","M","R","B",null,"M","$","M","?","M","R","M","R","T","?","?","M","M","?","R","B",null,"M","M","?","M","$","R","M","M","T","M","M","M","R","M","R","B"],"character_chosen":"THE_SILENT","items_purchased":["Poisoned Stab","Gremlin Horn"],"gold_per_floor":[117,132,147,167,137,137,152,172,172,75,106,106,124,141,141,236,236,254,0,18,18,30,30,44,44,67,67,67,82,93,93,93,198,198,217,231,231,250,150,150,162,179,209,219,233,243,243,253,253,253],"floor_reached":51,"campfire_rested":5,"playtime":5614,"current_hp_per_floor":[68,68,64,52,52,52,50,49,49,49,41,41,36,29,50,49,70,58,58,44,31,26,48,37,59,59,59,59,40,30,30,52,26,75,75,75,75,72,72,72,61,75,75,62,54,62,62,40,62,15],"items_purged":["Strike_G","Defend_G"],"gold":253,"score":725,"play_id":"17ea950f-c62b-4c72-b0a2-1795236a9302","local_time":"20180523232324","is_prod":false,"is_daily":false,"chose_seed":false,"is_ascension_mode":true,"campfire_upgraded":4,"timestamp":1527143004,"campfire_choices":[{"data":"Leg Sweep","floor":6,"key":"SMITH"},{"data":"Bouncing Flask","floor":12,"key":"SMITH"},{"floor":15,"key":"REST"},{"floor":23,"key":"REST"},{"floor":25,"key":"REST"},{"floor":32,"key":"REST"},{"data":"Poisoned Stab","floor":40,"key":"SMITH"},{"data":"Well Laid Plans","floor":47,"key":"SMITH"},{"floor":49,"key":"REST"}],"path_taken":["M","M","?","M","M","R","M","M","T","$","E","R","M","M","R","BOSS","M","$","M","?","M","R","M","R","T","?","?","?","M","?","R","BOSS","M","M","?","M","$","R","M","M","T","?","M","M","R","M","R","BOSS"],"build_version":"2018-05-17","seed_source_timestamp":16222583102406,"purchased_purges":2,"victory":true,"master_deck":["Defend_G","Defend_G","Defend_G","Defend_G","Survivor","Neutralize+1","Leg Sweep+1","Deflect","Escape Plan","Bouncing Flask+1","Poisoned Stab+1","Backflip+1","Deflect+1","Backflip+1","Burst+1","Outmaneuver+1","Noxious Fumes+1","Acrobatics+1","Flying Knee","Adrenaline+1","Bite","Bite","Bite","Bite","Bite","Catalyst+1","Well Laid Plans+1"],"max_hp_per_floor":[70,70,70,70,70,70,70,70,70,70,70,70,70,70,70,70,70,70,70,70,75,75,75,75,75,75,75,75,75,75,75,75,75,75,75,75,75,75,75,75,75,75,75,75,75,75,75,75,75,75],"relics":["Ring of the Snake","Toxic Egg 2","Bottled Lightning","Gremlin Horn","Sozu","Tiny Chest"],"card_choices":[{"not_picked":["Deflect","Underhanded Strike"],"picked":"Leg Sweep","floor":1},{"not_picked":["Slice","Sucker Punch"],"picked":"Deflect","floor":2},{"not_picked":["Setup","Calculated Gamble","Tactician"],"picked":"SKIP","floor":3},{"not_picked":["Bane","Dagger Spray","Deflect"],"picked":"SKIP","floor":4},{"not_picked":["All Out Attack","Poisoned Stab"],"picked":"Escape Plan","floor":5},{"not_picked":["Cloak And Dagger","Reflex","Backstab"],"picked":"SKIP","floor":7},{"not_picked":["Prepared","PiercingWail"],"picked":"Bouncing Flask","floor":8},{"not_picked":["Underhanded Strike","Crippling Poison+1"],"picked":"Backflip+1","floor":11},{"not_picked":["Terror+1","Dodge and Roll+1"],"picked":"Deflect+1","floor":13},{"not_picked":["Grand Finale","Setup+1"],"picked":"Backflip+1","floor":14},{"not_picked":["Envenom","Bullet Time+1"],"picked":"Burst+1","floor":16},{"not_picked":["Cloak And Dagger+1","PiercingWail+1"],"picked":"Outmaneuver+1","floor":18},{"not_picked":["PiercingWail+1","Leg Sweep+1"],"picked":"Noxious Fumes+1","floor":20},{"not_picked":["Reflex+1","Sucker Punch+1","Dodge and Roll+1"],"picked":"SKIP","floor":22},{"not_picked":["Backflip+1","Deadly Poison+1"],"picked":"Acrobatics+1","floor":24},{"not_picked":["Backflip+1","Dagger Spray"],"picked":"Flying Knee","floor":29},{"not_picked":["Quick Slash","Blur+1"],"picked":"Adrenaline+1","floor":30},{"not_picked":["Cloak And Dagger+1","Dagger Throw+1"],"picked":"Catalyst+1","floor":35},{"not_picked":["Predator","Accuracy+1","PiercingWail+1"],"picked":"SKIP","floor":36},{"not_picked":["Acrobatics+1","Dodge and Roll+1","Backstab"],"picked":"SKIP","floor":38},{"not_picked":["Dodge and Roll+1","Dash"],"picked":"Well Laid Plans","floor":41},{"not_picked":["Acrobatics+1","Choke","Terror+1"],"picked":"SKIP","floor":42},{"not_picked":["Well Laid Plans","Backflip+1","Deadly Poison+1"],"picked":"SKIP","floor":44},{"not_picked":["Dodge and Roll+1","Blade Dance+1","Flying Knee+1"],"picked":"SKIP","floor":45},{"not_picked":["Dagger Throw+1","Terror+1","Bouncing Flask+1"],"picked":"SKIP","floor":46},{"not_picked":["Slice+1","Backflip+1","Endless Agony+1"],"picked":"SKIP","floor":48}],"player_experience":327222,"potions_floor_usage":[4,4,11,18,20,33,41,50],"damage_taken":[{"damage":2,"enemies":"Cultist","floor":1,"turns":4},{"damage":0,"enemies":"Jaw Worm","floor":2,"turns":6},{"damage":4,"enemies":"Small Slimes","floor":3,"turns":5},{"damage":12,"enemies":"Exordium Wildlife","floor":4,"turns":12},{"damage":0,"enemies":"Looter","floor":5,"turns":4},{"damage":2,"enemies":"Large Slime","floor":7,"turns":12},{"damage":1,"enemies":"Blue Slaver","floor":8,"turns":6},{"damage":8,"enemies":"Gremlin Nob","floor":11,"turns":5},{"damage":5,"enemies":"Red Slaver","floor":13,"turns":7},{"damage":7,"enemies":"Exordium Wildlife","floor":14,"turns":5},{"damage":1,"enemies":"The Guardian","floor":16,"turns":10},{"damage":12,"enemies":"Chosen","floor":18,"turns":6},{"damage":14,"enemies":"2 Thieves","floor":20,"turns":4},{"damage":5,"enemies":"Snecko","floor":22,"turns":6},{"damage":11,"enemies":"Centurion and Healer","floor":24,"turns":10},{"damage":21,"enemies":"Snake Plant","floor":29,"turns":5},{"damage":12,"enemies":"3 Cultists","floor":30,"turns":6},{"damage":42,"enemies":"Champ","floor":33,"turns":14},{"damage":0,"enemies":"3 Shapes","floor":35,"turns":5},{"damage":3,"enemies":"3 Darklings","floor":36,"turns":6},{"damage":3,"enemies":"Maw","floor":38,"turns":7},{"damage":22,"enemies":"4 Shapes","floor":41,"turns":7},{"damage":2,"enemies":"3 Darklings","floor":42,"turns":10},{"damage":15,"enemies":"Sphere and 2 Shapes","floor":44,"turns":5},{"damage":22,"enemies":"4 Shapes","floor":45,"turns":6},{"damage":6,"enemies":"Maw","floor":46,"turns":5},{"damage":32,"enemies":"Sphere and 2 Shapes","floor":48,"turns":7},{"damage":59,"enemies":"Awakened One","floor":50,"turns":12}],"relics_obtained":[{"floor":9,"key":"Toxic Egg 2"},{"floor":11,"key":"Bottled Lightning"},{"floor":26,"key":"Blood Vial"},{"floor":43,"key":"Tiny Chest"}],"event_choices":[{"event_name":"Forgotten Altar","player_choice":"Shed Blood","floor":21,"damage_taken":0},{"event_name":"Addict","player_choice":"Ignored","floor":27,"damage_taken":0},{"event_name":"Drug Dealer","player_choice":"Ignored","floor":28,"damage_taken":0},{"event_name":"Vampires","player_choice":"Became a vampire (Vial)","floor":31,"damage_taken":0},{"event_name":"Upgrade Shrine","player_choice":"Upgraded","floor":37,"damage_taken":0}],"boss_relics":[{"not_picked":["Velvet Choker","Snecko Eye","Ectoplasm"]},{"not_picked":["Pandora\u0027s Box","Runic Dome"],"picked":"Sozu"}],"potions_floor_spawned":[1,2,8,11,16,29,30,33,36,44,45,46],"seed_played":"-1604541171489276813","ascension_level":2,"potions_obtained":[{"floor":1,"key":"Swift Potion"},{"floor":2,"key":"SpeedPotion"},{"floor":8,"key":"GhostInAJar"},{"floor":11,"key":"Weak Potion"},{"floor":16,"key":"Poison Potion"},{"floor":29,"key":"LiquidBronze"},{"floor":30,"key":"GhostInAJar"},{"floor":33,"key":"GhostInAJar"}],"is_trial":false}