{"gold_per_floor":[115,134,153,170,189,215,227,259,259,259,259,275,275,305,305,401,401,421,521,521,533,533,533,559,578,605,217,246,246,281,147,147,252,252,267,267,267,163,214,214,239,239,263,282,297,324,349,377,389,401,413,425,60,89,89],"floor_reached":56,"playtime":3403,"items_purged":["Zap","Sweeping Beam","Rebound","Cold Snap"],"score":1624,"play_id":"95481ebe-6a6d-466e-9658-1f7591e27865","local_time":"20190629232641","is_ascension_mode":true,"campfire_choices":[{"floor":13.0,"key":"REST"},{"floor":15.0,"key":"REST"},{"floor":23,"key":"REST"},{"floor":29,"key":"REST"},{"floor":32,"key":"RECALL"},{"data":"Storm","floor":40,"key":"SMITH"},{"data":"Storm","floor":42,"key":"SMITH"},{"data":"Storm","floor":49,"key":"SMITH"},{"data":"Biased Cognition","floor":52,"key":"SMITH"}],"neow_cost":"NONE","seed_source_timestamp":1454447918546791,"circlet_count":0,"master_deck":["Dualcast","Static Discharge","Skim","Defragment","Ball Lightning","Storm+1","Glacier","Seek","Core Surge","Undo","Storm+1","Cold Snap","Seek","Rainbow","Defragment","Self Repair","Heatsinks","Biased Cognition","Storm+1","Biased Cognition+1","Static Discharge","Thunder Strike","Static Discharge","Self Repair"],"special_seed":0,"relics":["Cracked Core","Bag of Preparation","DataDisk","Dream Catcher","Omamori","Mummified Hand","Pandora\u0027s Box","Dead Branch","Dodecahedron","Shuriken","Gremlin Horn","PreservedInsect","Membership Card","Pear","Oddly Smooth Stone","Orichalcum","Tiny Chest","Busted Crown","Sundial","Emotion Chip","Singing Bowl","Bronze Scales","MawBank","Torii","Happy Flower","Du-Vu Doll"],"potions_floor_usage":[19,33,48,55,55,55,55,55,55],"damage_taken":[{"damage":0.0,"enemies":"Cultist","floor":1.0,"turns":3.0},{"damage":0.0,"enemies":"2 Louse","floor":2.0,"turns":3.0},{"damage":0.0,"enemies":"Small Slimes","floor":3.0,"turns":3.0},{"damage":2.0,"enemies":"Blue Slaver","floor":4.0,"turns":4.0},{"damage":7.0,"enemies":"Looter","floor":5.0,"turns":4.0},{"damage":12.0,"enemies":"3 Sentries","floor":6.0,"turns":3.0},{"damage":3.0,"enemies":"Exordium Wildlife","floor":7.0,"turns":3.0},{"damage":13.0,"enemies":"Gremlin Nob","floor":8.0,"turns":4.0},{"damage":5.0,"enemies":"3 Louse","floor":12.0,"turns":3.0},{"damage":17.0,"enemies":"Lagavulin","floor":14.0,"turns":4.0},{"damage":19.0,"enemies":"Hexaghost","floor":16.0,"turns":10.0},{"damage":0,"enemies":"Spheric Guardian","floor":18,"turns":3},{"damage":3,"enemies":"Colosseum Slavers","floor":19,"turns":3},{"damage":26,"enemies":"Colosseum Nobs","floor":19,"turns":4},{"damage":0,"enemies":"Chosen","floor":21,"turns":4},{"damage":24,"enemies":"Gremlin Leader","floor":24,"turns":5},{"damage":6,"enemies":"Snake Plant","floor":25,"turns":2},{"damage":0,"enemies":"Slavers","floor":28,"turns":2},{"damage":0,"enemies":"Gremlin Leader","floor":30,"turns":2},{"damage":46,"enemies":"Automaton","floor":33,"turns":7},{"damage":0,"enemies":"3 Shapes","floor":35,"turns":1},{"damage":0,"enemies":"2 Orb Walkers","floor":39,"turns":2},{"damage":0,"enemies":"Reptomancer","floor":41,"turns":1},{"damage":0,"enemies":"3 Darklings","floor":44,"turns":1},{"damage":0,"enemies":"Maw","floor":45,"turns":2},{"damage":0,"enemies":"Nemesis","floor":46,"turns":1},{"damage":0,"enemies":"Jaw Worm Horde","floor":47,"turns":1},{"damage":0,"enemies":"Spire Growth","floor":48,"turns":1},{"damage":0,"enemies":"Donu and Deca","floor":50,"turns":2},{"damage":0,"enemies":"Shield and Spear","floor":54,"turns":1},{"damage":19,"enemies":"The Heart","floor":55,"turns":3}],"seed_played":"8523538973398522880","potions_obtained":[{"floor":1.0,"key":"PowerPotion"},{"floor":4.0,"key":"Dexterity Potion"},{"floor":7.0,"key":"Weak Potion"},{"floor":8.0,"key":"EssenceOfSteel"},{"floor":12.0,"key":"Swift Potion"},{"floor":18,"key":"SkillPotion"},{"floor":19,"key":"SteroidPotion"},{"floor":25,"key":"EntropicBrew"},{"floor":30,"key":"Energy Potion"},{"floor":33,"key":"Block Potion"},{"floor":39,"key":"GamblersBrew"},{"floor":47,"key":"Energy Potion"}],"is_trial":false,"path_per_floor":["M","M","M","M","M","E","M","E","T","?","?","M","R","E","R","B",null,"M","?","?","M","T","R","E","M","T","$","E","R","E","$","R","B",null,"M","?","T","$","?","R","E","R","T","M","M","E","M","M","R","B",null,"R","$","E","B",null],"character_chosen":"DEFECT","items_purchased":["Membership Card","Self Repair","Pear","Tiny Chest","Storm","Static Discharge","Static Discharge","Torii","FocusPotion","Happy Flower"],"campfire_rested":4,"item_purchase_floors":[27,27,27,31,31,38,53,53,53,53],"current_hp_per_floor":[75,75,75,73,66,54,51,38,38,26,26,21,43,26,48,29,75,75,46,46,46,46,68,44,38,38,48,55,80,80,80,80,41,85,85,85,85,85,85,85,87,87,87,89,89,91,93,95,95,95,95,95,95,95,95],"gold":89,"neow_bonus":"RANDOM_COMMON_RELIC","is_prod":false,"is_daily":false,"chose_seed":false,"campfire_upgraded":4,"win_rate":0,"timestamp":1561865201,"path_taken":["M","M","M","M","M","E","M","E","T","?","?","M","R","E","R","BOSS","M","?","?","M","?","R","E","M","T","$","E","R","E","$","R","BOSS","M","?","?","$","?","R","E","R","T","M","M","E","M","M","R","BOSS","R","$","E","BOSS"],"build_version":"2019-01-23","purchased_purges":4,"victory":true,"max_hp_per_floor":[75,75,75,75,75,75,75,75,75,75,75,75,75,75,75,75,75,75,75,75,75,75,75,75,75,75,85,85,85,85,85,85,85,85,85,85,85,85,85,85,87,87,87,89,89,91,93,95,95,95,95,95,95,95,95],"card_choices":[{"not_picked":["Steam","Turbo"],"picked":"Static Discharge","floor":1.0},{"not_picked":["Barrage","Go for the Eyes"],"picked":"Skim","floor":2.0},{"not_picked":["Ball Lightning","Barrage"],"picked":"Cold Snap","floor":3.0},{"not_picked":["Rebound","Amplify"],"picked":"Defragment","floor":4.0},{"not_picked":["Steam Power","Streamline"],"picked":"Ball Lightning","floor":5.0},{"not_picked":["Barrage","Reboot","Steam"],"picked":"SKIP","floor":6.0},{"not_picked":["Conserve Battery","Stack"],"picked":"Storm","floor":7.0},{"not_picked":["Go for the Eyes","Ball Lightning","Double Energy"],"picked":"SKIP","floor":8.0},{"not_picked":["Redo","Ball Lightning","Conserve Battery"],"picked":"SKIP","floor":12.0},{"not_picked":["Conserve Battery","Rebound"],"picked":"Sweeping Beam","floor":13.0},{"not_picked":["Ball Lightning","Gash"],"picked":"Glacier","floor":14.0},{"not_picked":["Rainbow","Hyperbeam"],"picked":"Seek","floor":16.0},{"not_picked":["Conserve Battery+1","Stack","Ball Lightning+1"],"picked":"SKIP","floor":18},{"not_picked":["Sunder","Skim","Conserve Battery"],"picked":"SKIP","floor":21},{"not_picked":["Lockon","Genetic Algorithm"],"picked":"Defragment","floor":23},{"not_picked":["Stack+1","Scrape","Beam Cell"],"picked":"SKIP","floor":24},{"not_picked":["Steam Power","Chaos+1","Leap"],"picked":"SKIP","floor":25},{"not_picked":["Redo+1","Gash+1"],"picked":"Heatsinks","floor":28},{"not_picked":["Sweeping Beam","Hello World"],"picked":"Biased Cognition","floor":30},{"not_picked":["Meteor Strike","Machine Learning"],"picked":"Biased Cognition","floor":33},{"not_picked":["Cold Snap+1"],"picked":"SKIP","floor":35},{"not_picked":["Scrape+1"],"picked":"Singing Bowl","floor":41},{"not_picked":["Hologram"],"picked":"Singing Bowl","floor":44},{"not_picked":[],"picked":"Thunder Strike","floor":45},{"not_picked":["Hologram"],"picked":"Singing Bowl","floor":46},{"not_picked":["Rebound"],"picked":"Singing Bowl","floor":47},{"not_picked":["Rebound+1"],"picked":"Singing Bowl","floor":48},{"not_picked":[],"picked":"Self Repair","floor":54}],"player_experience":294836,"relics_obtained":[{"floor":6.0,"key":"DataDisk"},{"floor":8.0,"key":"Dream Catcher"},{"floor":14.0,"key":"Mummified Hand"},{"floor":19,"key":"Dead Branch"},{"floor":19,"key":"Dodecahedron"},{"floor":22,"key":"Shuriken"},{"floor":24,"key":"Gremlin Horn"},{"floor":26,"key":"PreservedInsect"},{"floor":28,"key":"Oddly Smooth Stone"},{"floor":30,"key":"Orichalcum"},{"floor":37,"key":"Sundial"},{"floor":39,"key":"Emotion Chip"},{"floor":41,"key":"Singing Bowl"},{"floor":43,"key":"Bronze Scales"},{"floor":46,"key":"MawBank"},{"floor":54,"key":"Du-Vu Doll"}],"event_choices":[{"damage_healed":0.0,"max_hp_gain":0.0,"max_hp_loss":0.0,"gold_gain":0.0,"event_name":"Scrap Ooze","player_choice":"Success","floor":10.0,"gold_loss":0.0,"damage_taken":12.0,"relics_obtained":["Omamori"]},{"damage_healed":0.0,"max_hp_gain":0.0,"max_hp_loss":0.0,"gold_gain":0.0,"event_name":"Shining Light","player_choice":"Ignored","floor":11.0,"gold_loss":0.0,"damage_taken":0.0},{"damage_healed":0,"gold_gain":0,"player_choice":"Fight","damage_taken":0,"max_hp_gain":0,"max_hp_loss":0,"event_name":"Colosseum","floor":19,"gold_loss":0},{"damage_healed":0,"gold_gain":0,"player_choice":"Fought Nobs","damage_taken":0,"max_hp_gain":0,"max_hp_loss":0,"event_name":"Colosseum","floor":19,"gold_loss":0},{"damage_healed":0,"gold_gain":0,"cards_transformed":["Streamline","Consume"],"player_choice":"Became Test Subject","damage_taken":0,"max_hp_gain":0,"max_hp_loss":0,"event_name":"Drug Dealer","floor":20,"gold_loss":0,"cards_obtained":["Rainbow","Stack"]},{"cards_removed":["Stack"],"damage_healed":0,"gold_gain":0,"player_choice":"Removed Skill","damage_taken":0,"max_hp_gain":0,"max_hp_loss":0,"event_name":"Falling","floor":36,"gold_loss":0},{"damage_healed":0,"gold_gain":0,"player_choice":"Fight","damage_taken":0,"max_hp_gain":0,"max_hp_loss":0,"event_name":"Mysterious Sphere","floor":39,"gold_loss":0}],"is_beta":false,"boss_relics":[{"not_picked":["White Beast Statue","Black Star"],"picked":"Pandora\u0027s Box"},{"not_picked":["Snecko Eye","Nuclear Battery"],"picked":"Busted Crown"}],"items_purged_floors":[27,31,38,53],"is_endless":false,"potions_floor_spawned":[1,4,7,8,12,18,19,19,25,30,33,39,41,47],"ascension_level":2}