{"gold_per_floor":[114,64,79,94,109,139,64,20,20,20,35,65,65,80,80,180,180,195,0,0,0,15,45,60,0,0,0,0,15,30,45,45,145,145,160,260,260,275,294,324,324,339,364,394,108,138,153,113,113,113],"floor_reached":51,"playtime":4073,"items_purged":["Strike_B","Writhe"],"score":767,"play_id":"e3c5c5c0-4f56-47c4-b756-de24ea69efb7","local_time":"20191001102748","daily_mods":["Specialized","Green Cards","Night Terrors"],"is_ascension_mode":false,"campfire_choices":[{"data":"Cloak And Dagger","floor":13.0,"key":"SMITH"},{"data":"Infinite Blades","floor":15.0,"key":"SMITH"},{"data":"A Thousand Cuts","floor":27.0,"key":"SMITH"},{"data":"Phantasmal Killer","floor":32,"key":"SMITH"},{"data":"Burst","floor":41,"key":"SMITH"},{"data":"Barrage","floor":49,"key":"SMITH"}],"neow_cost":"","seed_source_timestamp":0,"circlet_count":0,"master_deck":["Strike_B","Strike_B","Defend_B","Defend_B","Defend_B","Defend_B","Zap","Dualcast","Compile Driver","Compile Driver","Compile Driver","Compile Driver","Compile Driver","Coolheaded","Stack","PiercingWail","Cloak And Dagger+1","Infinite Blades+1","PiercingWail","Phantasmal Killer+1","White Noise","Coolheaded","Well Laid Plans","A Thousand Cuts+1","Cloak And Dagger+1","Ball Lightning","Cold Snap+1","Burst+1","PiercingWail+1","Defragment+1","Fusion+1","Adrenaline","Calculated Gamble+1","Streamline+1","Barrage+1","Distraction","Sucker Punch+1"],"special_seed":18170,"relics":["Cracked Core","DataDisk","Shuriken","Eternal Feather","Coffee Dripper","Blood Vial","Meat on the Bone","Anchor","Strawberry","Sozu","StoneCalendar","Ginger","Smiling Mask","Boot","Lantern","Ancient Tea Set","Symbiotic Virus"],"potions_floor_usage":[39],"damage_taken":[{"damage":7.0,"enemies":"2 Louse","floor":1.0,"turns":2.0},{"damage":1.0,"enemies":"Small Slimes","floor":3.0,"turns":2.0},{"damage":0.0,"enemies":"Jaw Worm","floor":4.0,"turns":3.0},{"damage":9.0,"enemies":"Blue Slaver","floor":5.0,"turns":4.0},{"damage":11.0,"enemies":"Gremlin Nob","floor":6.0,"turns":4.0},{"damage":0.0,"enemies":"3 Louse","floor":11.0,"turns":2.0},{"damage":21.0,"enemies":"Lagavulin","floor":12.0,"turns":4.0},{"damage":8.0,"enemies":"Exordium Thugs","floor":14.0,"turns":4.0},{"damage":16.0,"enemies":"The Guardian","floor":16.0,"turns":11.0},{"damage":3.0,"enemies":"Shell Parasite","floor":18.0,"turns":5.0},{"damage":0.0,"enemies":"Chosen","floor":22.0,"turns":4.0},{"damage":19.0,"enemies":"Book of Stabbing","floor":23.0,"turns":6.0},{"damage":11.0,"enemies":"Snake Plant","floor":24.0,"turns":5.0},{"damage":4.0,"enemies":"Shelled Parasite and Fungi","floor":29.0,"turns":5.0},{"damage":5.0,"enemies":"Centurion and Healer","floor":30.0,"turns":4.0},{"damage":0.0,"enemies":"Snecko","floor":31.0,"turns":6.0},{"damage":28,"enemies":"Champ","floor":33,"turns":8},{"damage":0,"enemies":"Orb Walker","floor":35,"turns":3},{"damage":0,"enemies":"Mind Bloom Boss Battle","floor":36,"turns":5},{"damage":0,"enemies":"3 Darklings","floor":38,"turns":4},{"damage":19,"enemies":"2 Orb Walkers","floor":39,"turns":5},{"damage":2,"enemies":"Giant Head","floor":40,"turns":6},{"damage":0,"enemies":"Maw","floor":42,"turns":6},{"damage":7,"enemies":"Reptomancer","floor":44,"turns":6},{"damage":3,"enemies":"Giant Head","floor":46,"turns":5},{"damage":0,"enemies":"Jaw Worm Horde","floor":47,"turns":3},{"damage":30,"enemies":"Donu and Deca","floor":50,"turns":6}],"seed_played":"4344579909519481510","potions_obtained":[{"floor":1.0,"key":"EssenceOfDarkness"},{"floor":3.0,"key":"FearPotion"},{"floor":6.0,"key":"FairyPotion"},{"floor":14.0,"key":"Block Potion"},{"floor":22.0,"key":"GamblersBrew"},{"floor":31.0,"key":"SkillPotion"},{"floor":33,"key":"SpeedPotion"}],"is_trial":false,"path_per_floor":["M","?","M","M","M","E","$","?","T","$","M","E","R","M","R","B",null,"M","$","?","?","M","E","M","?","T","R","$","M","M","M","R","B",null,"M","?","?","M","?","E","R","M","T","E","$","E","M","?","R","B",null],"character_chosen":"DEFECT","items_purchased":["Blood Vial","Coolheaded","Barrage","Ancient Tea Set","Distraction"],"campfire_rested":0,"item_purchase_floors":[19,19,45,45,45],"current_hp_per_floor":[68,68,67,67,58,47,47,47,47,47,47,26,35,27,36,20,75,72,72,72,72,74,56,47,47,54,69,69,67,64,66,81,54,82,82,82,82,82,63,63,81,82,82,75,75,74,76,76,82,52],"gold":113,"neow_bonus":"","is_prod":false,"is_daily":true,"chose_seed":false,"campfire_upgraded":6,"win_rate":0,"timestamp":1569943668,"path_taken":["M","?","M","M","M","E","$","?","T","?","M","E","R","M","R","BOSS","M","$","?","?","M","E","M","?","T","R","?","?","M","M","R","BOSS","M","?","?","M","?","E","R","M","T","E","$","E","M","?","R","BOSS"],"build_version":"2019-09-27","purchased_purges":2,"victory":true,"max_hp_per_floor":[75,75,75,75,75,75,75,75,75,75,75,75,75,75,75,75,75,75,75,75,75,75,75,75,75,82,82,82,82,82,82,82,82,82,82,82,82,82,82,82,82,82,82,82,82,82,82,82,82,82],"card_choices":[{"not_picked":["Aggregate","Concentrate"],"picked":"Coolheaded","floor":1.0},{"not_picked":["Beam Cell","Sucker Punch","Tempest"],"picked":"SKIP","floor":3.0},{"not_picked":["Conserve Battery","Gash"],"picked":"Stack","floor":4.0},{"not_picked":["Stack","Self Repair"],"picked":"PiercingWail","floor":5.0},{"not_picked":["Stack","Redo","Compile Driver"],"picked":"SKIP","floor":6.0},{"not_picked":["Underhanded Strike","Buffer"],"picked":"Cloak And Dagger","floor":11.0},{"not_picked":["Rebound","Dodge and Roll"],"picked":"Infinite Blades","floor":12.0},{"not_picked":["Compile Driver","Sucker Punch"],"picked":"PiercingWail","floor":14.0},{"not_picked":["Creative AI","Machine Learning"],"picked":"Phantasmal Killer","floor":16.0},{"not_picked":["Auto Shields","Dodge and Roll+1"],"picked":"White Noise","floor":18.0},{"not_picked":["Endless Agony+1","Hello World"],"picked":"Well Laid Plans","floor":22.0},{"not_picked":["Deadly Poison","Outmaneuver"],"picked":"A Thousand Cuts","floor":23.0},{"not_picked":["White Noise","Poisoned Stab","Well Laid Plans"],"picked":"SKIP","floor":24.0},{"not_picked":["Double Energy","Gash"],"picked":"Cloak And Dagger+1","floor":29.0},{"not_picked":["Dash","Dodge and Roll"],"picked":"Ball Lightning","floor":30.0},{"not_picked":["Dagger Throw+1","Loop"],"picked":"Cold Snap+1","floor":31.0},{"not_picked":["A Thousand Cuts","Amplify"],"picked":"Burst","floor":33},{"not_picked":["Dash","White Noise"],"picked":"PiercingWail+1","floor":35},{"not_picked":["Cold Snap+1","Skewer"],"picked":"Defragment+1","floor":36},{"not_picked":["Bane","Compile Driver"],"picked":"Fusion+1","floor":38},{"not_picked":["Underhanded Strike+1","Accuracy+1"],"picked":"Adrenaline","floor":40},{"not_picked":["Flying Knee","Prepared+1"],"picked":"Calculated Gamble+1","floor":42},{"not_picked":["Ball Lightning","Dagger Throw"],"picked":"Streamline+1","floor":44},{"not_picked":["Stack","Sweeping Beam","Slice+1"],"picked":"SKIP","floor":46},{"not_picked":["Chill","Melter+1"],"picked":"Sucker Punch+1","floor":47}],"player_experience":348818,"relics_obtained":[{"floor":6.0,"key":"DataDisk"},{"floor":9.0,"key":"Shuriken"},{"floor":12.0,"key":"Eternal Feather"},{"floor":23.0,"key":"Anchor"},{"floor":26.0,"key":"Strawberry"},{"floor":36,"key":"StoneCalendar"},{"floor":39,"key":"Ginger"},{"floor":40,"key":"Smiling Mask"},{"floor":43,"key":"Boot"},{"floor":44,"key":"Lantern"},{"floor":46,"key":"Symbiotic Virus"}],"event_choices":[{"cards_removed":["Strike_B"],"damage_healed":0.0,"max_hp_gain":0.0,"max_hp_loss":0.0,"gold_gain":0.0,"event_name":"The Cleric","player_choice":"Card Removal","floor":2.0,"gold_loss":50.0,"damage_taken":0.0},{"damage_healed":0.0,"max_hp_gain":0.0,"max_hp_loss":0.0,"gold_gain":0.0,"event_name":"World of Goop","player_choice":"Left Gold","floor":8.0,"gold_loss":44.0,"damage_taken":0.0},{"damage_healed":0.0,"max_hp_gain":0.0,"max_hp_loss":0.0,"gold_gain":0.0,"event_name":"The Mausoleum","player_choice":"Opened","floor":21.0,"gold_loss":0.0,"damage_taken":0.0,"relics_obtained":["Meat on the Bone"],"cards_obtained":["Writhe"]},{"damage_healed":0.0,"max_hp_gain":0.0,"max_hp_loss":0.0,"gold_gain":0.0,"event_name":"Masked Bandits","player_choice":"Paid Fearfully","floor":25.0,"gold_loss":60.0,"damage_taken":0.0},{"damage_healed":0,"gold_gain":0,"player_choice":"Fight","damage_taken":0,"max_hp_gain":0,"max_hp_loss":0,"event_name":"MindBloom","floor":36,"gold_loss":0},{"damage_healed":0,"gold_gain":0,"player_choice":"Ignored","damage_taken":0,"max_hp_gain":0,"max_hp_loss":0,"event_name":"Tomb of Lord Red Mask","floor":37,"gold_loss":0},{"damage_healed":0,"gold_gain":0,"player_choice":"Fight","damage_taken":0,"max_hp_gain":0,"max_hp_loss":0,"event_name":"Mysterious Sphere","floor":39,"gold_loss":0},{"damage_healed":0,"gold_gain":0,"player_choice":"Bought 3 Potions","damage_taken":0,"max_hp_gain":0,"max_hp_loss":0,"event_name":"The Woman in Blue","floor":48,"gold_loss":0}],"is_beta":true,"boss_relics":[{"not_picked":["Velvet Choker","Tiny House"],"picked":"Coffee Dripper"},{"not_picked":["SlaversCollar","Busted Crown"],"picked":"Sozu"}],"items_purged_floors":[7,45],"is_endless":false,"potions_floor_spawned":[1,3,6,14,22,31,33,36,38,42,46],"ascension_level":0}