{"gold_per_floor":[117,117,130,146,146,178,178,208,208,154,154],"floor_reached":11,"playtime":600,"items_purged":[],"score":89,"play_id":"f54a0d42-9a00-4ecb-bc41-f2c7f9643e7e","local_time":"20190628020326","is_ascension_mode":true,"campfire_choices":[{"floor":7,"key":"REST"}],"neow_cost":"NONE","seed_source_timestamp":1294875440050490,"circlet_count":0,"master_deck":["Strike_R","Strike_R","Strike_R","Strike_R","Strike_R","Defend_R","Defend_R","Defend_R","Bash","Sentinel","Feed","Shockwave","Armaments"],"relics":["Burning Blood","Pen Nib","StoneCalendar","Meat on the Bone"],"potions_floor_usage":[6,8],"damage_taken":[{"damage":1,"enemies":"2 Louse","floor":1,"turns":2},{"damage":0,"enemies":"Small Slimes","floor":3,"turns":3},{"damage":16,"enemies":"Cultist","floor":4,"turns":4},{"damage":40,"enemies":"3 Sentries","floor":6,"turns":8},{"damage":50,"enemies":"Lagavulin","floor":8,"turns":6},{"damage":19,"enemies":"Exordium Thugs","floor":11,"turns":4}],"seed_played":"7683788976090413238","potions_obtained":[{"floor":1,"key":"PowerPotion"},{"floor":3,"key":"AttackPotion"},{"floor":8,"key":"FearPotion"}],"is_trial":false,"path_per_floor":["M","$","M","M","?","E","R","E","T","$","M"],"character_chosen":"IRONCLAD","items_purchased":["Armaments"],"campfire_rested":1,"item_purchase_floors":[10],"current_hp_per_floor":[88,88,88,78,78,44,70,26,26,26,7],"gold":154,"neow_bonus":"TEN_PERCENT_HP_BONUS","is_prod":false,"is_daily":false,"chose_seed":false,"campfire_upgraded":0,"win_rate":0,"timestamp":1561701806,"path_taken":["M","$","M","M","?","E","R","E","T","$","M"],"build_version":"2019-01-23","purchased_purges":0,"victory":false,"max_hp_per_floor":[88,88,88,88,88,88,88,88,88,88,88],"card_choices":[{"not_picked":["Combust","Body Slam"],"picked":"Sentinel","floor":1},{"not_picked":["Searing Blow","Perfected Strike","Clothesline"],"picked":"SKIP","floor":3},{"not_picked":["Anger","Clothesline","Fire Breathing"],"picked":"SKIP","floor":4},{"not_picked":["Reaper","Hemokinesis"],"picked":"Feed","floor":6},{"not_picked":["Headbutt","Metallicize"],"picked":"Shockwave","floor":8}],"player_experience":250646,"relics_obtained":[{"floor":6,"key":"Pen Nib"},{"floor":8,"key":"StoneCalendar"},{"floor":9,"key":"Meat on the Bone"}],"event_choices":[{"cards_removed":["Defend_R"],"damage_healed":0,"gold_gain":0,"player_choice":"Forget","damage_taken":0,"max_hp_gain":0,"max_hp_loss":0,"event_name":"Living Wall","floor":5,"gold_loss":0}],"is_beta":false,"boss_relics":[],"items_purged_floors":[],"is_endless":false,"potions_floor_spawned":[1,3,8],"killed_by":"Exordium Thugs","ascension_level":2}