{"gold_per_floor":[362,380,400,400,400,429,429,151,174,174,207,219,248,294,306,318],"floor_reached":16,"playtime":586,"items_purged":[],"score":130,"play_id":"7c2a817b-85c9-4484-a387-da44d7cdde36","local_time":"20190626212753","is_ascension_mode":true,"campfire_choices":[{"floor":7,"key":"REST"},{"floor":10,"key":"REST"},{"floor":15,"key":"REST"}],"neow_cost":"CURSE","seed_source_timestamp":1191958431278206,"circlet_count":0,"master_deck":["Strike_B+1","Strike_B","Strike_B","Strike_B+1","Defend_B","Defend_B","Defend_B","Defend_B","Zap+1","Dualcast","Regret","Ball Lightning","Chill","Storm","Coolheaded","Hello World"],"relics":["Cracked Core","DataDisk","Runic Capacitor","MawBank","Centennial Puzzle","Whetstone"],"potions_floor_usage":[14,14,16],"damage_taken":[{"damage":8,"enemies":"Cultist","floor":1,"turns":3},{"damage":0,"enemies":"Small Slimes","floor":2,"turns":2},{"damage":6,"enemies":"2 Louse","floor":3,"turns":2},{"damage":39,"enemies":"Lagavulin","floor":6,"turns":7},{"damage":29,"enemies":"Gremlin Nob","floor":11,"turns":4},{"damage":3,"enemies":"Looter","floor":13,"turns":2},{"damage":9,"enemies":"3 Sentries","floor":14,"turns":4},{"damage":46,"enemies":"Slime Boss","floor":16,"turns":6}],"seed_played":"3980465728994473748","potions_obtained":[{"floor":11,"key":"PowerPotion"},{"floor":13,"key":"Explosive Potion"},{"floor":14,"key":"GamblersBrew"}],"is_trial":false,"path_per_floor":["M","M","M","$","?","E","R","$","T","R","E","?","M","E","R","B"],"character_chosen":"DEFECT","items_purchased":["Storm","Runic Capacitor"],"campfire_rested":3,"item_purchase_floors":[8,8],"current_hp_per_floor":[67,67,61,61,61,22,44,44,44,66,37,25,22,13,35,0],"gold":318,"neow_bonus":"TWO_FIFTY_GOLD","is_prod":false,"is_daily":false,"chose_seed":false,"campfire_upgraded":0,"win_rate":0,"timestamp":1561598873,"path_taken":["M","?","M","$","?","E","R","$","T","R","E","?","M","E","R","BOSS"],"build_version":"2019-01-23","purchased_purges":0,"victory":false,"max_hp_per_floor":[75,75,75,75,75,75,75,75,75,75,75,75,75,75,75,75],"card_choices":[{"not_picked":["Turbo","Beam Cell"],"picked":"Ball Lightning","floor":1},{"not_picked":["Rebound","Conserve Battery","Steam"],"picked":"SKIP","floor":2},{"not_picked":["Compile Driver","Streamline","Rebound"],"picked":"SKIP","floor":3},{"not_picked":["Rip and Tear","Lockon"],"picked":"Chill","floor":6},{"not_picked":["Glacier","Sweeping Beam"],"picked":"Coolheaded","floor":11},{"not_picked":["Beam Cell","All For One"],"picked":"Hello World","floor":13},{"not_picked":["Gash","Double Energy","Rebound"],"picked":"SKIP","floor":14}],"player_experience":231248,"relics_obtained":[{"floor":6,"key":"DataDisk"},{"floor":11,"key":"MawBank"},{"floor":14,"key":"Whetstone"}],"event_choices":[{"damage_healed":0,"gold_gain":0,"player_choice":"Grow","damage_taken":0,"max_hp_gain":0,"max_hp_loss":0,"event_name":"Living Wall","floor":5,"gold_loss":0,"cards_upgraded":["Zap"]},{"damage_healed":0,"gold_gain":0,"player_choice":"Success","damage_taken":12,"relics_obtained":["Centennial Puzzle"],"max_hp_gain":0,"max_hp_loss":0,"event_name":"Scrap Ooze","floor":12,"gold_loss":0}],"is_beta":false,"boss_relics":[],"items_purged_floors":[],"is_endless":false,"potions_floor_spawned":[11,13,14],"killed_by":"Slime Boss","ascension_level":2}