{"gold_per_floor":[118,138,138,155,80,90,104,104,104,122,397,409,439,456,456,456],"floor_reached":16,"playtime":902,"items_purged":["Body Slam"],"score":156,"play_id":"5c222e9e-d1ae-4e26-8745-9ef47b95a10b","local_time":"20190118114240","is_ascension_mode":false,"campfire_choices":[{"data":"Feed","floor":8,"key":"SMITH"},{"floor":15,"key":"REST"}],"neow_cost":"NONE","seed_source_timestamp":787734616808109,"circlet_count":0,"master_deck":["Strike_R","Strike_R","Strike_R","Strike_R","Strike_R","Defend_R","Defend_R","Defend_R","Defend_R","Bash","Flex","Feed+1","Flex","Fire Breathing","Regret","Inflame"],"relics":["Burning Blood","Darkstone Periapt","Anchor"],"potions_floor_usage":[12,16,16],"damage_taken":[{"damage":13,"enemies":"Jaw Worm","floor":1,"turns":3},{"damage":1,"enemies":"Cultist","floor":2,"turns":4},{"damage":3,"enemies":"2 Louse","floor":4,"turns":3},{"damage":28,"enemies":"Exordium Thugs","floor":6,"turns":6},{"damage":16,"enemies":"Blue Slaver","floor":7,"turns":5},{"damage":16,"enemies":"Large Slime","floor":10,"turns":6},{"damage":4,"enemies":"2 Fungi Beasts","floor":12,"turns":2},{"damage":59,"enemies":"3 Sentries","floor":13,"turns":10},{"damage":13,"enemies":"Exordium Thugs","floor":14,"turns":4},{"damage":49,"enemies":"Slime Boss","floor":16,"turns":8}],"seed_played":"-898734747894440234","potions_obtained":[{"floor":2,"key":"Fire Potion"},{"floor":7,"key":"Weak Potion"},{"floor":12,"key":"FearPotion"},{"floor":14,"key":"Ancient Potion"}],"is_trial":false,"path_per_floor":["M","M","?","M","$","M","M","R","T","M","?","M","E","M","R","B"],"character_chosen":"IRONCLAD","items_purchased":[],"campfire_rested":1,"item_purchase_floors":[],"current_hp_per_floor":[81,86,86,88,88,69,59,59,59,53,59,65,16,13,46,0],"gold":456,"neow_bonus":"TEN_PERCENT_HP_BONUS","is_prod":false,"is_daily":false,"chose_seed":false,"campfire_upgraded":1,"win_rate":0,"timestamp":1547829760,"path_taken":["M","M","?","M","$","M","?","R","T","M","?","M","E","M","R","BOSS"],"build_version":"2019-01-17v2","purchased_purges":1,"victory":false,"max_hp_per_floor":[88,88,88,88,88,91,91,91,91,95,101,105,109,113,113,113],"card_choices":[{"not_picked":["Shrug It Off","Thunderclap"],"picked":"Body Slam","floor":1},{"not_picked":["Havoc","Warcry"],"picked":"Flex","floor":2},{"not_picked":["Carnage","Seeing Red"],"picked":"Feed","floor":4},{"not_picked":["Shrug It Off","Armaments"],"picked":"Flex","floor":6},{"not_picked":["Pommel Strike","Twin Strike","Intimidate"],"picked":"SKIP","floor":7},{"not_picked":["Havoc","Perfected Strike"],"picked":"Fire Breathing","floor":10},{"not_picked":["Twin Strike","Anger","Demon Form"],"picked":"SKIP","floor":12},{"not_picked":["Headbutt","Clothesline"],"picked":"Inflame","floor":13},{"not_picked":["Rage","Havoc","Cleave"],"picked":"SKIP","floor":14}],"player_experience":174270,"relics_obtained":[{"floor":9,"key":"Darkstone Periapt"},{"floor":13,"key":"Anchor"}],"event_choices":[{"damage_healed":0,"gold_gain":0,"player_choice":"Bought 0 Potions","damage_taken":0,"max_hp_gain":0,"max_hp_loss":0,"event_name":"The Woman in Blue","floor":3,"gold_loss":0},{"damage_healed":0,"gold_gain":275,"player_choice":"Desecrate","damage_taken":0,"max_hp_gain":0,"max_hp_loss":0,"event_name":"Golden Shrine","floor":11,"gold_loss":0,"cards_obtained":["Regret"]}],"is_beta":false,"boss_relics":[],"items_purged_floors":[5],"is_endless":false,"potions_floor_spawned":[2,7,12,14],"killed_by":"Slime Boss","ascension_level":0}