{"path_per_floor":["M","M","?","$","M","E","R","?","T","M","R","?","R","M","R","B",null,"M","M","$","?","M","R","M","?","T","?","$","M","?","$","R","B",null,"M","?","?","$"],"character_chosen":"IRONCLAD","items_purchased":["Whirlwind","Inflame","Juzu Bracelet"],"gold_per_floor":[110,129,129,54,64,99,99,99,399,412,412,412,412,432,432,532,532,542,559,459,359,373,373,393,393,393,393,154,171,171,21,21,117,117,134,134,185,35],"floor_reached":39,"campfire_rested":4,"playtime":2437,"current_hp_per_floor":[80,79,79,79,74,30,54,54,54,47,71,64,64,67,67,62,80,76,49,49,49,39,63,10,36,43,87,87,63,47,47,73,34,87,65,54,14,14],"items_purged":["Defend_R","Defend_R","Rupture","Strike_R"],"gold":35,"score":377,"play_id":"0870ff6b-e856-40b7-a02e-ab87fbca15e4","local_time":"20180318072222","is_prod":false,"is_daily":false,"is_ascension_mode":false,"campfire_upgraded":2,"timestamp":1521372142,"path_taken":["M","?","?","$","?","E","R","?","T","M","R","?","R","M","R","BOSS","M","M","$","?","M","R","M","?","T","?","$","M","?","?","R","BOSS","M","?","?","$","M"],"build_version":"2018-03-15v3","purchased_purges":4,"victory":false,"master_deck":["Strike_R","Strike_R","Strike_R","Strike_R","Bash+1","Flex+1","Bloodletting","Infernal Blade","Headbutt","Flex+1","J.A.X.","Whirlwind","Inflame","Necronomicurse","Madness","Madness"],"max_hp_per_floor":[80,80,80,80,80,80,80,80,80,80,80,80,80,80,80,80,80,80,80,80,80,80,80,80,80,87,87,87,87,87,87,87,87,87,87,87,87,87],"relics":["Burning Blood","Shuriken","Old Coin","Snecko Eye","Strawberry","Necronomicon","Juzu Bracelet","Black Star","Magic Flower"],"card_choices":[{"not_picked":["Twin Strike","Flame Barrier"],"picked":"Rupture"},{"not_picked":["Seeing Red","Anger"],"picked":"Flex"},{"not_picked":["Shockwave","Body Slam"],"picked":"Bloodletting"},{"not_picked":["True Grit","Armaments"],"picked":"Headbutt"},{"not_picked":["Cleave","Iron Wave"],"picked":"Flex"}],"player_experience":90745,"potions_floor_usage":[37],"damage_taken":[{"damage":6.0,"enemies":"Cultist","floor":1.0,"turns":4.0},{"damage":7.0,"enemies":"2 Louse","floor":2.0,"turns":3.0},{"damage":11.0,"enemies":"Jaw Worm","floor":5.0,"turns":3.0},{"damage":50.0,"enemies":"Gremlin Nob","floor":6.0,"turns":6.0},{"damage":13.0,"enemies":"3 Louse","floor":10.0,"turns":3.0},{"damage":3.0,"enemies":"Looter","floor":14.0,"turns":1.0},{"damage":26.0,"enemies":"Slime Boss","floor":16.0,"turns":6.0},{"damage":10.0,"enemies":"Chosen","floor":18.0,"turns":2.0},{"damage":33.0,"enemies":"2 Thieves","floor":19.0,"turns":4.0},{"damage":16.0,"enemies":"Chosen and Byrds","floor":22.0,"turns":5.0},{"damage":59.0,"enemies":"Centurion and Healer","floor":24.0,"turns":4.0},{"damage":30.0,"enemies":"Sentry and Sphere","floor":29.0,"turns":4.0},{"damage":45,"enemies":"Automaton","floor":33,"turns":6},{"damage":28,"enemies":"3 Darklings","floor":35,"turns":3},{"damage":46,"enemies":"Mysterious Sphere","floor":37,"turns":2},{"damage":25,"enemies":"Orb Walker","floor":39,"turns":2}],"event_choices":[{"event_name":"The Lab","player_choice":"Got Potions","floor":3.0,"damage_taken":0.0},{"event_name":"Transmorgrifier","player_choice":"Transform","floor":8.0,"damage_taken":0.0},{"event_name":"Golden Wing","player_choice":"Card Removal","floor":12.0,"damage_taken":0.0},{"event_name":"Drug Dealer","player_choice":"Got JAXXED","floor":21.0,"damage_taken":0.0},{"event_name":"The Library","player_choice":"Heal","floor":25.0,"damage_taken":0.0},{"event_name":"Wheel of Change","player_choice":"Full Heal","floor":27.0,"damage_taken":0.0},{"event_name":"Cursed Tome","player_choice":"Obtained Book","floor":30.0,"damage_taken":0.0},{"event_name":"Winding Halls","player_choice":"Embrace Madness","floor":36,"damage_taken":0},{"event_name":"Mysterious Sphere","player_choice":"Fight","floor":37,"damage_taken":0}],"boss_relics":[{"not_picked":["Runic Cube","Black Blood"],"picked":"Black Star"}],"potions_floor_spawned":[5,6,10,14,18,19,33,35],"seed_played":"5121994067625630311","killed_by":"Orb Walker","ascension_level":0,"is_trial":false}