{"gold_per_floor":[13,13,25,45,57,57,84,84,84,97,97,97,51,80,80,182,182,199,124,74,93,93,123,48,62,62,62,96,96,108,119,119,214,214,233,233,233,143,157,182,194,194,194,207,238,2,15,46,46,46,46,46,24,59,59],"floor_reached":55,"playtime":3726,"items_purged":["Strike_G"],"score":996,"play_id":"85c22d37-1975-468d-8e79-28039fe921ce","local_time":"20191001175751","is_ascension_mode":true,"campfire_choices":[{"data":"1","floor":6.0,"key":"LIFT"},{"data":"2","floor":8.0,"key":"LIFT"},{"data":"Blade Dance","floor":11.0,"key":"SMITH"},{"data":"3","floor":15.0,"key":"LIFT"},{"floor":29,"key":"REST"},{"floor":32,"key":"REST"},{"data":"Defend_G","floor":42,"key":"PURGE"},{"floor":49,"key":"RECALL"},{"data":"Defend_G","floor":52,"key":"PURGE"}],"neow_cost":"NO_GOLD","seed_source_timestamp":194914522595900,"circlet_count":0,"master_deck":["Defend_G","Defend_G","Defend_G","Survivor","Neutralize+1","Blade Dance+1","Distraction","Dagger Throw","Dagger Spray","Dash","Dagger Spray","Backstab","Malaise","Deflect","PiercingWail","RitualDagger","Blade Dance+1","Envenom","PiercingWail+1","Bane","After Image","Well Laid Plans+1","Backstab+1","Leg Sweep","Acrobatics+1","Adrenaline","Accuracy","Adrenaline","Flechettes+1","Backflip","Concentrate+1"],"special_seed":0,"relics":["Ring of the Snake","Girya","Torii","Meat on the Bone","Mercury Hourglass","Potion Belt","Fusion Hammer","Snake Skull","Bottled Lightning","Bag of Preparation","Lantern","WristBlade","Mummified Hand","Peace Pipe","Vajra","PreservedInsect","Dodecahedron"],"potions_floor_usage":[28,30,33,45,50,50,55,55,55,55],"damage_taken":[{"damage":0.0,"enemies":"Small Slimes","floor":1.0,"turns":4.0},{"damage":0.0,"enemies":"Cultist","floor":3.0,"turns":4.0},{"damage":0.0,"enemies":"Jaw Worm","floor":4.0,"turns":5.0},{"damage":2.0,"enemies":"Blue Slaver","floor":5.0,"turns":5.0},{"damage":13.0,"enemies":"Gremlin Nob","floor":7.0,"turns":3.0},{"damage":0.0,"enemies":"Gremlin Gang","floor":10.0,"turns":2.0},{"damage":1.0,"enemies":"3 Sentries","floor":14.0,"turns":3.0},{"damage":3.0,"enemies":"Hexaghost","floor":16.0,"turns":9.0},{"damage":1.0,"enemies":"2 Thieves","floor":18.0,"turns":2.0},{"damage":0.0,"enemies":"3 Byrds","floor":21.0,"turns":2.0},{"damage":12.0,"enemies":"Slavers","floor":23.0,"turns":5.0},{"damage":0,"enemies":"3 Cultists","floor":25,"turns":4},{"damage":2,"enemies":"Book of Stabbing","floor":28,"turns":5},{"damage":1,"enemies":"Shelled Parasite and Fungi","floor":30,"turns":3},{"damage":1,"enemies":"Centurion and Healer","floor":31,"turns":3},{"damage":31,"enemies":"Collector","floor":33,"turns":6},{"damage":0,"enemies":"3 Darklings","floor":35,"turns":2},{"damage":0,"enemies":"3 Shapes","floor":39,"turns":1},{"damage":2,"enemies":"Reptomancer","floor":40,"turns":4},{"damage":0,"enemies":"Jaw Worm Horde","floor":41,"turns":3},{"damage":11,"enemies":"Sphere and 2 Shapes","floor":44,"turns":2},{"damage":0,"enemies":"Giant Head","floor":45,"turns":6},{"damage":0,"enemies":"3 Darklings","floor":47,"turns":2},{"damage":0,"enemies":"Nemesis","floor":48,"turns":3},{"damage":29,"enemies":"Donu and Deca","floor":50,"turns":7},{"damage":0,"enemies":"Shield and Spear","floor":54,"turns":2},{"damage":71,"enemies":"The Heart","floor":55,"turns":6}],"seed_played":"649119845336437560","potions_obtained":[{"floor":1.0,"key":"CunningPotion"},{"floor":4.0,"key":"GhostInAJar"},{"floor":5.0,"key":"Strength Potion"},{"floor":16.0,"key":"Poison Potion"},{"floor":23.0,"key":"Dexterity Potion"},{"floor":25,"key":"CunningPotion"},{"floor":28,"key":"Block Potion"},{"floor":33,"key":"SkillPotion"},{"floor":39,"key":"Regen Potion"},{"floor":44,"key":"Weak Potion"},{"floor":47,"key":"GamblersBrew"},{"floor":48,"key":"AttackPotion"},{"floor":54,"key":"LiquidBronze"}],"is_trial":false,"path_per_floor":["M","?","M","M","M","R","E","R","T","M","R","?","$","E","R","B",null,"M","?","?","M","?","E","$","M","T","?","E","R","M","M","R","B",null,"M","?","T","?","M","E","M","R","T","M","E","$","M","E","R","B",null,"R","$","E","B"],"character_chosen":"THE_SILENT","items_purchased":["Dagger Spray","Adrenaline","Accuracy","Backflip"],"campfire_rested":2,"item_purchase_floors":[13,46,46,53],"current_hp_per_floor":[70,70,70,70,68,68,55,55,55,55,55,55,55,54,54,51,70,69,69,69,69,63,51,51,51,51,51,49,70,69,68,70,39,70,70,70,70,70,70,68,68,68,68,57,57,57,57,57,57,43,70,70,70,70,0],"gold":59,"neow_bonus":"ONE_RARE_RELIC","is_prod":false,"is_daily":false,"chose_seed":false,"campfire_upgraded":1,"win_rate":0,"timestamp":1569970671,"path_taken":["M","?","M","M","M","R","E","R","T","?","R","?","?","E","R","BOSS","M","?","?","?","?","E","$","M","T","?","E","R","M","M","R","BOSS","M","?","?","?","M","E","M","R","T","?","E","$","M","E","R","BOSS","R","$","E","BOSS"],"build_version":"2019-10-01","purchased_purges":1,"victory":false,"max_hp_per_floor":[70,70,70,70,70,70,70,70,70,70,70,70,70,70,70,70,70,70,70,70,70,70,70,70,70,70,70,70,70,70,70,70,70,70,70,70,70,70,70,70,70,70,70,70,70,70,70,70,70,70,70,70,70,70,70],"card_choices":[{"not_picked":["Escape Plan","Terror"],"picked":"Blade Dance","floor":1.0},{"not_picked":["Endless Agony","Dodge and Roll"],"picked":"Distraction","floor":3.0},{"not_picked":["Deadly Poison","Prepared"],"picked":"Dagger Throw","floor":4.0},{"not_picked":["Heel Hook","Flying Knee","Expertise"],"picked":"SKIP","floor":5.0},{"not_picked":["Noxious Fumes","Infinite Blades"],"picked":"Dagger Spray","floor":7.0},{"not_picked":["Quick Slash","Poisoned Stab","Prepared"],"picked":"SKIP","floor":10.0},{"not_picked":["Flechettes","Calculated Gamble"],"picked":"Backstab","floor":14.0},{"not_picked":["Burst","Bullet Time"],"picked":"Malaise","floor":16.0},{"not_picked":["Concentrate","Flechettes"],"picked":"Deflect","floor":18.0},{"not_picked":["Dash","Outmaneuver"],"picked":"PiercingWail","floor":21.0},{"not_picked":["Acrobatics+1","Backflip"],"picked":"Blade Dance+1","floor":23.0},{"not_picked":["Blade Dance","Flying Knee+1","Deflect"],"picked":"SKIP","floor":25},{"not_picked":["Slice+1","Distraction"],"picked":"Envenom","floor":28},{"not_picked":["Backflip","Slice+1"],"picked":"PiercingWail+1","floor":30},{"not_picked":["Slice+1","Infinite Blades"],"picked":"Bane","floor":31},{"not_picked":["A Thousand Cuts","Night Terror"],"picked":"After Image","floor":33},{"not_picked":["Deadly Poison","Caltrops+1"],"picked":"Well Laid Plans+1","floor":35},{"not_picked":["Masterful Stab","Backstab","Bane+1"],"picked":"SKIP","floor":39},{"not_picked":["Dagger Throw","Sucker Punch","Deadly Poison+1"],"picked":"SKIP","floor":40},{"not_picked":["Outmaneuver+1","Catalyst+1"],"picked":"Backstab+1","floor":41},{"not_picked":["Dodge and Roll","Terror"],"picked":"Leg Sweep","floor":44},{"not_picked":["Sucker Punch+1","Escape Plan"],"picked":"Acrobatics+1","floor":45},{"not_picked":["Expertise","Dagger Throw"],"picked":"Adrenaline","floor":47},{"not_picked":["Concentrate+1","Underhanded Strike+1"],"picked":"Flechettes+1","floor":48},{"not_picked":["Acrobatics","All Out Attack+1"],"picked":"Concentrate+1","floor":54}],"player_experience":352891,"relics_obtained":[{"floor":7.0,"key":"Meat on the Bone"},{"floor":9.0,"key":"Mercury Hourglass"},{"floor":14.0,"key":"Potion Belt"},{"floor":23.0,"key":"Snake Skull"},{"floor":26,"key":"Bottled Lightning"},{"floor":28,"key":"Lantern"},{"floor":37,"key":"Mummified Hand"},{"floor":40,"key":"Peace Pipe"},{"floor":45,"key":"Vajra"},{"floor":48,"key":"PreservedInsect"},{"floor":54,"key":"Dodecahedron"}],"event_choices":[{"damage_healed":0.0,"max_hp_gain":0.0,"max_hp_loss":0.0,"gold_gain":0.0,"event_name":"WeMeetAgain","player_choice":"Gave Potion","floor":2.0,"gold_loss":0.0,"damage_taken":0.0,"relics_obtained":["Torii"]},{"damage_healed":0.0,"max_hp_gain":0.0,"max_hp_loss":0.0,"gold_gain":0.0,"cards_transformed":["Strike_G"],"event_name":"Transmorgrifier","player_choice":"Transformed","floor":12.0,"gold_loss":0.0,"damage_taken":0.0,"cards_obtained":["Dash"]},{"cards_removed":["Strike_G"],"damage_healed":0.0,"max_hp_gain":0.0,"max_hp_loss":0.0,"gold_gain":0.0,"event_name":"Beggar","player_choice":"Gave Gold","floor":19.0,"gold_loss":75.0,"damage_taken":0.0},{"damage_healed":0.0,"max_hp_gain":0.0,"max_hp_loss":0.0,"gold_gain":0.0,"event_name":"The Joust","player_choice":"Bet on Owner","floor":20.0,"gold_loss":50.0,"damage_taken":0.0},{"damage_healed":0.0,"max_hp_gain":0.0,"max_hp_loss":0.0,"gold_gain":0.0,"event_name":"Nest","player_choice":"Joined the Cult","floor":22.0,"gold_loss":0.0,"damage_taken":6.0,"cards_obtained":["RitualDagger"]},{"damage_healed":0,"gold_gain":0,"player_choice":"Opened","damage_taken":0,"relics_obtained":["Bag of Preparation"],"max_hp_gain":0,"max_hp_loss":0,"event_name":"The Mausoleum","floor":27,"gold_loss":0},{"cards_removed":["Strike_G"],"damage_healed":0,"gold_gain":0,"player_choice":"Removed Attack","damage_taken":0,"max_hp_gain":0,"max_hp_loss":0,"event_name":"Falling","floor":36,"gold_loss":0},{"cards_removed":["Strike_G"],"damage_healed":0,"gold_gain":0,"player_choice":"Upgrade and Remove","damage_taken":0,"max_hp_gain":0,"max_hp_loss":0,"event_name":"Designer","floor":38,"gold_loss":90,"cards_upgraded":["Neutralize"]}],"is_beta":true,"boss_relics":[{"not_picked":["Empty Cage","Tiny House"],"picked":"Fusion Hammer"},{"not_picked":["SacredBark","Runic Pyramid"],"picked":"WristBlade"}],"items_purged_floors":[24],"is_endless":false,"potions_floor_spawned":[1,4,5,16,23,25,28,33,39,44,47,48,54],"killed_by":"The Heart","ascension_level":4}