{"gold_per_floor":[14,30,46,65,75,102,102,115,142,175,195,195,18,44,44,141,141,161,171,171,29,47,82,82,101,124,124,137,164,182,198,198,299,299,313,313,1,1,19,82,82,111,137,148,180,198,210,222,222,222],"floor_reached":51,"playtime":6017,"items_purged":["Strike_P","Strike_P"],"score":1171,"play_id":"5344feee-ce23-470b-a2fb-6ad1a7e36b66","local_time":"20191003185825","is_ascension_mode":true,"campfire_choices":[{"data":"TalkToTheHand","floor":7,"key":"SMITH"},{"data":"Eruption","floor":12,"key":"SMITH"},{"data":"CrushJoints","floor":15,"key":"SMITH"},{"data":"Vault","floor":24,"key":"SMITH"},{"data":"Wireheading","floor":32,"key":"SMITH"},{"floor":41,"key":"REST"},{"floor":49,"key":"REST"}],"neow_cost":"NO_GOLD","seed_source_timestamp":369309256105600,"circlet_count":0,"master_deck":["Strike_P+1","Strike_P+1","Defend_P","Defend_P","Defend_P","Eruption+1","Vigilance","BowlingBash","ThirdEye+1","JustLucky","InnerPeace+1","Weave+1","TalkToTheHand+1","Collect+1","LessonLearned","CrushJoints+1","EmptyFist+1","FearNoEvil","Vault+1","CurseOfTheBell","JustLucky","WindmillStrike+1","RitualDagger","Fasting2","ThirdEye+1","DeceiveReality","EmptyBody+1","Vault+1","Sanctity+1","FlyingSleeves+1","Wireheading+1","CutThroughFate","Ragnarok","Madness+1","Madness","JustLucky","Dark Shackles","ConjureBlade","Weave","ConjureBlade"],"relics":["PureWater","GoldenEye","Potion Belt","Akabeko","Torii","Vajra","Toy Ornithopter","Calling Bell","Strawberry","Mercury Hourglass","Turnip","Anchor","Smiling Mask","Matryoshka","Black Star","Chemical X","Tiny Chest","Centennial Puzzle","Letter Opener","PreservedInsect","StrikeDummy","Pen Nib","Gremlin Horn","Blood Vial"],"potions_floor_usage":[6,18,19,22,23,23,29,30,39,42,48,50,50,50],"damage_taken":[{"damage":0,"enemies":"Cultist","floor":1,"turns":2},{"damage":0,"enemies":"Jaw Worm","floor":2,"turns":4},{"damage":0,"enemies":"Small Slimes","floor":3,"turns":2},{"damage":0,"enemies":"Looter","floor":4,"turns":5},{"damage":0,"enemies":"Exordium Thugs","floor":5,"turns":4},{"damage":0,"enemies":"Gremlin Nob","floor":6,"turns":2},{"damage":0,"enemies":"3 Louse","floor":8,"turns":2},{"damage":12,"enemies":"Lagavulin","floor":10,"turns":6},{"damage":13,"enemies":"Large Slime","floor":11,"turns":3},{"damage":0,"enemies":"Gremlin Nob","floor":14,"turns":2},{"damage":0,"enemies":"Slime Boss","floor":16,"turns":4},{"damage":12,"enemies":"Shell Parasite","floor":18,"turns":5},{"damage":1,"enemies":"2 Thieves","floor":19,"turns":2},{"damage":0,"enemies":"Snake Plant","floor":22,"turns":1},{"damage":13,"enemies":"Slavers","floor":23,"turns":3},{"damage":1,"enemies":"Centurion and Healer","floor":25,"turns":4},{"damage":1,"enemies":"Chosen and Byrds","floor":28,"turns":6},{"damage":1,"enemies":"Book of Stabbing","floor":29,"turns":4},{"damage":0,"enemies":"Cultist and Chosen","floor":30,"turns":4},{"damage":0,"enemies":"Centurion and Healer","floor":31,"turns":5},{"damage":0,"enemies":"Champ","floor":33,"turns":7},{"damage":0,"enemies":"Orb Walker","floor":35,"turns":4},{"damage":32,"enemies":"3 Darklings","floor":39,"turns":3},{"damage":8,"enemies":"Reptomancer","floor":40,"turns":2},{"damage":1,"enemies":"Nemesis","floor":42,"turns":6},{"damage":11,"enemies":"Jaw Worm Horde","floor":44,"turns":5},{"damage":0,"enemies":"Giant Head","floor":45,"turns":5},{"damage":0,"enemies":"Sphere and 2 Shapes","floor":46,"turns":2},{"damage":6,"enemies":"4 Shapes","floor":47,"turns":6},{"damage":0,"enemies":"Transient","floor":48,"turns":6},{"damage":44,"enemies":"Time Eater","floor":50,"turns":9}],"seed_played":"-3606576528636014354","potions_obtained":[{"floor":1,"key":"AttackPotion"},{"floor":4,"key":"Regen Potion"},{"floor":6,"key":"AttackPotion"},{"floor":10,"key":"EssenceOfSteel"},{"floor":11,"key":"Explosive Potion"},{"floor":16,"key":"Energy Potion"},{"floor":18,"key":"Strength Potion"},{"floor":22,"key":"FearPotion"},{"floor":28,"key":"Explosive Potion"},{"floor":29,"key":"Ancient Potion"},{"floor":33,"key":"Dexterity Potion"},{"floor":39,"key":"EssenceOfSteel"},{"floor":42,"key":"EssenceOfSteel"},{"floor":44,"key":"SpeedPotion"},{"floor":45,"key":"GamblersBrew"}],"is_trial":false,"path_per_floor":["M","M","M","M","M","E","R","M","T","E","M","R","$","E","R","B",null,"M","M","?","$","M","E","R","M","T","?","M","E","M","M","R","B",null,"M","?","$","?","M","E","R","E","T","M","E","M","M","M","R","B",null],"character_chosen":"WATCHER","items_purchased":["Vajra","EmptyFist","Fasting2","Chemical X","JustLucky","Dark Shackles"],"campfire_rested":2,"item_purchase_floors":[13,13,21,37,37,37],"current_hp_per_floor":[72,72,72,72,72,72,72,72,72,60,47,47,47,47,47,47,79,67,71,65,65,70,67,67,66,66,66,65,69,74,74,74,74,79,79,69,69,69,42,34,57,61,61,50,50,52,48,55,78,40],"gold":222,"neow_bonus":"ONE_RARE_RELIC","is_prod":false,"is_daily":false,"chose_seed":false,"campfire_upgraded":5,"win_rate":0,"timestamp":1570147105,"path_taken":["M","M","M","M","?","E","R","M","T","E","M","R","$","E","R","BOSS","M","M","?","$","M","E","R","M","T","?","?","E","M","M","R","BOSS","M","?","$","?","M","E","R","E","T","M","E","M","M","?","R","BOSS"],"build_version":"2019-10-03","purchased_purges":2,"victory":true,"max_hp_per_floor":[72,72,72,72,72,72,72,72,72,72,72,72,72,72,72,72,79,79,79,79,79,79,79,79,79,79,79,79,79,79,79,79,79,79,79,79,79,79,79,79,79,79,79,79,79,79,79,79,79,79],"card_choices":[{"not_picked":["WreathOfFlame","ReachHeaven"],"picked":"BowlingBash","floor":1},{"not_picked":["Collect","FlurryOfBlows"],"picked":"ThirdEye","floor":2},{"not_picked":["ThirdEye","SignatureMove"],"picked":"JustLucky","floor":3},{"not_picked":["Prostrate","MasterReality"],"picked":"InnerPeace","floor":4},{"not_picked":["Protect","ForeignInfluence"],"picked":"Weave","floor":5},{"not_picked":["Protect","Crescendo"],"picked":"TalkToTheHand","floor":6},{"not_picked":["Prostrate","Meditate"],"picked":"Collect","floor":8},{"not_picked":["BowlingBash","FollowUp"],"picked":"LessonLearned","floor":10},{"not_picked":["MentalFortress","MasterReality"],"picked":"CrushJoints","floor":11},{"not_picked":["Swivel","ForeignInfluence"],"picked":"FearNoEvil","floor":14},{"not_picked":["Adaptation","Omniscience"],"picked":"Vault","floor":16},{"not_picked":["SpiritShield","CrushJoints+1"],"picked":"JustLucky","floor":18},{"not_picked":["FlowState","MentalFortress"],"picked":"WindmillStrike+1","floor":19},{"not_picked":["Halt","JustLucky"],"picked":"ThirdEye+1","floor":22},{"not_picked":["BattleHymn","Pray+1"],"picked":"DeceiveReality","floor":23},{"not_picked":["BattleHymn","Sanctity"],"picked":"EmptyBody+1","floor":25},{"not_picked":["Crescendo+1","EmptyBody+1"],"picked":"Sanctity+1","floor":28},{"not_picked":["Vengeance","Halt"],"picked":"FlyingSleeves","floor":29},{"not_picked":["FollowUp","FlyingSleeves"],"picked":"Wireheading","floor":30},{"not_picked":["Sanctity","SpiritShield"],"picked":"CutThroughFate","floor":31},{"not_picked":["Alpha","Devotion"],"picked":"Ragnarok","floor":33},{"not_picked":["Worship","EmptyBody","FollowUp"],"picked":"SKIP","floor":35},{"not_picked":["TalkToTheHand+1","FlyingSleeves"],"picked":"Weave","floor":39},{"not_picked":["WindmillStrike","Wallop+1","ForeignInfluence"],"picked":"SKIP","floor":40},{"not_picked":["Consecrate+1","EmptyBody","BowlingBash"],"picked":"SKIP","floor":42},{"not_picked":["EmptyBody+1","JustLucky+1","Wallop"],"picked":"SKIP","floor":44},{"not_picked":["Vengeance","DeceiveReality","Crescendo"],"picked":"SKIP","floor":45},{"not_picked":["ClearTheMind","FollowUp+1"],"picked":"ConjureBlade","floor":46},{"not_picked":["Scrawl+1","Sanctity","EmptyFist+1"],"picked":"SKIP","floor":47},{"not_picked":["Collect","Perseverance+1","Protect"],"picked":"SKIP","floor":48}],"player_experience":373939,"relics_obtained":[{"floor":6,"key":"Potion Belt"},{"floor":9,"key":"Akabeko"},{"floor":10,"key":"Torii"},{"floor":14,"key":"Toy Ornithopter"},{"floor":17,"key":"Strawberry"},{"floor":17,"key":"Mercury Hourglass"},{"floor":17,"key":"Turnip"},{"floor":23,"key":"Anchor"},{"floor":26,"key":"Smiling Mask"},{"floor":29,"key":"Matryoshka"},{"floor":40,"key":"Tiny Chest"},{"floor":40,"key":"Centennial Puzzle"},{"floor":42,"key":"Letter Opener"},{"floor":42,"key":"PreservedInsect"},{"floor":43,"key":"StrikeDummy"},{"floor":43,"key":"Pen Nib"},{"floor":45,"key":"Gremlin Horn"},{"floor":45,"key":"Blood Vial"}],"event_choices":[{"damage_healed":0,"gold_gain":0,"player_choice":"Joined the Cult","damage_taken":6,"max_hp_gain":0,"max_hp_loss":0,"event_name":"Nest","floor":20,"gold_loss":0,"cards_obtained":["RitualDagger"]},{"damage_healed":0,"gold_gain":0,"player_choice":"Copied","damage_taken":0,"max_hp_gain":0,"max_hp_loss":0,"event_name":"Duplicator","floor":27,"gold_loss":0,"cards_obtained":["Vault"]},{"damage_healed":0,"gold_gain":0,"player_choice":"Embrace Madness","damage_taken":10,"max_hp_gain":0,"max_hp_loss":0,"event_name":"Winding Halls","floor":36,"gold_loss":0,"cards_obtained":["Madness","Madness"]},{"damage_healed":0,"gold_gain":0,"cards_transformed":["Defend_P"],"player_choice":"Transformed","damage_taken":0,"max_hp_gain":0,"max_hp_loss":0,"event_name":"Transmorgrifier","floor":38,"gold_loss":0,"cards_obtained":["ConjureBlade"]}],"is_beta":true,"boss_relics":[{"not_picked":["Astrolabe","Cursed Key"],"picked":"Calling Bell"},{"not_picked":["Snecko Eye","Empty Cage"],"picked":"Black Star"}],"items_purged_floors":[21,37],"is_endless":false,"potions_floor_spawned":[1,4,6,10,11,16,18,22,28,29,33,39,42,44,45],"ascension_level":4}