{"path_per_floor":["M","?","$","M","T","R","E","R","T","M","R","M","M","$","R","B",null,"M","M","?","$","?","E","R","T","T","R","M","M","$","M","R","B",null,"M","$","T","?","M","R","M","R","T","R","T","$","R","M","R","B"],"character_chosen":"THE_SILENT","items_purchased":["Footwork","Deadly Poison+1","Blur+1","Art of War","Reflex+1"],"gold_per_floor":[111,111,41,60,60,60,94,94,94,111,111,123,143,18,18,122,122,141,153,153,14,14,77,77,77,77,77,94,110,110,121,121,225,225,244,12,12,12,22,22,37,37,63,63,63,63,63,75,75,75],"floor_reached":51,"campfire_rested":2,"playtime":3366,"item_purchase_floors":[3,14,21,36,36],"current_hp_per_floor":[69,62,62,62,62,62,38,38,38,37,37,37,37,37,37,35,70,70,70,57,57,57,17,39,39,39,39,40,35,35,28,50,34,75,66,66,66,66,61,61,62,62,62,62,62,62,62,48,48,52],"items_purged":["Strike_G","Strike_G"],"gold":75,"score":786,"play_id":"9c701bf5-2067-481a-9ae3-55549b1df80c","local_time":"20180526131733","is_prod":false,"is_daily":false,"chose_seed":false,"is_ascension_mode":true,"campfire_upgraded":10,"win_rate":0,"timestamp":1527365853,"campfire_choices":[{"data":"Footwork","floor":6,"key":"SMITH"},{"data":"Noxious Fumes","floor":8,"key":"SMITH"},{"data":"Neutralize","floor":11,"key":"SMITH"},{"data":"Survivor","floor":15,"key":"SMITH"},{"floor":24,"key":"REST"},{"data":"Footwork","floor":27,"key":"SMITH"},{"floor":32,"key":"REST"},{"data":"Acrobatics","floor":40,"key":"SMITH"},{"data":"Footwork","floor":42,"key":"SMITH"},{"data":"Defend_G","floor":44,"key":"SMITH"},{"data":"Defend_G","floor":47,"key":"SMITH"},{"data":"Defend_G","floor":49,"key":"SMITH"}],"path_taken":["M","?","$","?","?","R","E","R","T","?","R","M","M","?","R","BOSS","M","M","?","?","?","E","R","?","T","R","M","M","$","M","R","BOSS","M","$","?","?","M","R","M","R","T","R","?","$","R","?","R","BOSS"],"build_version":"2018-05-24","seed_source_timestamp":5338949820618,"purchased_purges":2,"victory":true,"master_deck":["Defend_G+1","Defend_G+1","Defend_G+1","Defend_G+1","Defend_G+1","Strike_G+1","Strike_G","Survivor+1","Neutralize+1","Acrobatics+1","Footwork+1","Noxious Fumes+1","Flying Knee+1","Prepared+1","Deadly Poison+1","Burst+1","Blur+1","Footwork+1","Footwork+1","Backflip+1","Burst+1","Reflex+1","Footwork+1"],"max_hp_per_floor":[70,70,70,70,70,70,70,70,70,70,70,70,70,70,70,70,70,70,70,75,75,75,75,75,75,75,75,75,75,75,75,75,75,75,75,75,75,75,75,75,75,75,75,75,75,75,75,75,75,75],"relics":["Ring of the Snake","War Paint","Toxic Egg 2","Toolbox","Tiny Chest","Bottled Flame","Blood Vial","Sozu","Art of War","Bag of Marbles","Whetstone","Pantograph"],"card_choices":[{"not_picked":["Cloak And Dagger","Slice"],"picked":"Acrobatics","floor":1},{"not_picked":["Quick Slash","Phantasmal Killer"],"picked":"Noxious Fumes","floor":4},{"not_picked":["Quick Slash","PiercingWail+1","Concentrate+1"],"picked":"SKIP","floor":7},{"not_picked":["Dash","Flechettes"],"picked":"Flying Knee","floor":10},{"not_picked":["Cloak And Dagger+1","Distraction+1","Bane"],"picked":"SKIP","floor":12},{"not_picked":["All Out Attack","Cloak And Dagger+1"],"picked":"Prepared+1","floor":13},{"not_picked":["Grand Finale","Tools of the Trade"],"picked":"Burst+1","floor":16},{"not_picked":["Choke","Bane","Setup+1"],"picked":"SKIP","floor":18},{"not_picked":["Finisher","Acrobatics+1"],"picked":"Backflip+1","floor":19},{"not_picked":["Riddle With Holes","Dagger Spray"],"picked":"Footwork","floor":23},{"not_picked":["Underhanded Strike+1","Expertise+1"],"picked":"Backflip+1","floor":28},{"not_picked":["Accuracy","Dagger Throw+1"],"picked":"Burst+1","floor":29},{"not_picked":["Riddle With Holes","Deadly Poison+1","Underhanded Strike"],"picked":"SKIP","floor":31},{"not_picked":["Dagger Spray+1","Poisoned Stab","Sucker Punch+1"],"picked":"SKIP","floor":35},{"not_picked":["Setup+1","Underhanded Strike+1"],"picked":"Footwork+1","floor":39},{"not_picked":["Masterful Stab+1","Reflex+1","All Out Attack"],"picked":"SKIP","floor":41},{"not_picked":["Sucker Punch+1","Deflect+1","Dagger Throw+1"],"picked":"SKIP","floor":48}],"player_experience":377144,"potions_floor_usage":[48,50],"damage_taken":[{"damage":1,"enemies":"2 Louse","floor":1,"turns":4},{"damage":0,"enemies":"Small Slimes","floor":4,"turns":5},{"damage":24,"enemies":"3 Sentries","floor":7,"turns":9},{"damage":1,"enemies":"Jaw Worm","floor":10,"turns":4},{"damage":0,"enemies":"Red Slaver","floor":12,"turns":6},{"damage":0,"enemies":"Exordium Thugs","floor":13,"turns":5},{"damage":2,"enemies":"Hexaghost","floor":16,"turns":9},{"damage":0,"enemies":"Chosen","floor":18,"turns":5},{"damage":0,"enemies":"Spheric Guardian","floor":19,"turns":5},{"damage":40,"enemies":"Gremlin Leader","floor":23,"turns":9},{"damage":1,"enemies":"Snecko","floor":28,"turns":7},{"damage":7,"enemies":"Snake Plant","floor":29,"turns":5},{"damage":9,"enemies":"Centurion and Healer","floor":31,"turns":6},{"damage":18,"enemies":"Champ","floor":33,"turns":17},{"damage":9,"enemies":"3 Shapes","floor":35,"turns":6},{"damage":7,"enemies":"3 Darklings","floor":39,"turns":7},{"damage":1,"enemies":"Sphere and 2 Shapes","floor":41,"turns":6},{"damage":16,"enemies":"4 Shapes","floor":48,"turns":7},{"damage":23,"enemies":"Time Eater","floor":50,"turns":18}],"relics_obtained":[{"floor":5,"key":"Toxic Egg 2"},{"floor":9,"key":"Toolbox"},{"floor":23,"key":"Tiny Chest"},{"floor":25,"key":"Bottled Flame"},{"floor":26,"key":"Blood Vial"},{"floor":37,"key":"Bag of Marbles"},{"floor":43,"key":"Whetstone"},{"floor":45,"key":"Pantograph"}],"event_choices":[{"event_name":"Scrap Ooze","player_choice":"success","floor":2,"damage_taken":7},{"event_name":"Forgotten Altar","player_choice":"Shed Blood","floor":20,"damage_taken":0},{"event_name":"The Library","player_choice":"Read","floor":22,"damage_taken":0}],"boss_relics":[{"not_picked":["Runic Dome","Philosopher\u0027s Stone","Astrolabe"]},{"not_picked":["Cursed Key","Calling Bell"],"picked":"Sozu"}],"items_purged_floors":[14,21],"potions_floor_spawned":[10,12,13,16,23,28,29,31,41],"seed_played":"-3228002142420007454","ascension_level":4,"potions_obtained":[{"floor":10,"key":"Dexterity Potion"},{"floor":12,"key":"SpeedPotion"},{"floor":13,"key":"FearPotion"},{"floor":16,"key":"Swift Potion"},{"floor":28,"key":"FairyPotion"}],"is_trial":false}