{"gold_per_floor":[111,111,125,143,154,183,183,241,267,267,267,299,317,345,345,443,443,443,443,443,167,167,167,167,167,167,167,167,167,167,167,167,167,167,167,167,17,17,17,17,17,17,17,17,17,17,17,17,17,17,17,17,17,17,17],"floor_reached":55,"playtime":4749,"items_purged":["Sweeping Beam","Strike_B"],"score":988,"play_id":"8cea5624-832b-47ff-b063-fde95a2a0722","local_time":"20190702205736","is_ascension_mode":true,"campfire_choices":[{"floor":7,"key":"REST"},{"floor":11,"key":"REST"},{"floor":15,"key":"REST"},{"floor":23,"key":"REST"},{"floor":28,"key":"REST"},{"data":"Storm","floor":30,"key":"SMITH"},{"data":"Loop","floor":32,"key":"SMITH"},{"data":"White Noise","floor":40,"key":"SMITH"},{"floor":42,"key":"RECALL"},{"data":"Zap","floor":46,"key":"SMITH"},{"data":"Dualcast","floor":49,"key":"SMITH"},{"data":"Reprogram","floor":52,"key":"SMITH"}],"neow_cost":"NONE","seed_source_timestamp":1704364274728110,"circlet_count":0,"master_deck":["Strike_B","Strike_B","Strike_B","Defend_B","Defend_B","Defend_B","Defend_B","Zap+1","Dualcast+1","Loop+1","Ball Lightning+1","Ball Lightning","Glacier+1","Coolheaded","FTL+1","Glacier","Melter+1","Coolheaded","Thunder Strike+1","Reprogram+1","Recycle+1","Storm+1","Genetic Algorithm","White Noise+1","Seek+1","Capacitor+1","Heatsinks+1","Writhe","Seek+1","Dark Shackles+1"],"relics":["Black Star","Dead Branch","Dream Catcher","Boot","Tiny Chest","Orichalcum","Centennial Puzzle","Whetstone","Molten Egg 2","Ectoplasm","Nilry\u0027s Codex","Lee\u0027s Waffle","Vajra","Strawberry","PreservedInsect","Ancient Tea Set","Pear","Toxic Egg 2","Philosopher\u0027s Stone","Bronze Scales","Letter Opener","Happy Flower","Dodecahedron","Smiling Mask","Bag of Preparation","Regal Pillow","Ginger","Kunai","Mummified Hand"],"potions_floor_usage":[6,6,13,14,27,50],"damage_taken":[{"damage":2,"enemies":"2 Louse","floor":1,"turns":3},{"damage":7,"enemies":"Small Slimes","floor":3,"turns":3},{"damage":0,"enemies":"Cultist","floor":4,"turns":4},{"damage":15,"enemies":"2 Fungi Beasts","floor":5,"turns":3},{"damage":20,"enemies":"Gremlin Nob","floor":6,"turns":4},{"damage":42,"enemies":"Lagavulin","floor":8,"turns":8},{"damage":20,"enemies":"Gremlin Nob","floor":12,"turns":5},{"damage":2,"enemies":"Exordium Wildlife","floor":13,"turns":3},{"damage":11,"enemies":"Lagavulin","floor":14,"turns":5},{"damage":20,"enemies":"Hexaghost","floor":16,"turns":12},{"damage":20,"enemies":"3 Byrds","floor":18,"turns":4},{"damage":7,"enemies":"Chosen","floor":19,"turns":3},{"damage":40,"enemies":"Snake Plant","floor":22,"turns":5},{"damage":16,"enemies":"Book of Stabbing","floor":24,"turns":7},{"damage":16,"enemies":"Shelled Parasite and Fungi","floor":25,"turns":5},{"damage":15,"enemies":"Slavers","floor":27,"turns":2},{"damage":8,"enemies":"Champ","floor":33,"turns":8},{"damage":4,"enemies":"3 Shapes","floor":35,"turns":2},{"damage":4,"enemies":"Orb Walker","floor":38,"turns":3},{"damage":17,"enemies":"3 Darklings","floor":39,"turns":3},{"damage":9,"enemies":"Giant Head","floor":41,"turns":5},{"damage":16,"enemies":"Nemesis","floor":44,"turns":4},{"damage":0,"enemies":"Reptomancer","floor":47,"turns":3},{"damage":8,"enemies":"Awakened One","floor":50,"turns":5},{"damage":41,"enemies":"Shield and Spear","floor":54,"turns":5},{"damage":76,"enemies":"The Heart","floor":55,"turns":5}],"seed_played":"-4796522397757247688","potions_obtained":[{"floor":3,"key":"Strength Potion"},{"floor":5,"key":"Block Potion"},{"floor":6,"key":"Explosive Potion"},{"floor":12,"key":"PowerPotion"},{"floor":16,"key":"SpeedPotion"},{"floor":18,"key":"FairyPotion"},{"floor":22,"key":"Weak Potion"},{"floor":25,"key":"PowerPotion"},{"floor":39,"key":"Energy Potion"}],"is_trial":false,"path_per_floor":["M","?","M","M","M","E","R","E","T","?","R","E","M","E","R","B",null,"M","M","?","$","M","R","E","M","T","E","R","T","R","?","R","B",null,"M","T","$","M","M","R","E","R","T","E","?","R","E","?","R","B",null,"R","$","E","B"],"character_chosen":"DEFECT","items_purchased":["Lee\u0027s Waffle","PowerPotion"],"campfire_rested":5,"item_purchase_floors":[21,37],"current_hp_per_floor":[73,78,71,71,56,36,60,18,18,18,42,22,20,9,33,13,80,60,53,37,87,47,73,64,48,48,43,74,74,74,64,64,56,104,100,100,100,96,79,79,70,70,70,54,80,80,80,80,80,72,104,104,104,63,0],"gold":17,"neow_bonus":"BOSS_RELIC","is_prod":false,"is_daily":false,"chose_seed":false,"campfire_upgraded":6,"win_rate":0,"timestamp":1562115456,"path_taken":["M","?","M","M","M","E","R","E","T","?","R","E","?","E","R","BOSS","M","M","?","$","M","R","E","M","T","E","R","?","R","?","R","BOSS","M","?","$","M","M","R","E","R","T","E","?","R","E","?","R","BOSS","R","$","E","BOSS"],"build_version":"2019-07-01","purchased_purges":2,"victory":false,"max_hp_per_floor":[75,80,80,80,80,80,80,80,80,80,80,80,80,80,80,80,80,80,80,80,87,87,87,94,94,94,104,104,104,104,104,104,104,104,104,104,104,104,104,104,104,104,104,104,104,104,104,104,104,104,104,104,104,104,104],"card_choices":[{"not_picked":["Conserve Battery","BootSequence"],"picked":"Sweeping Beam","floor":1},{"not_picked":["Steam Power","Recycle"],"picked":"Loop","floor":3},{"not_picked":["Hello World","Consume"],"picked":"Ball Lightning","floor":4},{"not_picked":["Lockon","Turbo"],"picked":"Ball Lightning","floor":5},{"not_picked":["Biased Cognition","Darkness"],"picked":"Glacier","floor":6},{"not_picked":["Scrape","Rebound","Redo"],"picked":"SKIP","floor":8},{"not_picked":["Sweeping Beam","Streamline"],"picked":"Coolheaded","floor":11},{"not_picked":["Sunder","Streamline"],"picked":"FTL","floor":12},{"not_picked":["Go for the Eyes","Stack"],"picked":"Glacier","floor":13},{"not_picked":["Fission","Undo"],"picked":"Melter","floor":14},{"not_picked":["Beam Cell+1","Rebound+1"],"picked":"Coolheaded","floor":15},{"not_picked":["Rainbow","Machine Learning"],"picked":"Thunder Strike+1","floor":16},{"not_picked":["Compile Driver+1","Conserve Battery","Reinforced Body+1"],"picked":"SKIP","floor":18},{"not_picked":["Steam Power+1","Coolheaded"],"picked":"Reprogram","floor":19},{"not_picked":["Heatsinks","Go for the Eyes+1"],"picked":"Recycle+1","floor":22},{"not_picked":["Go for the Eyes+1","Stack+1"],"picked":"Storm","floor":24},{"not_picked":["Barrage+1","Coolheaded","Thunder Strike+1"],"picked":"SKIP","floor":25},{"not_picked":["Gash+1","Fusion"],"picked":"Genetic Algorithm","floor":27},{"not_picked":["Hello World","Leap"],"picked":"White Noise","floor":28},{"not_picked":["Machine Learning","Reboot+1"],"picked":"Seek+1","floor":33},{"not_picked":["Turbo+1","Cold Snap+1","Skim+1"],"picked":"SKIP","floor":35},{"not_picked":["Barrage+1","Hologram+1","Sweeping Beam+1"],"picked":"SKIP","floor":38},{"not_picked":["Hologram+1","Thunder Strike+1","Rebound+1"],"picked":"SKIP","floor":39},{"not_picked":["Barrage+1","Steam+1"],"picked":"Capacitor+1","floor":41},{"not_picked":["Sunder+1","Stack+1"],"picked":"Heatsinks+1","floor":44},{"not_picked":["FTL+1","Leap+1"],"picked":"Seek+1","floor":47},{"not_picked":["Master of Strategy+1","Flash of Steel+1"],"picked":"Dark Shackles+1","floor":48},{"not_picked":["Consume+1","FTL+1","Hologram+1"],"picked":"SKIP","floor":54}],"player_experience":332234,"relics_obtained":[{"floor":6,"key":"Dead Branch"},{"floor":6,"key":"Dream Catcher"},{"floor":8,"key":"Boot"},{"floor":8,"key":"Tiny Chest"},{"floor":12,"key":"Orichalcum"},{"floor":12,"key":"Centennial Puzzle"},{"floor":14,"key":"Whetstone"},{"floor":14,"key":"Molten Egg 2"},{"floor":20,"key":"Nilry\u0027s Codex"},{"floor":24,"key":"Vajra"},{"floor":24,"key":"Strawberry"},{"floor":26,"key":"PreservedInsect"},{"floor":27,"key":"Ancient Tea Set"},{"floor":27,"key":"Pear"},{"floor":29,"key":"Toxic Egg 2"},{"floor":36,"key":"Bronze Scales"},{"floor":41,"key":"Letter Opener"},{"floor":41,"key":"Happy Flower"},{"floor":43,"key":"Dodecahedron"},{"floor":44,"key":"Smiling Mask"},{"floor":44,"key":"Bag of Preparation"},{"floor":47,"key":"Regal Pillow"},{"floor":47,"key":"Ginger"},{"floor":54,"key":"Kunai"},{"floor":54,"key":"Mummified Hand"}],"event_choices":[{"damage_healed":0,"gold_gain":0,"player_choice":"Donut","damage_taken":0,"max_hp_gain":5,"max_hp_loss":0,"event_name":"Big Fish","floor":2,"gold_loss":0},{"damage_healed":0,"gold_gain":0,"player_choice":"Forge","damage_taken":0,"max_hp_gain":0,"max_hp_loss":0,"event_name":"Accursed Blacksmith","floor":10,"gold_loss":0,"cards_upgraded":["Glacier"]},{"damage_healed":0,"gold_gain":0,"player_choice":"Obtained Book","damage_taken":16,"max_hp_gain":0,"max_hp_loss":0,"event_name":"Cursed Tome","floor":20,"gold_loss":0},{"damage_healed":0,"gold_gain":75,"player_choice":"Touch","damage_taken":10,"max_hp_gain":0,"max_hp_loss":0,"event_name":"FaceTrader","floor":31,"gold_loss":0},{"damage_healed":26,"gold_gain":0,"player_choice":"Writhe","damage_taken":0,"max_hp_gain":0,"max_hp_loss":0,"event_name":"Winding Halls","floor":45,"gold_loss":0,"cards_obtained":["Writhe"]},{"damage_healed":0,"gold_gain":0,"player_choice":"Memory 1","damage_taken":0,"max_hp_gain":0,"max_hp_loss":0,"event_name":"SensoryStone","floor":48,"gold_loss":0}],"is_beta":false,"boss_relics":[{"not_picked":["Cursed Key","Coffee Dripper"],"picked":"Ectoplasm"},{"not_picked":["Runic Dome","Nuclear Battery"],"picked":"Philosopher\u0027s Stone"}],"items_purged_floors":[21,37],"is_endless":false,"potions_floor_spawned":[3,5,6,12,16,18,22,24,25,39,41],"killed_by":"The Heart","ascension_level":3}