{"path_per_floor":["M","M","M","M","?","R","M","M","T","?","?","$","M","?","R"],"character_chosen":"THE_SILENT","items_purchased":["Bouncing Flask","Blur","Well Laid Plans"],"gold_per_floor":[113,133,151,167,167,167,182,197,244,244,244,27,38,213,213,213],"floor_reached":16,"campfire_rested":0,"playtime":3871,"item_purchase_floors":[12,12,12],"current_hp_per_floor":[55,55,55,52,39,39,36,36,36,36,36,36,36,36,36,36],"items_purged":[],"gold":213,"score":118,"play_id":"afb1fc20-f09b-401d-ab41-d65372b3f5f1","local_time":"20180526170308","is_prod":false,"is_daily":false,"chose_seed":false,"is_ascension_mode":true,"campfire_upgraded":2,"win_rate":0,"timestamp":1527379388,"campfire_choices":[{"data":"Neutralize","floor":6,"key":"SMITH"},{"data":"Bouncing Flask","floor":15,"key":"SMITH"}],"path_taken":["M","M","M","M","?","R","M","?","T","?","?","$","?","?","R","BOSS"],"build_version":"2018-05-24","seed_source_timestamp":0,"purchased_purges":0,"victory":false,"master_deck":["Defend_G","Defend_G+1","Defend_G","Defend_G","Defend_G","Strike_G+1","Strike_G","Strike_G","Strike_G","Survivor","Neutralize+1","Backflip","Deflect","Dagger Throw","Acrobatics","Flying Knee","Clumsy","Bouncing Flask","Blur","Well Laid Plans","Bouncing Flask+1","Doubt"],"max_hp_per_floor":[63,63,63,63,63,63,63,63,63,63,63,63,63,63,63,63],"relics":["Ring of the Snake","Du-Vu Doll","Happy Flower"],"card_choices":[{"not_picked":["Underhanded Strike","Eviscerate"],"picked":"Backflip","floor":1.0},{"not_picked":["Bane","Slice","Blade Dance"],"picked":"SKIP","floor":2.0},{"not_picked":["Dagger Spray","All Out Attack"],"picked":"Deflect","floor":3.0},{"not_picked":["Phantasmal Killer","Dodge and Roll"],"picked":"Dagger Throw","floor":4},{"not_picked":["Dagger Throw","Prepared"],"picked":"Acrobatics","floor":7},{"not_picked":["Deflect","Die Die Die"],"picked":"Flying Knee","floor":8},{"not_picked":["Deflect","Well Laid Plans"],"picked":"Bouncing Flask","floor":13}],"player_experience":385775,"potions_floor_usage":[],"damage_taken":[{"damage":8.0,"enemies":"Jaw Worm","floor":1.0,"turns":6.0},{"damage":0.0,"enemies":"2 Louse","floor":2.0,"turns":3.0},{"damage":0.0,"enemies":"Cultist","floor":3.0,"turns":4.0},{"damage":3,"enemies":"Blue Slaver","floor":4,"turns":5},{"damage":3,"enemies":"Looter","floor":7,"turns":3},{"damage":0,"enemies":"Exordium Wildlife","floor":8,"turns":4},{"damage":0,"enemies":"2 Fungi Beasts","floor":13,"turns":4},{"damage":0,"enemies":"The Guardian","floor":16,"turns":1}],"relics_obtained":[{"floor":9,"key":"Happy Flower"}],"event_choices":[{"event_name":"Shining Light","player_choice":"Entered Light","floor":5,"damage_taken":0},{"event_name":"Living Wall","player_choice":"Forget","floor":10,"damage_taken":0},{"event_name":"Match and Keep!","player_choice":"1 cards matched","floor":11,"damage_taken":0},{"event_name":"Liars Game","player_choice":"agreed","floor":14,"damage_taken":0}],"boss_relics":[],"items_purged_floors":[],"potions_floor_spawned":[2,3,4,13],"seed_played":"-4006370798501713646","killed_by":"The Guardian","ascension_level":5,"potions_obtained":[{"floor":2.0,"key":"Energy Potion"},{"floor":3.0,"key":"GhostInAJar"},{"floor":4,"key":"GhostInAJar"}],"is_trial":false}