{"gold_per_floor":[110,110,134,134,149,192,204,66,91,22,40,55,55,55],"floor_reached":14,"playtime":725,"items_purged":["Strike_G"],"score":99,"play_id":"3e1e5169-2a72-4e1b-8284-b64653f61ede","local_time":"20190624103525","is_ascension_mode":true,"campfire_choices":[{"floor":7,"key":"RECALL"},{"floor":13,"key":"REST"}],"neow_cost":"NONE","seed_source_timestamp":979875232831413,"circlet_count":0,"master_deck":["Defend_G","Defend_G","Defend_G","Defend_G","Defend_G","Strike_G","Strike_G","Strike_G","Strike_G","Survivor","Neutralize","Crippling Poison","Backflip","Calculated Gamble","Footwork","Deadly Poison","Footwork","Noxious Fumes","Catalyst"],"relics":["Orrery","Golden Idol","MawBank"],"potions_floor_usage":[14,14],"damage_taken":[{"damage":6,"enemies":"2 Louse","floor":1,"turns":3},{"damage":7,"enemies":"Small Slimes","floor":3,"turns":6},{"damage":0,"enemies":"Cultist","floor":5,"turns":6},{"damage":23,"enemies":"3 Sentries","floor":6,"turns":12},{"damage":13,"enemies":"Blue Slaver","floor":11,"turns":5},{"damage":9,"enemies":"Looter","floor":12,"turns":4},{"damage":45,"enemies":"Gremlin Nob","floor":14,"turns":4}],"seed_played":"5411643464137662511","potions_obtained":[{"floor":1,"key":"AttackPotion"},{"floor":12,"key":"SkillPotion"}],"is_trial":false,"path_per_floor":["M","?","M","?","M","E","R","$","T","$","M","M","R","E"],"character_chosen":"THE_SILENT","items_purchased":["Footwork","Noxious Fumes"],"campfire_rested":1,"item_purchase_floors":[8,10],"current_hp_per_floor":[64,64,57,65,65,42,42,42,42,42,29,20,39,0],"gold":55,"neow_bonus":"BOSS_RELIC","is_prod":false,"is_daily":false,"chose_seed":false,"campfire_upgraded":0,"win_rate":0,"timestamp":1561386925,"path_taken":["M","?","M","?","M","E","R","$","T","$","M","?","R","E"],"build_version":"2019-01-23","purchased_purges":1,"victory":false,"max_hp_per_floor":[70,65,65,65,65,65,65,65,65,65,65,65,65,65],"card_choices":[{"not_picked":["Caltrops","Backflip"],"picked":"Crippling Poison","floor":0},{"not_picked":["Well Laid Plans","Infinite Blades"],"picked":"Backflip","floor":0},{"not_picked":["Acrobatics","Finisher"],"picked":"Calculated Gamble","floor":0},{"not_picked":["Slice","Accuracy","Bane"],"picked":"SKIP","floor":1},{"not_picked":["Bane","Slice"],"picked":"Footwork","floor":3},{"not_picked":["A Thousand Cuts","Deflect"],"picked":"Deadly Poison","floor":5},{"not_picked":["Endless Agony","Outmaneuver","Dodge and Roll"],"picked":"SKIP","floor":6},{"not_picked":["Outmaneuver","All Out Attack","Tactician"],"picked":"SKIP","floor":11},{"not_picked":["Sucker Punch","Dagger Throw"],"picked":"Catalyst","floor":12}],"player_experience":202993,"relics_obtained":[{"floor":6,"key":"MawBank"}],"event_choices":[{"damage_healed":0,"gold_gain":0,"player_choice":"Lose Max HP","damage_taken":0,"relics_obtained":["Golden Idol"],"max_hp_gain":0,"max_hp_loss":5,"event_name":"Golden Idol","floor":2,"gold_loss":0},{"damage_healed":8,"gold_gain":0,"player_choice":"Full Heal","damage_taken":0,"max_hp_gain":0,"max_hp_loss":0,"event_name":"Wheel of Change","floor":4,"gold_loss":0}],"is_beta":false,"boss_relics":[],"items_purged_floors":[8],"is_endless":false,"potions_floor_spawned":[1,12],"killed_by":"Gremlin Nob","ascension_level":2}