{"path_per_floor":["M","M","M","M","M","R","?","R","T","?","E","M","M","M","R","B",null,"M","?","M","?"],"character_chosen":"THE_SILENT","items_purchased":[],"gold_per_floor":[215,230,246,257,275,275,275,275,299,299,329,340,357,374,374,473,473,458,458,473,473,473],"floor_reached":22,"campfire_rested":1,"playtime":1624,"item_purchase_floors":[],"current_hp_per_floor":[62,62,58,41,30,30,30,51,51,51,27,26,20,19,19,36,62,46,46,43,43,0],"items_purged":[],"gold":473,"score":312,"play_id":"5072d1d0-b9ea-4aea-a1b9-d056617ff4b8","local_time":"20180528152001","is_prod":false,"is_daily":false,"chose_seed":false,"is_ascension_mode":true,"campfire_upgraded":2,"win_rate":0,"timestamp":1527546001,"campfire_choices":[{"data":"Deadly Poison","floor":6,"key":"SMITH"},{"floor":8,"key":"REST"},{"data":"Noxious Fumes","floor":15,"key":"SMITH"}],"path_taken":["M","M","M","M","M","R","?","R","T","?","E","M","M","?","R","BOSS","M","?","M","?","?"],"build_version":"2018-05-24","seed_source_timestamp":12818661573994,"purchased_purges":0,"victory":false,"master_deck":["Defend_G+1","Defend_G+1","Defend_G+1","Defend_G+1","Defend_G+1","Strike_G+1","Strike_G+1","Strike_G+1","Strike_G+1","Strike_G+1","Survivor","Neutralize","Quick Slash","Outmaneuver","Cloak And Dagger","Blur","Deadly Poison+1","Noxious Fumes+1","Backflip","Escape Plan","Footwork","Burst","Malaise","Catalyst","Well Laid Plans"],"max_hp_per_floor":[70,70,70,70,70,70,70,70,70,70,70,70,70,70,70,70,70,70,70,70,70,70],"relics":["Ring of the Snake","Vajra","Blood Vial","Orrery"],"card_choices":[{"not_picked":["Underhanded Strike","Cloak And Dagger"],"picked":"Quick Slash","floor":1},{"not_picked":["Dodge and Roll","Flying Knee"],"picked":"Outmaneuver","floor":2},{"not_picked":["Setup","Distraction"],"picked":"Cloak And Dagger","floor":3},{"not_picked":["Poisoned Stab","Riddle With Holes"],"picked":"Blur","floor":4},{"not_picked":["Dagger Throw","Dodge and Roll"],"picked":"Deadly Poison","floor":5},{"not_picked":["Distraction","Dodge and Roll"],"picked":"Noxious Fumes","floor":11},{"not_picked":["All Out Attack","Deflect"],"picked":"Backflip","floor":12},{"not_picked":["Underhanded Strike","Sucker Punch"],"picked":"Escape Plan","floor":13},{"not_picked":["Bane","Backflip"],"picked":"Footwork","floor":14},{"not_picked":["Night Terror","Adrenaline"],"picked":"Burst","floor":16},{"not_picked":["Masterful Stab","Bane"],"picked":"Malaise","floor":17},{"not_picked":["Dodge and Roll","Cloak And Dagger"],"picked":"Catalyst","floor":17},{"not_picked":["Dagger Spray","Underhanded Strike"],"picked":"Well Laid Plans","floor":17},{"not_picked":["Cloak And Dagger","Riddle With Holes+1","Sucker Punch+1"],"picked":"SKIP","floor":18},{"not_picked":["Dash","Underhanded Strike","Endless Agony+1"],"picked":"SKIP","floor":20}],"player_experience":439780,"potions_floor_usage":[16,16,20,22,22],"damage_taken":[{"damage":1,"enemies":"Small Slimes","floor":1,"turns":3},{"damage":0,"enemies":"2 Louse","floor":2,"turns":3},{"damage":4,"enemies":"Cultist","floor":3,"turns":4},{"damage":17,"enemies":"Gremlin Gang","floor":4,"turns":9},{"damage":11,"enemies":"Red Slaver","floor":5,"turns":7},{"damage":24,"enemies":"Gremlin Nob","floor":11,"turns":5},{"damage":3,"enemies":"Exordium Thugs","floor":12,"turns":5},{"damage":8,"enemies":"Exordium Wildlife","floor":13,"turns":6},{"damage":3,"enemies":"Looter","floor":14,"turns":3},{"damage":0,"enemies":"The Guardian","floor":16,"turns":11},{"damage":18,"enemies":"2 Thieves","floor":18,"turns":4},{"damage":5,"enemies":"Spheric Guardian","floor":20,"turns":7},{"damage":45,"enemies":"Masked Bandits","floor":22,"turns":4}],"relics_obtained":[{"floor":9,"key":"Vajra"},{"floor":11,"key":"Blood Vial"}],"event_choices":[{"event_name":"Liars Game","player_choice":"disagreed","floor":7,"damage_taken":0},{"event_name":"The Woman in Blue","player_choice":"Bought 0 Potions","floor":10,"damage_taken":0},{"event_name":"Back to Basics","player_choice":"Simplicity","floor":19,"damage_taken":0},{"event_name":"Ghosts","player_choice":"Ignored","floor":21,"damage_taken":0},{"event_name":"Masked Bandits","player_choice":"Fought over 473 gold","floor":22,"damage_taken":0}],"boss_relics":[{"not_picked":["Pandora\u0027s Box","Cursed Key"],"picked":"Orrery"}],"items_purged_floors":[],"potions_floor_spawned":[4,5,12,13,16,18],"seed_played":"-8017012886565098534","killed_by":"Masked Bandits","ascension_level":6,"potions_obtained":[{"floor":4,"key":"Ancient Potion"},{"floor":5,"key":"Regen Potion"},{"floor":12,"key":"Swift Potion"},{"floor":16,"key":"GamblersBrew"},{"floor":18,"key":"AttackPotion"}],"is_trial":false}