{"gold_per_floor":[113,19,19,39,55,87,103,128,153,153,168,202,202,101,101,196,196,196,196,196,196,196,196,196,196,196,111,111,111,111,111,111,111,111,111,111,31,31,31,31,31,31,31,31,31,31,31,31,31,31],"floor_reached":51,"playtime":2780,"items_purged":[],"score":766,"play_id":"e1dc0ac7-08a9-4d0a-9d44-15feb7b66c4c","local_time":"20190928145452","is_ascension_mode":false,"campfire_choices":[{"floor":10.0,"key":"REST"},{"floor":13.0,"key":"REST"},{"data":"BattleHymn","floor":15.0,"key":"SMITH"},{"floor":23.0,"key":"REST"},{"floor":25.0,"key":"REST"},{"floor":28.0,"key":"REST"},{"floor":32.0,"key":"REST"},{"floor":41,"key":"REST"},{"floor":47,"key":"REST"},{"floor":49,"key":"REST"}],"neow_cost":"NONE","seed_source_timestamp":582254411126208,"circlet_count":0,"master_deck":["Strike_P","Strike_P","Strike_P","Strike_P","Defend_P","Defend_P","Defend_P","Defend_P","Eruption","Vigilance","Omniscience","FollowUp","FearNoEvil","FlyingSleeves","Protect","Prostrate","Unraveling+1","FlurryOfBlows","DevaForm","Prostrate","Scrawl","BattleHymn+1","Consecrate","Brilliance","FlowState+1","WaveOfTheHand","CutThroughFate","ReachHeaven","Prostrate","LessonLearned","WheelKick+1","Crescendo","FlurryOfBlows","Sanctity","ClearTheMind+1","FlurryOfBlows","Evaluate+1","InnerPeace"],"special_seed":0,"relics":["PureWater","InkBottle","Vajra","Lantern","PreservedInsect","Ectoplasm","Red Mask","Meat on the Bone","Oddly Smooth Stone","Happy Flower","Fusion Hammer","Torii","Unceasing Top","Centennial Puzzle","Darkstone Periapt","MawBank","TungstenRod"],"potions_floor_usage":[40,50],"damage_taken":[{"damage":4.0,"enemies":"Cultist","floor":1.0,"turns":5.0},{"damage":1.0,"enemies":"2 Louse","floor":4.0,"turns":3.0},{"damage":1.0,"enemies":"Jaw Worm","floor":5.0,"turns":6.0},{"damage":17.0,"enemies":"3 Sentries","floor":6.0,"turns":7.0},{"damage":6.0,"enemies":"3 Louse","floor":7.0,"turns":4.0},{"damage":13.0,"enemies":"Lagavulin","floor":8.0,"turns":4.0},{"damage":0.0,"enemies":"2 Fungi Beasts","floor":11.0,"turns":2.0},{"damage":0.0,"enemies":"Gremlin Nob","floor":12.0,"turns":2.0},{"damage":29.0,"enemies":"Hexaghost","floor":16.0,"turns":7.0},{"damage":5.0,"enemies":"Chosen","floor":18.0,"turns":4.0},{"damage":47.0,"enemies":"Masked Bandits","floor":19.0,"turns":5.0},{"damage":0.0,"enemies":"Spheric Guardian","floor":22.0,"turns":1.0},{"damage":27.0,"enemies":"Snecko","floor":24.0,"turns":5.0},{"damage":10.0,"enemies":"Snake Plant","floor":29.0,"turns":4.0},{"damage":12.0,"enemies":"Sentry and Sphere","floor":30.0,"turns":5.0},{"damage":16.0,"enemies":"Book of Stabbing","floor":31.0,"turns":3.0},{"damage":36.0,"enemies":"Automaton","floor":33.0,"turns":8.0},{"damage":21.0,"enemies":"3 Shapes","floor":35.0,"turns":6.0},{"damage":0.0,"enemies":"Mind Bloom Boss Battle","floor":36.0,"turns":5.0},{"damage":10,"enemies":"2 Orb Walkers","floor":38,"turns":3},{"damage":19,"enemies":"Reptomancer","floor":40,"turns":4},{"damage":1,"enemies":"3 Darklings","floor":44,"turns":3},{"damage":40,"enemies":"Nemesis","floor":46,"turns":3},{"damage":14,"enemies":"Spire Growth","floor":48,"turns":4},{"damage":29,"enemies":"Donu and Deca","floor":50,"turns":6}],"seed_played":"-6803453546938745603","potions_obtained":[{"floor":1.0,"key":"Strength Potion"},{"floor":6.0,"key":"AttackPotion"},{"floor":8.0,"key":"BottledMiracle"},{"floor":18.0,"key":"Fire Potion"},{"floor":22.0,"key":"Block Potion"},{"floor":31.0,"key":"Swift Potion"},{"floor":33.0,"key":"FearPotion"},{"floor":35.0,"key":"Energy Potion"},{"floor":36.0,"key":"Block Potion"},{"floor":40,"key":"Fire Potion"},{"floor":48,"key":"Energy Potion"}],"is_trial":false,"path_per_floor":["M","$","$","M","M","E","M","E","T","R","M","E","R","$","R","B",null,"M","?","?","$","M","R","M","R","T","?","R","M","M","E","R","B",null,"M","?","$","?","?","E","R","$","T","M","T","E","R","M","R","B",null],"character_chosen":"WATCHER","items_purchased":["FearNoEvil","FlyingSleeves","BattleHymn","Consecrate","FlurryOfBlows"],"campfire_rested":9,"item_purchase_floors":[2,2,14,14,37],"current_hp_per_floor":[68,68,68,67,66,49,43,30,30,51,51,51,72,72,72,43,72,70,23,23,23,23,44,26,47,47,47,68,72,60,53,72,42,72,59,59,59,58,58,39,60,60,60,62,62,43,64,58,72,43],"gold":31,"neow_bonus":"ONE_RANDOM_RARE_CARD","is_prod":false,"is_daily":false,"chose_seed":false,"campfire_upgraded":1,"win_rate":0.0,"timestamp":1569707692,"path_taken":["M","?","$","M","M","E","M","E","T","R","M","E","R","$","R","BOSS","M","?","?","$","M","R","M","R","T","?","R","M","M","E","R","BOSS","M","?","$","?","?","E","R","?","T","M","?","E","R","M","R","BOSS"],"build_version":"2019-09-27","purchased_purges":0,"victory":true,"max_hp_per_floor":[72,72,72,72,72,72,72,72,72,72,72,72,72,72,72,72,72,72,72,72,72,72,72,72,72,72,72,72,72,72,72,72,72,72,72,72,72,72,72,72,72,72,72,72,72,72,72,72,72,72],"card_choices":[{"not_picked":["Halt","Weave"],"picked":"FollowUp","floor":1.0},{"not_picked":["FlyingSleeves","CrushJoints"],"picked":"Protect","floor":4.0},{"not_picked":["FlyingSleeves","SashWhip"],"picked":"Prostrate","floor":5.0},{"not_picked":["Halt","BowlingBash"],"picked":"Unraveling","floor":6.0},{"not_picked":["CutThroughFate","SandsOfTime"],"picked":"FlurryOfBlows","floor":7.0},{"not_picked":["EmptyFist","CutThroughFate"],"picked":"DevaForm","floor":8.0},{"not_picked":["FollowUp","Protect"],"picked":"Prostrate","floor":11.0},{"not_picked":["CrushJoints","FollowUp"],"picked":"Scrawl","floor":12.0},{"not_picked":["Omniscience","ReachHeaven"],"picked":"Brilliance","floor":16.0},{"not_picked":["CrushJoints","Protect","Weave+1"],"picked":"SKIP","floor":18.0},{"not_picked":["Halt","FollowUp+1"],"picked":"FlowState+1","floor":19.0},{"not_picked":["BowlingBash+1","MasterReality"],"picked":"WaveOfTheHand","floor":22.0},{"not_picked":["Sanctity","BowlingBash","CrushJoints"],"picked":"SKIP","floor":24.0},{"not_picked":["Sanctity","BowlingBash+1"],"picked":"CutThroughFate","floor":29.0},{"not_picked":["Weave","CarveReality"],"picked":"ReachHeaven","floor":30.0},{"not_picked":["FlyingSleeves","DeceiveReality+1"],"picked":"Prostrate","floor":31.0},{"not_picked":["Vault","ConjureBlade"],"picked":"LessonLearned","floor":33.0},{"not_picked":["DeceiveReality","Crescendo+1"],"picked":"WheelKick+1","floor":35.0},{"not_picked":["CrushJoints+1","Weave+1"],"picked":"Crescendo","floor":36.0},{"not_picked":["Swivel","JustLucky+1"],"picked":"Sanctity","floor":38},{"not_picked":["CrushJoints","FollowUp"],"picked":"ClearTheMind+1","floor":40},{"not_picked":["PathToVictory","Swivel"],"picked":"FlurryOfBlows","floor":44},{"not_picked":["CutThroughFate","CrushJoints"],"picked":"Evaluate+1","floor":46},{"not_picked":["Prostrate+1","WreathOfFlame+1"],"picked":"InnerPeace","floor":48}],"player_experience":24753,"relics_obtained":[{"floor":6.0,"key":"InkBottle"},{"floor":8.0,"key":"Vajra"},{"floor":9.0,"key":"Lantern"},{"floor":12.0,"key":"PreservedInsect"},{"floor":19.0,"key":"Red Mask"},{"floor":26.0,"key":"Meat on the Bone"},{"floor":31.0,"key":"Happy Flower"},{"floor":36.0,"key":"Torii"},{"floor":38,"key":"Unceasing Top"},{"floor":40,"key":"Centennial Puzzle"},{"floor":43,"key":"Darkstone Periapt"},{"floor":45,"key":"MawBank"},{"floor":46,"key":"TungstenRod"}],"event_choices":[{"damage_healed":0.0,"max_hp_gain":0.0,"max_hp_loss":0.0,"gold_gain":0.0,"event_name":"Masked Bandits","player_choice":"Fought Bandits","floor":19.0,"gold_loss":0.0,"damage_taken":0.0},{"damage_healed":0.0,"max_hp_gain":0.0,"max_hp_loss":0.0,"gold_gain":0.0,"event_name":"Ghosts","player_choice":"Ignored","floor":20.0,"gold_loss":0.0,"damage_taken":0.0},{"damage_healed":0.0,"max_hp_gain":0.0,"max_hp_loss":0.0,"gold_gain":0.0,"event_name":"Addict","player_choice":"Obtained Relic","floor":27.0,"gold_loss":85.0,"damage_taken":0.0,"relics_obtained":["Oddly Smooth Stone"]},{"damage_healed":0.0,"max_hp_gain":0.0,"max_hp_loss":0.0,"gold_gain":0.0,"event_name":"MindBloom","player_choice":"Fight","floor":36.0,"gold_loss":0.0,"damage_taken":0.0},{"damage_healed":0,"gold_gain":0,"player_choice":"Fight","damage_taken":0,"max_hp_gain":0,"max_hp_loss":0,"event_name":"Mysterious Sphere","floor":38,"gold_loss":0},{"damage_healed":0,"gold_gain":222,"player_choice":"Wore Mask","damage_taken":0,"max_hp_gain":0,"max_hp_loss":0,"event_name":"Tomb of Lord Red Mask","floor":39,"gold_loss":0}],"is_beta":true,"boss_relics":[{"not_picked":["Astrolabe","Velvet Choker"],"picked":"Ectoplasm"},{"not_picked":["Tiny House","HolyWater"],"picked":"Fusion Hammer"}],"items_purged_floors":[],"is_endless":false,"potions_floor_spawned":[1,6,8,18,22,31,33,35,36,40,48],"ascension_level":0}