{"gold_per_floor":[114,114,133,143,157,190,207,207],"floor_reached":8,"playtime":526,"items_purged":[],"score":66,"play_id":"b65fba18-f14f-4ca8-a745-5266affadfeb","local_time":"20190629200243","is_ascension_mode":true,"campfire_choices":[],"neow_cost":"NONE","seed_source_timestamp":1446104122801382,"circlet_count":0,"master_deck":["Strike_B","Strike_B","Strike_B","Strike_B","Defend_B","Defend_B","Defend_B","Defend_B","Zap","Dualcast","Skim","Gash","Gash"],"relics":["Cracked Core","Bag of Preparation"],"potions_floor_usage":[5],"damage_taken":[{"damage":1,"enemies":"2 Louse","floor":1,"turns":3},{"damage":0,"enemies":"Cultist","floor":3,"turns":3},{"damage":0,"enemies":"Jaw Worm","floor":4,"turns":3},{"damage":0,"enemies":"2 Fungi Beasts","floor":5,"turns":2},{"damage":24,"enemies":"Gremlin Nob","floor":6,"turns":4},{"damage":3,"enemies":"Blue Slaver","floor":7,"turns":3},{"damage":0,"enemies":"3 Sentries","floor":8,"turns":1}],"seed_played":"5064519712758250785","potions_obtained":[{"floor":1,"key":"Swift Potion"},{"floor":4,"key":"AttackPotion"},{"floor":6,"key":"GamblersBrew"},{"floor":7,"key":"Explosive Potion"}],"is_trial":false,"path_per_floor":["M","?","M","M","M","E","M","E"],"character_chosen":"DEFECT","items_purchased":[],"campfire_rested":0,"item_purchase_floors":[],"current_hp_per_floor":[74,74,74,74,74,50,47,47],"gold":207,"neow_bonus":"RANDOM_COLORLESS","is_prod":false,"is_daily":false,"chose_seed":false,"campfire_upgraded":0,"win_rate":0,"timestamp":1561852963,"path_taken":["M","?","M","M","M","E","M","E"],"build_version":"2019-01-23","purchased_purges":0,"victory":false,"max_hp_per_floor":[75,75,75,75,75,75,75,75],"card_choices":[{"not_picked":["Hello World","Consume"],"picked":"Skim","floor":1},{"not_picked":["Barrage","Redo"],"picked":"Gash","floor":3},{"not_picked":["Beam Cell","Reprogram","Consume"],"picked":"SKIP","floor":4},{"not_picked":["Go for the Eyes","Coolheaded"],"picked":"Gash","floor":5},{"not_picked":["Storm","Stack","Capacitor"],"picked":"SKIP","floor":6},{"not_picked":["Reinforced Body","Redo","Genetic Algorithm"],"picked":"SKIP","floor":7}],"player_experience":287259,"relics_obtained":[{"floor":6,"key":"Bag of Preparation"}],"event_choices":[{"cards_removed":["Forethought"],"damage_healed":0,"gold_gain":0,"player_choice":"Purged","damage_taken":0,"max_hp_gain":0,"max_hp_loss":0,"event_name":"Purifier","floor":2,"gold_loss":0}],"is_beta":false,"boss_relics":[],"items_purged_floors":[],"is_endless":false,"potions_floor_spawned":[1,4,6,7],"killed_by":"3 Sentries","ascension_level":2}