{"gold_per_floor":[118,118,68,48,67,100,100,112,112,141,221,247,247,263,263,358,358,373,373,147,160,176,203,217,217,297,325,325,338,105,118,118,217,217,230,330,330,348,348,381,381,381,381,410,0,0,27,77,77,77,77,77,1,27,27],"floor_reached":56,"playtime":14492,"items_purged":[],"score":1676,"play_id":"0393b094-e46c-497b-86c0-27ef2c9ef424","local_time":"20190920212440","is_ascension_mode":true,"campfire_choices":[{"data":"Feed","floor":7.0,"key":"SMITH"},{"data":"Uppercut","floor":15.0,"key":"SMITH"},{"floor":25.0,"key":"REST"},{"floor":32.0,"key":"REST"},{"data":"Limit Break","floor":42.0,"key":"SMITH"},{"floor":46.0,"key":"RECALL"},{"floor":49.0,"key":"REST"},{"floor":52.0,"key":"REST"}],"neow_cost":"NONE","seed_source_timestamp":0,"circlet_count":0,"master_deck":["Strike_R","Strike_R","Defend_R","Defend_R","Defend_R","Bash","Cleave","Burning Pact","Feed+1","Sever Soul","Uppercut+1","Second Wind","Flex","Reaper","Ghostly Armor","J.A.X.","Inflame","Flex","Anger","Seeing Red","Warcry","Spot Weakness","Havoc","Limit Break+1","Warcry","Fiend Fire","Armaments+1","Reaper+1","Blood for Blood+1","Flex","Violence","Whirlwind+1","Reaper","Corruption"],"special_seed":0,"relics":["Burning Blood","NeowsBlessing","Dead Branch","Letter Opener","Thread and Needle","Torii","Dodecahedron","Dream Catcher","Runic Pyramid","Vajra","Gambling Chip","Paper Frog","Pear","Pen Nib","Astrolabe","Ice Cream","Juzu Bracelet","Darkstone Periapt","Red Mask","Meat on the Bone","Ginger"],"potions_floor_usage":[],"damage_taken":[{"damage":0.0,"enemies":"2 Louse","floor":1.0,"turns":1.0},{"damage":0.0,"enemies":"Small Slimes","floor":5.0,"turns":1.0},{"damage":0.0,"enemies":"3 Sentries","floor":6.0,"turns":2.0},{"damage":1.0,"enemies":"Cultist","floor":8.0,"turns":4.0},{"damage":18.0,"enemies":"Gremlin Nob","floor":10.0,"turns":4.0},{"damage":28.0,"enemies":"3 Sentries","floor":12.0,"turns":7.0},{"damage":9.0,"enemies":"Exordium Thugs","floor":14.0,"turns":5.0},{"damage":32.0,"enemies":"Hexaghost","floor":16.0,"turns":11.0},{"damage":22.0,"enemies":"Chosen","floor":18.0,"turns":6.0},{"damage":29.0,"enemies":"2 Thieves","floor":21.0,"turns":4.0},{"damage":21.0,"enemies":"Snecko","floor":22.0,"turns":6.0},{"damage":38.0,"enemies":"Book of Stabbing","floor":23.0,"turns":6.0},{"damage":7.0,"enemies":"3 Cultists","floor":24.0,"turns":4.0},{"damage":66.0,"enemies":"Slavers","floor":27.0,"turns":4.0},{"damage":16.0,"enemies":"Snake Plant","floor":29.0,"turns":3.0},{"damage":4.0,"enemies":"Snecko","floor":31.0,"turns":5.0},{"damage":7.0,"enemies":"Champ","floor":33.0,"turns":7.0},{"damage":31.0,"enemies":"3 Shapes","floor":35.0,"turns":6.0},{"damage":31.0,"enemies":"Mind Bloom Boss Battle","floor":36.0,"turns":6.0},{"damage":36.0,"enemies":"3 Darklings","floor":38.0,"turns":5.0},{"damage":35.0,"enemies":"Nemesis","floor":40.0,"turns":9.0},{"damage":27.0,"enemies":"Reptomancer","floor":44.0,"turns":3.0},{"damage":37.0,"enemies":"Giant Head","floor":47.0,"turns":6.0},{"damage":61.0,"enemies":"2 Orb Walkers","floor":48.0,"turns":4.0},{"damage":135.0,"enemies":"Time Eater","floor":50.0,"turns":9.0},{"damage":96,"enemies":"Shield and Spear","floor":54,"turns":6},{"damage":25,"enemies":"The Heart","floor":55,"turns":5}],"seed_played":"-699904709802498920","potions_obtained":[{"floor":4.0,"key":"PowerPotion"},{"floor":6.0,"key":"Strength Potion"},{"floor":12.0,"key":"LiquidBronze"},{"floor":24.0,"key":"Strength Potion"},{"floor":29.0,"key":"Energy Potion"},{"floor":39.0,"key":"Fruit Juice"},{"floor":39.0,"key":"Explosive Potion"},{"floor":48.0,"key":"PowerPotion"}],"is_trial":false,"path_per_floor":["M","?","?","?","M","E","R","M","T","E","T","E","?","M","R","B",null,"M","?","$","M","M","E","M","R","T","E","?","M","$","M","R","B",null,"M","?","?","M","?","E","?","R","T","E","?","R","E","?","R","B",null,"R","$","E","B",null],"character_chosen":"IRONCLAD","items_purchased":["Inflame","Vajra","Limit Break","Pen Nib","Corruption"],"campfire_rested":4,"item_purchase_floors":[20,20,30,30,53],"current_hp_per_floor":[78,71,71,71,77,80,80,84,84,76,76,58,58,55,55,29,76,66,66,66,69,65,37,61,93,93,66,40,46,46,52,92,96,125,115,110,110,124,129,127,127,127,127,119,119,119,116,91,133,80,125,140,140,79,80],"gold":27,"neow_bonus":"THREE_ENEMY_KILL","is_prod":false,"is_daily":false,"chose_seed":false,"campfire_upgraded":3,"win_rate":0,"timestamp":1569039880,"path_taken":["M","?","?","?","M","E","R","?","T","E","?","E","?","M","R","BOSS","M","?","$","M","M","E","M","R","T","E","?","M","$","M","R","BOSS","M","?","?","M","?","E","?","R","T","E","?","R","E","?","R","BOSS","R","$","E","BOSS"],"build_version":"2019-07-17","purchased_purges":0,"victory":true,"max_hp_per_floor":[80,80,80,80,80,80,80,84,84,88,88,92,92,92,92,92,92,92,92,92,96,100,104,108,108,108,122,127,131,131,135,135,135,135,135,135,135,135,140,140,140,140,140,140,140,140,140,140,140,140,140,140,140,140,140],"card_choices":[{"not_picked":["Flex","True Grit"],"picked":"Cleave","floor":1.0},{"not_picked":["Sword Boomerang","Warcry"],"picked":"Burning Pact","floor":5.0},{"not_picked":["Flex","Sentinel"],"picked":"Feed","floor":6.0},{"not_picked":["Whirlwind","Heavy Blade"],"picked":"Sever Soul","floor":8.0},{"not_picked":["Pommel Strike","True Grit"],"picked":"Uppercut","floor":10.0},{"not_picked":["Blood for Blood","Whirlwind"],"picked":"Second Wind","floor":12.0},{"not_picked":["True Grit","Shockwave"],"picked":"Flex","floor":14.0},{"not_picked":["Berserk","Dark Embrace"],"picked":"Reaper","floor":16.0},{"not_picked":["Twin Strike","Perfected Strike"],"picked":"Ghostly Armor","floor":18.0},{"not_picked":["Cleave","Anger"],"picked":"Flex","floor":21.0},{"not_picked":["Twin Strike","Thunderclap+1"],"picked":"Anger","floor":22.0},{"not_picked":["Anger","Armaments"],"picked":"Seeing Red","floor":23.0},{"not_picked":["Shrug It Off","Carnage+1"],"picked":"Warcry","floor":24.0},{"not_picked":["Clash","Havoc"],"picked":"Spot Weakness","floor":25.0},{"not_picked":["Anger","Pommel Strike+1"],"picked":"Havoc","floor":27.0},{"not_picked":["Power Through","Cleave+1","Shrug It Off"],"picked":"SKIP","floor":29.0},{"not_picked":["Rampage","Cleave+1"],"picked":"Warcry","floor":31.0},{"not_picked":["Clash+1","Twin Strike"],"picked":"Berserk","floor":32.0},{"not_picked":["Demon Form","Limit Break"],"picked":"Fiend Fire","floor":33.0},{"not_picked":["Sword Boomerang","Iron Wave+1","Anger+1"],"picked":"SKIP","floor":35.0},{"not_picked":["Anger+1","Brutality"],"picked":"Flex","floor":36.0},{"not_picked":["Metamorphosis","Chrysalis"],"picked":"Violence","floor":37.0},{"not_picked":["Havoc","Shockwave","Dropkick"],"picked":"SKIP","floor":38.0},{"not_picked":["Cleave","Perfected Strike"],"picked":"Whirlwind+1","floor":40.0},{"not_picked":["Pommel Strike+1","Warcry"],"picked":"Reaper","floor":44.0},{"not_picked":["Shrug It Off","Armaments","Sword Boomerang"],"picked":"SKIP","floor":47.0},{"not_picked":["Dual Wield","Second Wind","Burning Pact+1"],"picked":"SKIP","floor":54}],"player_experience":3718250,"relics_obtained":[{"floor":6.0,"key":"Letter Opener"},{"floor":9.0,"key":"Thread and Needle"},{"floor":10.0,"key":"Torii"},{"floor":11.0,"key":"Dodecahedron"},{"floor":12.0,"key":"Dream Catcher"},{"floor":23.0,"key":"Gambling Chip"},{"floor":26.0,"key":"Paper Frog"},{"floor":27.0,"key":"Pear"},{"floor":36.0,"key":"Ice Cream"},{"floor":40.0,"key":"Juzu Bracelet"},{"floor":44.0,"key":"Darkstone Periapt"},{"floor":47.0,"key":"Meat on the Bone"},{"floor":48.0,"key":"Ginger"}],"event_choices":[{"damage_healed":0.0,"max_hp_gain":0.0,"max_hp_loss":0.0,"gold_gain":0.0,"event_name":"Scrap Ooze","player_choice":"Success","floor":2.0,"gold_loss":0.0,"damage_taken":7.0,"relics_obtained":["Dead Branch"]},{"cards_removed":["Strike_R"],"damage_healed":0.0,"max_hp_gain":0.0,"max_hp_loss":0.0,"gold_gain":0.0,"event_name":"The Cleric","player_choice":"Card Removal","floor":3.0,"gold_loss":50.0,"damage_taken":0.0},{"damage_healed":0.0,"max_hp_gain":0.0,"max_hp_loss":0.0,"gold_gain":0.0,"event_name":"The Woman in Blue","player_choice":"Bought 1 Potion","floor":4.0,"gold_loss":0.0,"damage_taken":0.0},{"damage_healed":0.0,"max_hp_gain":0.0,"max_hp_loss":0.0,"gold_gain":0.0,"event_name":"Dead Adventurer","player_choice":"Searched \u00270\u0027 times","floor":13.0,"gold_loss":0.0,"damage_taken":0.0},{"damage_healed":0.0,"max_hp_gain":0.0,"max_hp_loss":0.0,"gold_gain":0.0,"event_name":"Drug Dealer","player_choice":"Obtain J.A.X.","floor":19.0,"gold_loss":0.0,"damage_taken":0.0,"cards_obtained":["J.A.X."]},{"damage_healed":0.0,"max_hp_gain":5.0,"max_hp_loss":0.0,"gold_gain":0.0,"event_name":"Forgotten Altar","player_choice":"Shed Blood","floor":28.0,"gold_loss":0.0,"damage_taken":31.0},{"damage_healed":0.0,"max_hp_gain":0.0,"max_hp_loss":0.0,"gold_gain":0.0,"event_name":"MindBloom","player_choice":"Fight","floor":36.0,"gold_loss":0.0,"damage_taken":0.0},{"damage_healed":0.0,"max_hp_gain":0.0,"max_hp_loss":0.0,"gold_gain":0.0,"event_name":"SensoryStone","player_choice":"Memory 1","floor":37.0,"gold_loss":0.0,"damage_taken":0.0},{"damage_healed":0.0,"max_hp_gain":0.0,"max_hp_loss":0.0,"gold_gain":0.0,"event_name":"Lab","player_choice":"Got Potions","floor":39.0,"gold_loss":0.0,"damage_taken":0.0},{"cards_removed":["Berserk"],"damage_healed":0.0,"max_hp_gain":0.0,"max_hp_loss":0.0,"gold_gain":0.0,"event_name":"Falling","player_choice":"Removed Power","floor":41.0,"gold_loss":0.0,"damage_taken":0.0},{"damage_healed":0.0,"max_hp_gain":0.0,"max_hp_loss":0.0,"gold_gain":0.0,"event_name":"Tomb of Lord Red Mask","player_choice":"Paid","floor":45.0,"gold_loss":410.0,"damage_taken":0.0,"relics_obtained":["Red Mask"]},{"damage_healed":0.0,"max_hp_gain":0.0,"max_hp_loss":0.0,"gold_gain":0.0,"event_name":"Mysterious Sphere","player_choice":"Fight","floor":48.0,"gold_loss":0.0,"damage_taken":0.0}],"is_beta":false,"boss_relics":[{"not_picked":["Calling Bell","Pandora\u0027s Box"],"picked":"Runic Pyramid"},{"not_picked":["Empty Cage","Lizard Tail"],"picked":"Astrolabe"}],"items_purged_floors":[],"is_endless":false,"potions_floor_spawned":[6,12,16,24,27,29,33,35,36,48],"ascension_level":6}