{"gold_per_floor":[14,29,42,58,74,106,117,117],"floor_reached":8,"playtime":916,"items_purged":[],"score":62,"play_id":"a6ad3e5a-4101-4bfd-b88a-994dc23c2b57","local_time":"20190909151152","is_ascension_mode":false,"campfire_choices":[],"neow_cost":"NO_GOLD","seed_source_timestamp":506009640622100,"circlet_count":0,"master_deck":["Strike_P","Strike_P","Defend_P","Defend_P","Defend_P","Defend_P","Eruption","Vigilance","SandsOfTime","Perseverance","WindmillStrike","Crescendo"],"relics":["PureWater","Molten Egg 2"],"potions_floor_usage":[5,6,8],"damage_taken":[{"damage":2,"enemies":"Cultist","floor":1,"turns":3},{"damage":2,"enemies":"2 Louse","floor":2,"turns":3},{"damage":2,"enemies":"Small Slimes","floor":3,"turns":3},{"damage":0,"enemies":"Blue Slaver","floor":4,"turns":3},{"damage":0,"enemies":"Gremlin Gang","floor":5,"turns":3},{"damage":36,"enemies":"3 Sentries","floor":6,"turns":9},{"damage":1,"enemies":"Large Slime","floor":7,"turns":4},{"damage":55,"enemies":"Lagavulin","floor":8,"turns":3}],"seed_played":"8362896127313963599","potions_obtained":[{"floor":1,"key":"Explosive Potion"},{"floor":3,"key":"Swift Potion"},{"floor":7,"key":"Strength Potion"}],"is_trial":false,"path_per_floor":["M","M","M","M","M","E","M","E"],"character_chosen":"WATCHER","items_purchased":[],"campfire_rested":0,"item_purchase_floors":[],"current_hp_per_floor":[63,61,59,59,59,23,22,0],"gold":117,"neow_bonus":"REMOVE_TWO","is_prod":false,"is_daily":false,"chose_seed":false,"campfire_upgraded":0,"win_rate":0.0,"timestamp":1568059912,"path_taken":["M","M","M","M","M","E","M","E"],"build_version":"2019-09-09","purchased_purges":0,"victory":false,"max_hp_per_floor":[65,65,65,65,65,65,65,65],"card_choices":[{"not_picked":["Weave","PathToVictory"],"picked":"SandsOfTime","floor":1},{"not_picked":["FlyingSleeves","Vengeance"],"picked":"Perseverance","floor":2},{"not_picked":["BowlingBash","SandsOfTime","CutThroughFate"],"picked":"SKIP","floor":3},{"not_picked":["FlyingSleeves","Consecrate"],"picked":"WindmillStrike","floor":4},{"not_picked":["ThirdEye","Conclude","InnerPeace"],"picked":"SKIP","floor":5},{"not_picked":["Pray","Sanctity","WindmillStrike"],"picked":"SKIP","floor":6},{"not_picked":["JustLucky+1","Worship"],"picked":"Crescendo","floor":7}],"player_experience":232436,"relics_obtained":[{"floor":6,"key":"Molten Egg 2"}],"event_choices":[],"is_beta":true,"boss_relics":[],"items_purged_floors":[],"is_endless":false,"potions_floor_spawned":[1,3,7],"killed_by":"Lagavulin","ascension_level":0}