{"gold_per_floor":[168,168,179,191,191,218,218,256,256,271,304,304,319,343,343,472,472,491,506,331,331,331,331],"floor_reached":23,"playtime":1138,"items_purged":["Strike_G"],"score":278,"play_id":"deccd13f-323b-4971-9039-71ee44835264","local_time":"20190705214705","is_ascension_mode":true,"campfire_choices":[{"floor":12,"key":"REST"},{"floor":15,"key":"REST"}],"neow_cost":"NONE","seed_source_timestamp":1970151073049566,"circlet_count":0,"master_deck":["Defend_G","Defend_G","Defend_G","Defend_G","Defend_G","Survivor+1","Neutralize","Backstab","Backstab","Cloak And Dagger","Blade Dance","Finisher","Grand Finale","Masterful Stab","Infinite Blades","Noxious Fumes+1","A Thousand Cuts","Tools of the Trade","Escape Plan","Calculated Gamble","Bite","Bite","Bite","Bite","Bite"],"relics":["Tiny House","Omamori","Golden Idol","Question Card","Smiling Mask","The Courier","Busted Crown","Juzu Bracelet"],"potions_floor_usage":[6,8,11,16,16,23],"damage_taken":[{"damage":0,"enemies":"2 Louse","floor":1,"turns":2},{"damage":0,"enemies":"Jaw Worm","floor":3,"turns":3},{"damage":0,"enemies":"Cultist","floor":4,"turns":3},{"damage":30,"enemies":"Lagavulin","floor":6,"turns":6},{"damage":4,"enemies":"3 Sentries","floor":8,"turns":5},{"damage":0,"enemies":"Blue Slaver","floor":10,"turns":2},{"damage":36,"enemies":"Lagavulin","floor":11,"turns":7},{"damage":7,"enemies":"Looter","floor":13,"turns":3},{"damage":1,"enemies":"Large Slime","floor":14,"turns":5},{"damage":32,"enemies":"The Guardian","floor":16,"turns":14},{"damage":20,"enemies":"Chosen","floor":18,"turns":5},{"damage":37,"enemies":"Spheric Guardian","floor":19,"turns":6},{"damage":24,"enemies":"Book of Stabbing","floor":23,"turns":2}],"seed_played":"4417325716077163202","potions_obtained":[{"floor":0,"key":"AttackPotion"},{"floor":1,"key":"AttackPotion"},{"floor":3,"key":"SpeedPotion"},{"floor":8,"key":"EssenceOfSteel"},{"floor":14,"key":"Weak Potion"},{"floor":16,"key":"FearPotion"}],"is_trial":false,"path_per_floor":["M","?","M","M","?","E","?","E","T","M","E","R","M","M","R","B",null,"M","M","$","?","?","E"],"character_chosen":"THE_SILENT","items_purchased":["Juzu Bracelet"],"campfire_rested":2,"item_purchase_floors":[20],"current_hp_per_floor":[75,75,75,75,75,45,45,41,41,41,5,27,20,19,41,9,75,55,18,18,18,18,0],"gold":331,"neow_bonus":"BOSS_RELIC","is_prod":false,"is_daily":false,"chose_seed":false,"campfire_upgraded":0,"win_rate":0,"timestamp":1562377625,"path_taken":["M","?","M","M","?","E","?","E","T","M","E","R","M","M","R","BOSS","M","M","$","?","?","E"],"build_version":"2019-07-05","purchased_purges":1,"victory":false,"max_hp_per_floor":[75,75,75,75,75,75,75,75,75,75,75,75,75,75,75,75,75,75,75,75,52,52,52],"card_choices":[{"not_picked":["Bane","Finisher"],"picked":"Backstab","floor":0},{"not_picked":["Bane","Deflect"],"picked":"Backstab","floor":1},{"not_picked":["Distraction","Poisoned Stab"],"picked":"Cloak And Dagger","floor":3},{"not_picked":["Slice","Deflect"],"picked":"Blade Dance","floor":4},{"not_picked":["Masterful Stab","Heel Hook"],"picked":"Finisher","floor":6},{"not_picked":["Sucker Punch","Quick Slash"],"picked":"Grand Finale","floor":8},{"not_picked":["Slice","Acrobatics","Cloak And Dagger"],"picked":"Masterful Stab","floor":10},{"not_picked":["Crippling Poison","Flechettes","Bane"],"picked":"Infinite Blades","floor":11},{"not_picked":["Predator","Outmaneuver","Prepared"],"picked":"Noxious Fumes","floor":13},{"not_picked":["Deadly Poison","Prepared","Poisoned Stab"],"picked":"A Thousand Cuts","floor":14},{"not_picked":["Grand Finale","Storm of Steel","Venomology"],"picked":"Tools of the Trade","floor":16},{"not_picked":["Masterful Stab"],"picked":"Escape Plan","floor":18},{"not_picked":["Acrobatics"],"picked":"Calculated Gamble","floor":19}],"player_experience":359519,"relics_obtained":[{"floor":6,"key":"Omamori"},{"floor":8,"key":"Question Card"},{"floor":9,"key":"Smiling Mask"},{"floor":11,"key":"The Courier"}],"event_choices":[{"cards_removed":["Strike_G"],"damage_healed":0,"gold_gain":0,"player_choice":"Forget","damage_taken":0,"max_hp_gain":0,"max_hp_loss":0,"event_name":"Living Wall","floor":2,"gold_loss":0},{"damage_healed":0,"gold_gain":0,"player_choice":"Ignored","damage_taken":0,"max_hp_gain":0,"max_hp_loss":0,"event_name":"Liars Game","floor":5,"gold_loss":0},{"damage_healed":0,"gold_gain":0,"player_choice":"Take Wound","damage_taken":0,"relics_obtained":["Golden Idol"],"max_hp_gain":0,"max_hp_loss":0,"event_name":"Golden Idol","floor":7,"gold_loss":0,"cards_obtained":["Injury"]},{"damage_healed":0,"gold_gain":0,"player_choice":"Became a vampire","damage_taken":0,"max_hp_gain":0,"max_hp_loss":23,"event_name":"Vampires","floor":21,"gold_loss":0,"cards_obtained":["Bite","Bite","Bite","Bite","Bite"]},{"damage_healed":0,"gold_gain":0,"player_choice":"Upgraded","damage_taken":0,"max_hp_gain":0,"max_hp_loss":0,"event_name":"Upgrade Shrine","floor":22,"gold_loss":0,"cards_upgraded":["Noxious Fumes"]}],"is_beta":false,"boss_relics":[{"not_picked":["Orrery","HoveringKite"],"picked":"Busted Crown"}],"items_purged_floors":[20],"is_endless":false,"potions_floor_spawned":[1,3,8,14,16],"killed_by":"Book of Stabbing","ascension_level":4}