{"gold_per_floor":[116,131,144,161,261,294,304,318,318,318],"floor_reached":10,"playtime":452,"items_purged":[],"score":86,"play_id":"31a740f3-4285-4299-916d-80e72d39fd05","local_time":"20190704120552","is_ascension_mode":true,"campfire_choices":[],"neow_cost":"NONE","seed_source_timestamp":1849565659340501,"circlet_count":0,"master_deck":["Strike_G","Strike_G","Strike_G","Strike_G","Strike_G","Defend_G","Defend_G","Defend_G","Defend_G","Defend_G","Survivor","Neutralize","Crippling Poison","Deflect","Dash","Poisoned Stab","All Out Attack","PiercingWail"],"relics":["Ring of the Snake","The Courier"],"potions_floor_usage":[4,6,6],"damage_taken":[{"damage":0,"enemies":"2 Louse","floor":1,"turns":4},{"damage":0,"enemies":"Cultist","floor":2,"turns":4},{"damage":0,"enemies":"Jaw Worm","floor":3,"turns":4},{"damage":19,"enemies":"Exordium Thugs","floor":4,"turns":8},{"damage":20,"enemies":"Gremlin Nob","floor":6,"turns":5},{"damage":5,"enemies":"Looter","floor":7,"turns":3},{"damage":3,"enemies":"Red Slaver","floor":8,"turns":5},{"damage":0,"enemies":"3 Sentries","floor":10,"turns":1}],"seed_played":"8282886082026728163","potions_obtained":[{"floor":2,"key":"AttackPotion"},{"floor":3,"key":"AttackPotion"},{"floor":4,"key":"Block Potion"},{"floor":8,"key":"GhostInAJar"}],"is_trial":false,"path_per_floor":["M","M","M","M","?","E","M","M","T","E"],"character_chosen":"THE_SILENT","items_purchased":[],"campfire_rested":0,"item_purchase_floors":[],"current_hp_per_floor":[77,77,77,58,58,38,33,30,30,30],"gold":318,"neow_bonus":"TEN_PERCENT_HP_BONUS","is_prod":false,"is_daily":false,"chose_seed":false,"campfire_upgraded":0,"win_rate":0,"timestamp":1562256352,"path_taken":["M","M","M","M","?","E","?","M","T","E"],"build_version":"2019-07-01","purchased_purges":0,"victory":false,"max_hp_per_floor":[77,77,77,77,77,77,77,77,77,77],"card_choices":[{"not_picked":["Deflect","Underhanded Strike"],"picked":"Crippling Poison","floor":1},{"not_picked":["Bane","Flying Knee"],"picked":"Deflect","floor":2},{"not_picked":["Deflect","Flying Knee"],"picked":"Dash","floor":3},{"not_picked":["Reflex","Blade Dance"],"picked":"Poisoned Stab","floor":4},{"not_picked":["Terror","Reflex"],"picked":"All Out Attack","floor":6},{"not_picked":["Deflect","Underhanded Strike"],"picked":"PiercingWail","floor":7},{"not_picked":["Dagger Spray","Heel Hook","Prepared"],"picked":"SKIP","floor":8}],"player_experience":358313,"relics_obtained":[{"floor":6,"key":"The Courier"}],"event_choices":[{"damage_healed":0,"gold_gain":100,"player_choice":"Pray","damage_taken":0,"max_hp_gain":0,"max_hp_loss":0,"event_name":"Golden Shrine","floor":5,"gold_loss":0}],"is_beta":false,"boss_relics":[],"items_purged_floors":[],"is_endless":false,"potions_floor_spawned":[2,3,4,8],"killed_by":"3 Sentries","ascension_level":4}