{"gold_per_floor":[117,192,192,192,205,205,230,244,244,244,256,2,2,2,2,2],"floor_reached":16,"playtime":598,"items_purged":["Strike_G"],"score":141,"play_id":"ba5adffc-1290-467e-a3de-8ffcf12ce76e","local_time":"20190911171220","is_ascension_mode":true,"campfire_choices":[{"data":"Neutralize","floor":6,"key":"SMITH"},{"data":"Backstab","floor":10,"key":"SMITH"},{"data":"Cloak And Dagger","floor":15,"key":"SMITH"}],"neow_cost":"NONE","seed_source_timestamp":686359803759900,"circlet_count":0,"master_deck":["Strike_G+1","Strike_G","Strike_G","Defend_G","Defend_G","Defend_G","Defend_G+1","Defend_G","Survivor","Neutralize+1","Cloak And Dagger+1","Backstab+1","Acrobatics","Accuracy"],"relics":["Ring of the Snake","NeowsBlessing","Dodecahedron","Paper Crane","Sling"],"potions_floor_usage":[16],"damage_taken":[{"damage":0,"enemies":"Jaw Worm","floor":1,"turns":1},{"damage":0,"enemies":"2 Louse","floor":5,"turns":1},{"damage":0,"enemies":"Lagavulin","floor":7,"turns":1},{"damage":0,"enemies":"Small Slimes","floor":8,"turns":4},{"damage":0,"enemies":"Exordium Wildlife","floor":11,"turns":6},{"damage":42,"enemies":"Hexaghost","floor":16,"turns":16}],"seed_played":"-8389736810825358076","potions_obtained":[{"floor":7,"key":"EssenceOfSteel"},{"floor":11,"key":"PowerPotion"}],"is_trial":false,"path_per_floor":["M","?","?","?","M","R","E","M","T","R","M","$","?","?","R","B"],"character_chosen":"THE_SILENT","items_purchased":["Accuracy","Sling"],"campfire_rested":0,"item_purchase_floors":[12,12],"current_hp_per_floor":[70,59,64,57,57,57,57,57,57,57,57,57,42,42,42,0],"gold":2,"neow_bonus":"THREE_ENEMY_KILL","is_prod":false,"is_daily":false,"chose_seed":false,"campfire_upgraded":3,"win_rate":0,"timestamp":1568239940,"path_taken":["M","?","?","?","?","R","E","?","T","R","M","$","?","?","R","BOSS"],"build_version":"2019-09-10","purchased_purges":1,"victory":false,"max_hp_per_floor":[70,70,75,75,75,75,75,75,75,75,75,75,75,75,75,75],"card_choices":[{"not_picked":["Flying Knee","Expertise","Dodge and Roll"],"picked":"SKIP","floor":1},{"not_picked":["Concentrate","Dagger Spray"],"picked":"Cloak And Dagger","floor":5},{"not_picked":["PiercingWail","Tools of the Trade"],"picked":"Backstab","floor":7},{"not_picked":["Outmaneuver","Eviscerate"],"picked":"Acrobatics","floor":8},{"not_picked":["Distraction","Dodge and Roll","Outmaneuver"],"picked":"SKIP","floor":11}],"player_experience":255657,"relics_obtained":[{"floor":7,"key":"Dodecahedron"},{"floor":9,"key":"Paper Crane"}],"event_choices":[{"damage_healed":0,"gold_gain":75,"player_choice":"Gather Gold","damage_taken":11,"max_hp_gain":0,"max_hp_loss":0,"event_name":"World of Goop","floor":2,"gold_loss":0},{"damage_healed":0,"gold_gain":0,"player_choice":"Donut","damage_taken":0,"max_hp_gain":5,"max_hp_loss":0,"event_name":"Big Fish","floor":3,"gold_loss":0},{"cards_removed":["Strike_G"],"damage_healed":0,"gold_gain":0,"player_choice":"Card Removal","damage_taken":7,"max_hp_gain":0,"max_hp_loss":0,"event_name":"Golden Wing","floor":4,"gold_loss":0},{"damage_healed":0,"gold_gain":0,"player_choice":"Entered Light","damage_taken":15,"max_hp_gain":0,"max_hp_loss":0,"event_name":"Shining Light","floor":13,"gold_loss":0,"cards_upgraded":["Defend_G","Strike_G"]},{"damage_healed":0,"gold_gain":0,"player_choice":"Ignored","damage_taken":0,"max_hp_gain":0,"max_hp_loss":0,"event_name":"Liars Game","floor":14,"gold_loss":0}],"is_beta":true,"boss_relics":[],"items_purged_floors":[12],"is_endless":false,"potions_floor_spawned":[7,11],"killed_by":"Hexaghost","ascension_level":3}