{"gold_per_floor":[115,132,150,150,150,179,179,204,204,234,193,213,20,20,20,119,119,132,132,146,146,1,1,1],"floor_reached":24,"playtime":1009,"items_purged":[],"score":290,"play_id":"7fc323a3-912b-4643-9ae7-f8368be12101","local_time":"20191009113333","is_ascension_mode":true,"campfire_choices":[{"data":"Defragment","floor":7,"key":"SMITH"},{"floor":15,"key":"REST"},{"floor":23,"key":"REST"}],"neow_cost":"NONE","seed_source_timestamp":388362183696900,"circlet_count":0,"master_deck":["Defend_B","Defend_B","Defend_B","Zap","Dualcast","Rebound","Cold Snap","Hologram","Defragment+1","Sweeping Beam","Genetic Algorithm","Sunder","Regret","Mayhem","Genetic Algorithm+1","Compile Driver+1","Multi-Cast+1","Blizzard","RitualDagger","Infinite Blades","Bite","Bite","Bite","Bite","Bite"],"relics":["Cracked Core","Potion Belt","FossilizedHelix","PreservedInsect","Sundial","Matryoshka","PrismaticShard","Symbiotic Virus","Astrolabe","DataDisk"],"potions_floor_usage":[6,8],"damage_taken":[{"damage":1,"enemies":"Cultist","floor":1,"turns":4},{"damage":12,"enemies":"Jaw Worm","floor":2,"turns":3},{"damage":0,"enemies":"2 Louse","floor":3,"turns":2},{"damage":35,"enemies":"Gremlin Nob","floor":6,"turns":5},{"damage":4,"enemies":"Lagavulin","floor":8,"turns":5},{"damage":20,"enemies":"3 Sentries","floor":10,"turns":5},{"damage":0,"enemies":"Blue Slaver","floor":12,"turns":2},{"damage":17,"enemies":"Slime Boss","floor":16,"turns":8},{"damage":27,"enemies":"Shell Parasite","floor":18,"turns":4},{"damage":18,"enemies":"2 Thieves","floor":20,"turns":3},{"damage":38,"enemies":"Slavers","floor":24,"turns":2}],"seed_played":"-219355317890452881","potions_obtained":[{"floor":3,"key":"Regen Potion"},{"floor":6,"key":"Block Potion"},{"floor":20,"key":"FearPotion"}],"is_trial":false,"path_per_floor":["M","M","M","?","?","E","R","E","T","E","?","M","$","?","R","B",null,"M","?","M","?","$","R","E"],"character_chosen":"DEFECT","items_purchased":["PrismaticShard","DataDisk"],"campfire_rested":2,"item_purchase_floors":[13,22],"current_hp_per_floor":[81,69,69,69,66,40,40,36,36,16,16,16,16,16,40,23,67,40,34,16,16,16,33,0],"gold":1,"neow_bonus":"TEN_PERCENT_HP_BONUS","is_prod":false,"is_daily":false,"chose_seed":false,"campfire_upgraded":1,"win_rate":0,"timestamp":1570635213,"path_taken":["M","M","M","?","?","E","R","E","T","E","?","M","?","?","R","BOSS","M","?","M","?","?","R","E"],"build_version":"2019-07-17","purchased_purges":0,"victory":false,"max_hp_per_floor":[82,82,82,82,82,82,82,82,82,82,82,82,82,82,82,82,82,82,82,82,57,57,57,57],"card_choices":[{"not_picked":["BootSequence","Leap"],"picked":"Rebound","floor":1},{"not_picked":["Stack","Conserve Battery"],"picked":"Cold Snap","floor":2},{"not_picked":["Beam Cell","Heatsinks"],"picked":"Hologram","floor":3},{"not_picked":["Auto Shields","Reinforced Body"],"picked":"Defragment","floor":6},{"not_picked":["Steam Power","Redo"],"picked":"Sweeping Beam","floor":8},{"not_picked":["Gash","Turbo"],"picked":"Genetic Algorithm","floor":10},{"not_picked":["Hologram","Rebound"],"picked":"Sunder","floor":12},{"not_picked":["Multi-Cast","Panache"],"picked":"Mayhem","floor":16},{"not_picked":["Steam","Clothesline"],"picked":"Blizzard","floor":18},{"not_picked":["Quick Slash","Dagger Throw"],"picked":"Infinite Blades","floor":20}],"player_experience":380728,"relics_obtained":[{"floor":6,"key":"FossilizedHelix"},{"floor":8,"key":"PreservedInsect"},{"floor":9,"key":"Sundial"},{"floor":10,"key":"Matryoshka"}],"event_choices":[{"damage_healed":0,"gold_gain":0,"player_choice":"Ignored","damage_taken":0,"max_hp_gain":0,"max_hp_loss":0,"event_name":"Shining Light","floor":4,"gold_loss":0},{"damage_healed":0,"gold_gain":0,"player_choice":"Success","damage_taken":3,"relics_obtained":["Potion Belt"],"max_hp_gain":0,"max_hp_loss":0,"event_name":"Scrap Ooze","floor":5,"gold_loss":0},{"damage_healed":0,"gold_gain":0,"player_choice":"Left Gold","damage_taken":0,"max_hp_gain":0,"max_hp_loss":0,"event_name":"World of Goop","floor":11,"gold_loss":41},{"damage_healed":0,"gold_gain":0,"player_choice":"Box","damage_taken":0,"relics_obtained":["Symbiotic Virus"],"max_hp_gain":0,"max_hp_loss":0,"event_name":"Big Fish","floor":14,"gold_loss":0,"cards_obtained":["Regret"]},{"damage_healed":0,"gold_gain":0,"player_choice":"Joined the Cult","damage_taken":6,"max_hp_gain":0,"max_hp_loss":0,"event_name":"Nest","floor":19,"gold_loss":0,"cards_obtained":["RitualDagger"]},{"damage_healed":0,"gold_gain":0,"player_choice":"Became a vampire","damage_taken":0,"max_hp_gain":0,"max_hp_loss":25,"event_name":"Vampires","floor":21,"gold_loss":0,"cards_obtained":["Bite","Bite","Bite","Bite","Bite"]}],"is_beta":false,"boss_relics":[{"not_picked":["Ectoplasm","Empty Cage"],"picked":"Astrolabe"}],"items_purged_floors":[],"is_endless":false,"potions_floor_spawned":[3,6,20],"killed_by":"Slavers","ascension_level":5}