{"gold_per_floor":[14,14,29,50,15,15,48,48,74,108,133,133,133,151,151,279,279,279,4,19,19,37,37],"floor_reached":23,"playtime":1437,"items_purged":[],"score":256,"play_id":"9f96a3af-c889-4250-b39e-3e5c9fe1975f","local_time":"20190803230532","is_ascension_mode":true,"campfire_choices":[{"data":"Bouncing Flask","floor":6,"key":"SMITH"},{"floor":8,"key":"REST"},{"data":"Catalyst","floor":12,"key":"SMITH"},{"data":"Cloak And Dagger","floor":15,"key":"SMITH"}],"neow_cost":"NO_GOLD","seed_source_timestamp":448992969122992,"circlet_count":0,"master_deck":["Strike_G","Strike_G","Strike_G","Strike_G","Strike_G","Defend_G","Defend_G","Defend_G","Defend_G","Defend_G","Survivor","Neutralize","Underhanded Strike","Dagger Throw","PiercingWail","Prepared","Bouncing Flask+1","Quick Slash","Catalyst+1","Venomology","Cloak And Dagger+1","Backflip","Accuracy","Deflect","Night Terror","Noxious Fumes","Tactician","Noxious Fumes","Outmaneuver+1","Backstab+1"],"relics":["Ring of the Snake","Prayer Wheel","Golden Idol","Anchor","Omamori","Pear","FaceOfCleric","Eternal Feather","Chemical X"],"potions_floor_usage":[11,16,18,18,22,22,22],"damage_taken":[{"damage":4,"enemies":"Jaw Worm","floor":1,"turns":5},{"damage":0,"enemies":"Small Slimes","floor":3,"turns":5},{"damage":0,"enemies":"2 Louse","floor":4,"turns":2},{"damage":27,"enemies":"3 Sentries","floor":7,"turns":8},{"damage":6,"enemies":"Lagavulin","floor":10,"turns":5},{"damage":0,"enemies":"Red Slaver","floor":11,"turns":3},{"damage":10,"enemies":"Exordium Thugs","floor":14,"turns":5},{"damage":20,"enemies":"The Guardian","floor":16,"turns":8},{"damage":19,"enemies":"3 Byrds","floor":18,"turns":4},{"damage":37,"enemies":"Spheric Guardian","floor":20,"turns":8},{"damage":27,"enemies":"Cultist and Chosen","floor":22,"turns":8},{"damage":10,"enemies":"Gremlin Leader","floor":23,"turns":3}],"seed_played":"4315400175230659888","potions_obtained":[{"floor":1,"key":"GhostInAJar"},{"floor":3,"key":"Fire Potion"},{"floor":7,"key":"SmokeBomb"},{"floor":14,"key":"Regen Potion"},{"floor":20,"key":"AttackPotion"}],"is_trial":false,"path_per_floor":["M","?","M","M","?","R","E","R","T","E","M","R","?","M","R","B",null,"M","$","M","?","M","E"],"character_chosen":"THE_SILENT","items_purchased":["Chemical X","Noxious Fumes"],"campfire_rested":1,"item_purchase_floors":[19,19],"current_hp_per_floor":[66,49,49,49,66,66,39,60,60,64,64,64,64,55,55,51,82,64,64,28,28,2,0],"gold":37,"neow_bonus":"ONE_RARE_RELIC","is_prod":false,"is_daily":false,"chose_seed":false,"campfire_upgraded":3,"win_rate":0,"timestamp":1564898732,"path_taken":["M","?","M","M","?","R","E","R","T","E","M","R","?","?","R","BOSS","M","$","M","?","?","E"],"build_version":"2019-07-17","purchased_purges":0,"victory":false,"max_hp_per_floor":[70,70,70,70,70,70,70,70,70,80,80,80,80,81,81,82,82,83,83,84,84,85,85],"card_choices":[{"not_picked":["Blade Dance","Eviscerate"],"picked":"Underhanded Strike","floor":1},{"not_picked":["Outmaneuver","Acrobatics"],"picked":"Dagger Throw","floor":1},{"not_picked":["Eviscerate","Acrobatics"],"picked":"PiercingWail","floor":3},{"not_picked":["Underhanded Strike","Deadly Poison"],"picked":"Prepared","floor":3},{"not_picked":["Setup","Backflip"],"picked":"Bouncing Flask","floor":4},{"not_picked":["Underhanded Strike","Predator"],"picked":"Quick Slash","floor":4},{"not_picked":["Prepared","Slice"],"picked":"Catalyst","floor":7},{"not_picked":["Underhanded Strike","Bane"],"picked":"Venomology","floor":10},{"not_picked":["Bane","Quick Slash"],"picked":"Cloak And Dagger","floor":11},{"not_picked":["Prepared","Bane"],"picked":"Backflip","floor":11},{"not_picked":["Flying Knee","Quick Slash"],"picked":"Accuracy","floor":14},{"not_picked":["Dagger Throw","Slice"],"picked":"Deflect","floor":14},{"not_picked":["Storm of Steel","Malaise"],"picked":"Night Terror","floor":16},{"not_picked":["Slice","Prepared+1"],"picked":"Tactician","floor":20},{"not_picked":["Outmaneuver","PiercingWail+1","Endless Agony"],"picked":"SKIP","floor":20},{"not_picked":["Dagger Spray","Backflip"],"picked":"Outmaneuver+1","floor":22},{"not_picked":["Deflect","Backstab+1","Slice"],"picked":"SKIP","floor":22},{"not_picked":["Deflect","Slice"],"picked":"Backstab+1","floor":22}],"player_experience":2521516,"relics_obtained":[{"floor":7,"key":"Anchor"},{"floor":9,"key":"Omamori"},{"floor":10,"key":"Pear"}],"event_choices":[{"damage_healed":0,"gold_gain":0,"player_choice":"Take Damage","damage_taken":17,"relics_obtained":["Golden Idol"],"max_hp_gain":0,"max_hp_loss":0,"event_name":"Golden Idol","floor":2,"gold_loss":0},{"damage_healed":17,"gold_gain":0,"player_choice":"Healed","damage_taken":0,"max_hp_gain":0,"max_hp_loss":0,"event_name":"The Cleric","floor":5,"gold_loss":35},{"damage_healed":0,"gold_gain":0,"player_choice":"Trade","damage_taken":0,"relics_obtained":["FaceOfCleric"],"max_hp_gain":0,"max_hp_loss":0,"event_name":"FaceTrader","floor":13,"gold_loss":0},{"damage_healed":0,"gold_gain":0,"player_choice":"Copied","damage_taken":0,"max_hp_gain":0,"max_hp_loss":0,"event_name":"Duplicator","floor":21,"gold_loss":0,"cards_obtained":["Noxious Fumes"]}],"is_beta":false,"boss_relics":[{"not_picked":["Pandora\u0027s Box","Tiny House"],"picked":"Eternal Feather"}],"items_purged_floors":[],"is_endless":false,"potions_floor_spawned":[1,3,7,14,20],"killed_by":"Gremlin Leader","ascension_level":3}