{"gold_per_floor":[112,187,207,157,174,174,209,209,209,209,226,252,267,267],"floor_reached":14,"playtime":628,"items_purged":[],"score":115,"play_id":"071487d2-382e-4b61-87b9-0d02a4f652a6","local_time":"20190803174912","is_ascension_mode":true,"campfire_choices":[{"data":"Bullet Time","floor":6,"key":"SMITH"},{"floor":8,"key":"REST"},{"data":"Poisoned Stab","floor":10,"key":"SMITH"}],"neow_cost":"NONE","seed_source_timestamp":0,"circlet_count":0,"master_deck":["Strike_G","Strike_G","Strike_G","Strike_G","Defend_G","Defend_G","Defend_G","Defend_G","Defend_G","Survivor","Neutralize","Blind","Poisoned Stab+1","Well Laid Plans","Bullet Time+1","Poisoned Stab","Tactician","Blade Dance","Catalyst"],"special_seed":0,"relics":["Ring of the Snake","Sundial","Bottled Tornado","Regal Pillow"],"potions_floor_usage":[13],"damage_taken":[{"damage":1,"enemies":"2 Louse","floor":1,"turns":3},{"damage":0,"enemies":"Jaw Worm","floor":3,"turns":5},{"damage":0,"enemies":"Cultist","floor":5,"turns":4},{"damage":27,"enemies":"3 Sentries","floor":7,"turns":15},{"damage":6,"enemies":"Looter","floor":11,"turns":3},{"damage":42,"enemies":"Gremlin Nob","floor":12,"turns":5},{"damage":0,"enemies":"Gremlin Gang","floor":13,"turns":2},{"damage":5,"enemies":"Large Slime","floor":14,"turns":4}],"seed_played":"5191605732293331964","potions_obtained":[{"floor":7,"key":"Dexterity Potion"},{"floor":12,"key":"SkillPotion"}],"is_trial":false,"path_per_floor":["M","?","M","?","M","R","E","R","T","R","M","E","M","M"],"character_chosen":"THE_SILENT","items_purchased":[],"campfire_rested":1,"item_purchase_floors":[],"current_hp_per_floor":[69,58,58,58,58,58,31,52,52,52,46,4,4,0],"gold":267,"neow_bonus":"RANDOM_COLORLESS","is_prod":false,"is_daily":false,"chose_seed":false,"campfire_upgraded":2,"win_rate":0,"timestamp":1564879752,"path_taken":["M","?","M","?","?","R","E","R","T","R","M","E","M","M"],"build_version":"2019-07-17","purchased_purges":0,"victory":false,"max_hp_per_floor":[70,70,70,70,70,70,70,70,70,70,70,70,70,70],"card_choices":[{"not_picked":["Slice","Eviscerate"],"picked":"Poisoned Stab","floor":1},{"not_picked":["Dash","Acrobatics"],"picked":"Well Laid Plans","floor":3},{"not_picked":["Acrobatics","Concentrate"],"picked":"Bullet Time","floor":5},{"not_picked":["Endless Agony","Quick Slash"],"picked":"Poisoned Stab","floor":7},{"not_picked":["Riddle With Holes","Dagger Spray"],"picked":"Tactician","floor":11},{"not_picked":["Dodge and Roll","Choke"],"picked":"Blade Dance","floor":12},{"not_picked":["Flying Knee","Endless Agony"],"picked":"Catalyst","floor":13}],"player_experience":2515436,"relics_obtained":[{"floor":7,"key":"Sundial"},{"floor":9,"key":"Bottled Tornado"},{"floor":12,"key":"Regal Pillow"}],"event_choices":[{"damage_healed":0,"gold_gain":75,"player_choice":"Gather Gold","damage_taken":11,"max_hp_gain":0,"max_hp_loss":0,"event_name":"World of Goop","floor":2,"gold_loss":0},{"cards_removed":["Strike_G"],"damage_healed":0,"gold_gain":0,"player_choice":"Card Removal","damage_taken":0,"max_hp_gain":0,"max_hp_loss":0,"event_name":"The Cleric","floor":4,"gold_loss":50}],"is_beta":false,"boss_relics":[],"items_purged_floors":[],"is_endless":false,"potions_floor_spawned":[7,12],"killed_by":"Large Slime","ascension_level":3}