{"gold_per_floor":[114,129,144,159,174,204,204,234,259,274,274,44,44,74,74,174,174,189,39,54,69,69,99,99,129,129,159,84,114,114,129,129,229,229,244,259,274,274,0,0,0,30,55,85,85,115,130,160,160,160],"floor_reached":51,"playtime":3517,"items_purged":[],"score":1388,"play_id":"ae56e89a-d6c6-4c3c-a116-1ee718f48b22","local_time":"20191003153730","daily_mods":["Shiny","Hoarder","Elite Swarm"],"is_ascension_mode":false,"campfire_choices":[{"data":"Burst","floor":7,"key":"SMITH"},{"data":"Glass Knife","floor":11,"key":"SMITH"},{"data":"Night Terror","floor":13,"key":"SMITH"},{"data":"A Thousand Cuts","floor":15,"key":"SMITH"},{"data":"After Image","floor":24,"key":"SMITH"},{"data":"Wraith Form v2","floor":30,"key":"SMITH"},{"floor":32,"key":"REST"},{"data":"Apotheosis","floor":40,"key":"SMITH"},{"data":"Wraith Form v2","floor":49,"key":"SMITH"}],"neow_cost":"","seed_source_timestamp":0,"circlet_count":0,"master_deck":["Venomology","Corpse Explosion","Malaise","Phantasmal Killer","Die Die Die","Adrenaline","Envenom","Doppelganger","Burst+1","Wraith Form v2+1","Tools of the Trade","Night Terror+1","Unload","After Image","Bullet Time","Storm of Steel","Glass Knife+1","A Thousand Cuts+1","Grand Finale+1","Backstab","Backstab","Backstab","Poisoned Stab+1","Backflip","Backflip","Backflip","Wraith Form v2+1","Wraith Form v2","Wraith Form v2","Malaise","Malaise","Malaise","Adrenaline","Adrenaline","Adrenaline","Noxious Fumes","Noxious Fumes","Noxious Fumes","Quick Slash","Quick Slash","After Image+1","After Image","After Image","Adrenaline","Adrenaline","Adrenaline","PiercingWail+1","PiercingWail+1","PiercingWail+1","Envenom","Envenom","Envenom","Doppelganger","Doppelganger","Doppelganger","Apotheosis+1","Apotheosis","Apotheosis","Catalyst","Catalyst","Catalyst","Panache","Panache","Panache","Glass Knife+1","Glass Knife+1","Glass Knife+1","Skewer+1","Skewer+1","Skewer+1"],"special_seed":18172,"relics":["Ring of the Snake","Bottled Tornado","Regal Pillow","Whetstone","Chemical X","Blood Vial","Empty Cage","TwistedFunnel","Pear","Ice Cream","Singing Bowl","Bag of Marbles","Tough Bandages","Snecko Eye","Membership Card","Molten Egg 2","Potion Belt","Happy Flower","Ninja Scroll","Ornamental Fan"],"potions_floor_usage":[4,8,14,16,20,23,25,27,29,31,33,35,35,42,44,44,44,47,48,48,50,50,50,50],"damage_taken":[{"damage":0,"enemies":"Cultist","floor":1,"turns":2},{"damage":0,"enemies":"2 Louse","floor":2,"turns":1},{"damage":0,"enemies":"Jaw Worm","floor":3,"turns":1},{"damage":5,"enemies":"Exordium Thugs","floor":4,"turns":2},{"damage":0,"enemies":"3 Louse","floor":5,"turns":1},{"damage":15,"enemies":"Gremlin Nob","floor":6,"turns":3},{"damage":5,"enemies":"3 Sentries","floor":8,"turns":5},{"damage":0,"enemies":"Exordium Wildlife","floor":10,"turns":2},{"damage":0,"enemies":"Gremlin Nob","floor":14,"turns":3},{"damage":0,"enemies":"Slime Boss","floor":16,"turns":6},{"damage":0,"enemies":"Chosen","floor":18,"turns":3},{"damage":0,"enemies":"Shell Parasite","floor":20,"turns":4},{"damage":0,"enemies":"Centurion and Healer","floor":21,"turns":4},{"damage":0,"enemies":"Gremlin Leader","floor":23,"turns":5},{"damage":4,"enemies":"Slavers","floor":25,"turns":4},{"damage":0,"enemies":"Book of Stabbing","floor":27,"turns":5},{"damage":0,"enemies":"Gremlin Leader","floor":29,"turns":5},{"damage":25,"enemies":"Snake Plant","floor":31,"turns":3},{"damage":0,"enemies":"Champ","floor":33,"turns":10},{"damage":8,"enemies":"3 Darklings","floor":35,"turns":3},{"damage":0,"enemies":"Orb Walker","floor":36,"turns":2},{"damage":0,"enemies":"Maw","floor":37,"turns":7},{"damage":0,"enemies":"Giant Head","floor":42,"turns":6},{"damage":0,"enemies":"Reptomancer","floor":44,"turns":5},{"damage":0,"enemies":"Giant Head","floor":46,"turns":6},{"damage":1,"enemies":"Writhing Mass","floor":47,"turns":4},{"damage":3,"enemies":"Nemesis","floor":48,"turns":3},{"damage":27,"enemies":"Awakened One","floor":50,"turns":6}],"seed_played":"5517085277116139961","potions_obtained":[{"floor":1,"key":"Fire Potion"},{"floor":3,"key":"Explosive Potion"},{"floor":6,"key":"Weak Potion"},{"floor":21,"key":"Fire Potion"},{"floor":25,"key":"Dexterity Potion"},{"floor":31,"key":"GhostInAJar"},{"floor":33,"key":"Swift Potion"},{"floor":37,"key":"SteroidPotion"},{"floor":42,"key":"EntropicBrew"},{"floor":47,"key":"Energy Potion"},{"floor":48,"key":"Regen Potion"}],"is_trial":false,"path_per_floor":["M","M","M","M","M","E","R","E","T","M","R","$","R","E","R","B",null,"M","$","M","M","?","E","R","E","T","E","?","E","R","M","R","B",null,"M","M","M","?","$","R","?","E","T","E","$","E","M","E","R","B",null],"character_chosen":"THE_SILENT","items_purchased":["Chemical X","Noxious Fumes","Quick Slash","TwistedFunnel","Membership Card","Catalyst","Panache"],"campfire_rested":1,"item_purchase_floors":[12,12,12,19,39,39,39],"current_hp_per_floor":[70,70,70,65,65,50,50,45,45,45,45,45,45,45,45,47,70,70,70,70,70,70,80,80,76,76,80,80,84,84,61,86,88,88,82,86,90,90,90,90,89,91,91,93,93,93,92,92,92,95],"gold":160,"neow_bonus":"","is_prod":false,"is_daily":true,"chose_seed":false,"campfire_upgraded":8,"win_rate":0,"timestamp":1570135050,"path_taken":["M","M","M","?","?","E","R","E","T","M","R","$","R","E","R","BOSS","M","$","M","M","?","E","R","E","T","E","?","E","R","M","R","BOSS","M","M","M","?","$","R","?","E","T","E","?","E","M","E","R","BOSS"],"build_version":"2019-10-03","purchased_purges":0,"victory":true,"max_hp_per_floor":[70,70,70,70,70,70,70,70,70,70,70,70,70,70,70,70,70,70,70,70,70,70,80,80,80,80,82,82,84,84,86,86,88,88,90,92,94,94,94,94,89,91,91,93,93,93,93,95,95,95],"card_choices":[{"not_picked":["Terror","Blade Dance"],"picked":"Backstab","floor":1},{"not_picked":["Prepared","Tactician"],"picked":"Poisoned Stab","floor":2},{"not_picked":["Eviscerate","Underhanded Strike"],"picked":"Backflip","floor":3},{"not_picked":["Quick Slash","Finisher"],"picked":"Wraith Form v2","floor":4},{"not_picked":["Blade Dance","Backflip","Dodge and Roll"],"picked":"SKIP","floor":5},{"not_picked":["Storm of Steel","Venomology"],"picked":"Malaise","floor":6},{"not_picked":["Grand Finale","Night Terror"],"picked":"Adrenaline","floor":8},{"not_picked":["Outmaneuver","Distraction","Prepared"],"picked":"SKIP","floor":10},{"not_picked":["Doppelganger","Grand Finale"],"picked":"After Image","floor":14},{"not_picked":["Night Terror","Corpse Explosion"],"picked":"Adrenaline","floor":16},{"not_picked":["Leg Sweep","Quick Slash","Deadly Poison"],"picked":"SKIP","floor":18},{"not_picked":["Bane","Riddle With Holes"],"picked":"PiercingWail+1","floor":20},{"not_picked":["Heel Hook","Dagger Throw","Bullet Time"],"picked":"SKIP","floor":21},{"not_picked":["Malaise","Night Terror"],"picked":"Envenom","floor":23},{"not_picked":["After Image","Bullet Time"],"picked":"Doppelganger","floor":25},{"not_picked":["Wraith Form v2","Tools of the Trade","A Thousand Cuts"],"picked":"Singing Bowl","floor":27},{"not_picked":["After Image","Envenom","A Thousand Cuts"],"picked":"Singing Bowl","floor":29},{"not_picked":["Finisher","Underhanded Strike","Poisoned Stab+1"],"picked":"Singing Bowl","floor":31},{"not_picked":["Doppelganger","Night Terror","Envenom"],"picked":"Singing Bowl","floor":33},{"not_picked":["Bane","Caltrops+1","Blade Dance"],"picked":"Singing Bowl","floor":35},{"not_picked":["Cloak And Dagger","Expertise+1","Poisoned Stab+1"],"picked":"Singing Bowl","floor":36},{"not_picked":["Concentrate+1","Cloak And Dagger+1","Setup+1"],"picked":"Singing Bowl","floor":37},{"not_picked":["Master of Strategy","Discovery"],"picked":"Apotheosis","floor":38},{"not_picked":["Burst","Corpse Explosion","Die Die Die"],"picked":"Singing Bowl","floor":42},{"not_picked":["A Thousand Cuts","After Image","Phantasmal Killer"],"picked":"Singing Bowl","floor":44},{"not_picked":["Grand Finale+1","Wraith Form v2"],"picked":"Glass Knife+1","floor":46},{"not_picked":["Riddle With Holes+1","Acrobatics+1"],"picked":"Skewer+1","floor":47},{"not_picked":["Grand Finale+1","A Thousand Cuts","After Image"],"picked":"Singing Bowl","floor":48}],"player_experience":370422,"relics_obtained":[{"floor":6,"key":"Bottled Tornado"},{"floor":8,"key":"Regal Pillow"},{"floor":9,"key":"Whetstone"},{"floor":14,"key":"Blood Vial"},{"floor":23,"key":"Pear"},{"floor":25,"key":"Ice Cream"},{"floor":26,"key":"Singing Bowl"},{"floor":27,"key":"Bag of Marbles"},{"floor":29,"key":"Tough Bandages"},{"floor":42,"key":"Molten Egg 2"},{"floor":43,"key":"Potion Belt"},{"floor":44,"key":"Happy Flower"},{"floor":46,"key":"Ninja Scroll"},{"floor":48,"key":"Ornamental Fan"}],"event_choices":[{"damage_healed":0,"gold_gain":0,"player_choice":"Ignored","damage_taken":0,"max_hp_gain":0,"max_hp_loss":0,"event_name":"Ghosts","floor":22,"gold_loss":0},{"cards_removed":["Quick Slash"],"damage_healed":0,"gold_gain":0,"player_choice":"Gave Gold","damage_taken":0,"max_hp_gain":0,"max_hp_loss":0,"event_name":"Beggar","floor":28,"gold_loss":75},{"damage_healed":0,"gold_gain":0,"player_choice":"Memory 1","damage_taken":0,"max_hp_gain":0,"max_hp_loss":0,"event_name":"SensoryStone","floor":38,"gold_loss":0},{"damage_healed":0,"gold_gain":0,"player_choice":"Max HP","damage_taken":0,"max_hp_gain":0,"max_hp_loss":5,"event_name":"Winding Halls","floor":41,"gold_loss":0}],"is_beta":true,"boss_relics":[{"not_picked":["HoveringKite","Velvet Choker"],"picked":"Empty Cage"},{"not_picked":["Runic Dome","Philosopher\u0027s Stone"],"picked":"Snecko Eye"}],"items_purged_floors":[],"is_endless":false,"potions_floor_spawned":[1,3,6,8,14,21,23,25,31,33,37,42,47,48],"ascension_level":0}