{"path_per_floor":["M","$","?","M","M","R","M","$","T","M","R","M","R","M","R","B",null,"M","?","?","M","?","R","M","R","T","M","R","E","?","$","R","B",null,"M","?","M","$","M","M","M","M","T","?","R","M","M","?","R"],"character_chosen":"THE_SILENT","items_purchased":["Poisoned Stab","Ancient Tea Set"],"gold_per_floor":[109,34,34,49,66,66,36,36,36,55,55,71,71,89,89,190,190,208,208,208,228,228,228,246,246,273,287,287,322,322,41,41,139,139,155,155,175,175,189,205,224,239,312,312,312,327,345,345,345,345],"floor_reached":50,"campfire_rested":2,"playtime":3691,"current_hp_per_floor":[70,70,56,51,51,51,51,51,51,51,51,47,47,43,43,26,70,62,62,62,61,61,61,57,57,57,49,70,54,54,54,54,46,70,70,70,62,62,62,46,44,30,30,30,30,27,28,28,49,0],"items_purged":["Strike_G","Strike_G"],"gold":345,"score":456,"play_id":"9e499a6c-58d5-496b-b913-2181ac78d602","local_time":"20180520153802","is_prod":false,"is_daily":false,"chose_seed":false,"is_ascension_mode":false,"campfire_upgraded":8,"timestamp":1526855882,"campfire_choices":[{"data":"Footwork","floor":6,"key":"SMITH"},{"data":"Noxious Fumes","floor":11,"key":"SMITH"},{"data":"Survivor","floor":13,"key":"SMITH"},{"data":"Burst","floor":15,"key":"SMITH"},{"data":"Crippling Poison","floor":23,"key":"SMITH"},{"data":"Deadly Poison","floor":25,"key":"SMITH"},{"floor":28,"key":"REST"},{"data":"Adrenaline","floor":32,"key":"SMITH"},{"data":"Bullet Time","floor":45,"key":"SMITH"},{"floor":49,"key":"REST"}],"path_taken":["M","$","?","M","M","R","M","$","T","M","R","M","R","M","R","BOSS","M","?","?","M","?","R","M","R","T","M","R","E","?","$","R","BOSS","M","?","M","$","M","M","M","M","T","?","R","M","M","?","R","BOSS"],"build_version":"2018-05-17","seed_source_timestamp":52224735298464,"purchased_purges":3,"victory":false,"master_deck":["Survivor+1","Neutralize","Well Laid Plans","Footwork+1","Noxious Fumes+1","Crippling Poison+1","Burst+1","Adrenaline+1","Bouncing Flask+1","Deadly Poison+1","All Out Attack","Escape Plan","Poisoned Stab","Bullet Time+1","Deflect","Sucker Punch","Poisoned Stab","Bouncing Flask","Setup","PiercingWail","Blade Dance","PiercingWail","Blur+1","Master of Strategy","Backflip+1","Cloak And Dagger+1","Heel Hook+1","Leg Sweep"],"max_hp_per_floor":[70,70,70,70,70,70,70,70,70,70,70,70,70,70,70,70,70,70,70,70,70,70,70,70,70,70,70,70,70,70,70,70,70,70,70,70,70,70,70,70,70,70,70,70,70,70,70,70,70,70],"relics":["Ring of the Snake","Orichalcum","Centennial Puzzle","Lizard Tail","Bronze Scales","Shovel","Ancient Tea Set","Pandora\u0027s Box","Meat on the Bone"],"card_choices":[{"not_picked":["PiercingWail","Deflect","Dodge and Roll"],"picked":"SKIP","floor":1},{"not_picked":["Dodge and Roll","Dagger Throw"],"picked":"Well Laid Plans","floor":4},{"not_picked":["Poisoned Stab","Deadly Poison"],"picked":"Footwork","floor":5},{"not_picked":["Deadly Poison","Underhanded Strike"],"picked":"Noxious Fumes","floor":7},{"not_picked":["Flying Knee","Dash"],"picked":"Crippling Poison","floor":10},{"not_picked":["Crippling Poison","Flying Knee"],"picked":"Burst","floor":12},{"not_picked":["Flechettes","Heel Hook","PiercingWail"],"picked":"SKIP","floor":14},{"not_picked":["A Thousand Cuts","Tactician"],"picked":"Adrenaline","floor":16},{"not_picked":["Flying Knee+1","Prepared"],"picked":"Bouncing Flask+1","floor":18},{"not_picked":["Deflect","Footwork+1","Underhanded Strike+1"],"picked":"SKIP","floor":21},{"not_picked":["Setup+1","Outmaneuver"],"picked":"Escape Plan","floor":24},{"not_picked":["Outmaneuver","Slice","Dagger Spray"],"picked":"SKIP","floor":27},{"not_picked":["Riddle With Holes+1","Distraction","Backstab"],"picked":"SKIP","floor":29},{"not_picked":["Venomology","A Thousand Cuts"],"picked":"Bullet Time","floor":33},{"not_picked":["Crippling Poison+1","Outmaneuver+1"],"picked":"Blur+1","floor":35},{"not_picked":["Trip","Secret Technique"],"picked":"Master of Strategy","floor":36},{"not_picked":["Dagger Throw+1","Outmaneuver+1"],"picked":"Backflip+1","floor":37},{"not_picked":["Choke","Quick Slash","Dagger Throw"],"picked":"SKIP","floor":39},{"not_picked":["Malaise+1","Deflect+1","Dagger Throw"],"picked":"SKIP","floor":40},{"not_picked":["Riddle With Holes+1","Poisoned Stab+1"],"picked":"Cloak And Dagger+1","floor":41},{"not_picked":["Slice","Blade Dance+1","Dodge and Roll+1"],"picked":"SKIP","floor":42},{"not_picked":["Dagger Throw+1","Bane+1"],"picked":"Heel Hook+1","floor":46},{"not_picked":["Underhanded Strike","Deflect+1"],"picked":"Leg Sweep","floor":47}],"player_experience":256087,"potions_floor_usage":[16,18,33,46,50,50],"damage_taken":[{"damage":0,"enemies":"2 Louse","floor":1,"turns":3},{"damage":5,"enemies":"Jaw Worm","floor":4,"turns":5},{"damage":0,"enemies":"Small Slimes","floor":5,"turns":5},{"damage":0,"enemies":"Looter","floor":7,"turns":4},{"damage":0,"enemies":"Large Slime","floor":10,"turns":6},{"damage":4,"enemies":"Blue Slaver","floor":12,"turns":5},{"damage":4,"enemies":"3 Louse","floor":14,"turns":4},{"damage":17,"enemies":"Hexaghost","floor":16,"turns":12},{"damage":8,"enemies":"2 Thieves","floor":18,"turns":4},{"damage":1,"enemies":"Spheric Guardian","floor":21,"turns":3},{"damage":4,"enemies":"Cultist and Chosen","floor":24,"turns":6},{"damage":8,"enemies":"Sentry and Sphere","floor":27,"turns":4},{"damage":16,"enemies":"Slavers","floor":29,"turns":3},{"damage":8,"enemies":"Automaton","floor":33,"turns":6},{"damage":0,"enemies":"3 Shapes","floor":35,"turns":3},{"damage":8,"enemies":"Orb Walker","floor":37,"turns":3},{"damage":0,"enemies":"Sphere and 2 Shapes","floor":39,"turns":5},{"damage":16,"enemies":"Maw","floor":40,"turns":5},{"damage":2,"enemies":"3 Darklings","floor":41,"turns":4},{"damage":14,"enemies":"Sphere and 2 Shapes","floor":42,"turns":5},{"damage":15,"enemies":"Maw","floor":46,"turns":6},{"damage":11,"enemies":"4 Shapes","floor":47,"turns":3},{"damage":93,"enemies":"Time Eater","floor":50,"turns":11}],"relics_obtained":[{"floor":9,"key":"Centennial Puzzle"},{"floor":26,"key":"Bronze Scales"},{"floor":29,"key":"Shovel"},{"floor":43,"key":"Meat on the Bone"}],"event_choices":[{"event_name":"Shining Light","player_choice":"Entered Light","floor":3,"damage_taken":0},{"event_name":"The Library","player_choice":"Read","floor":19,"damage_taken":0},{"event_name":"Ghosts","player_choice":"Ignored","floor":20,"damage_taken":0},{"event_name":"Match and Keep!","player_choice":"1 cards matched","floor":22,"damage_taken":0},{"event_name":"The Mausoleum","player_choice":"No","floor":30,"damage_taken":0},{"event_name":"SensoryStone","player_choice":"Memory 1","floor":36,"damage_taken":0},{"event_name":"The Moai Head","player_choice":"Ignored","floor":44,"damage_taken":0},{"event_name":"Mysterious Sphere","player_choice":"Ignore","floor":48,"damage_taken":0}],"boss_relics":[{"not_picked":["Philosopher\u0027s Stone","Cursed Key"],"picked":"Lizard Tail"},{"not_picked":["Orrery","Black Star"],"picked":"Pandora\u0027s Box"}],"potions_floor_spawned":[12,16,21,27,29,35,37,41,42,46],"seed_played":"-1155404626815129962","killed_by":"Time Eater","ascension_level":0,"potions_obtained":[{"floor":12,"key":"EntropicBrew"},{"floor":21,"key":"Strength Potion"},{"floor":27,"key":"Weak Potion"},{"floor":35,"key":"Swift Potion"},{"floor":37,"key":"Dexterity Potion"},{"floor":46,"key":"Fire Potion"}],"is_trial":false}